2348 4162
206 215 268 283 194
448 215 493 272 De
510 230 593 272 servo
612 214 727 274 arbitrio
744 215 778 271 Ι).
797 215 833 271 ll.
852 216 883 273 L.

287 383 357 445 Non
379 382 457 444 haec
479 383 572 461 dico,
604 383 687 464 quod
712 383 923 465 sophistarum
945 385 1132 447 sententiam

205 460 246 529 'de
263 467 360 529 libero
383 467 508 528 arbitrio
531 465 675 547 probem,
697 467 751 529 aed
784 466 867 548 quod
890 467 1132 530 tolerabiliorem

206 570 276 613 esse
298 550 407 610 ducam
430 569 524 630 quum
541 550 683 629 Erasmi,
715 554 840 632 propius
875 553 956 613 enini
978 551 1133 613 accedunt

206 634 246 696 ad
268 635 438 695 veritatem.
461 633 531 694 Non
557 634 637 694 enim
660 634 704 694 illi
725 633 851 695 liberum
881 635 1050 713 arbitrium,
1074 634 1133 694 sic-

206 725 240 779 ut
268 735 344 798 ego,
373 717 445 776 nibil
483 736 552 777 esse
573 716 699 796 dicunt,
728 724 829 778 tamen
854 737 922 779 cum
943 719 1013 778 sine
1033 717 1134 799 gratia

205 803 305 882 ipsum
323 799 396 861 nihil
407 818 500 880 possa
513 800 629 878 dicunt,
647 803 825 880 praesertim
840 801 985 882 Magister
1006 807 1133 861 senten·

207 887 327 964 tiorum,
350 889 489 963 pugnant
500 882 641 964 Eraemo,
662 884 726 944 imo
739 883 878 944 videntur
891 884 949 944 sibi
970 885 1047 965 ipsis
1060 901 1133 964 quo·

207 986 267 1047 quo
289 986 427 1046 pugnare
468 972 499 1026 et
531 966 598 1027 sola
631 967 716 1026 verbi
744 969 955 1029 controversia
985 966 1134 1047 torqueri,

208 1049 414 1112 contentionis
437 1048 611 1129 cupidiores
641 1067 732 1129 quam
756 1052 909 1130 veritatis,
942 1050 1022 1110 sicut
1043 1049 1134 1110 decet

207 1134 378 1213 Sophistas.
419 1129 500 1193 Nam
521 1131 604 1210 finge
627 1134 698 1193 mihi
721 1132 898 1213 sophistam
922 1133 1049 1194 minima
1071 1150 1132 1193 mo·

207 1217 269 1277 lum
293 1216 368 1292 dari,
390 1234 459 1275 curo
483 1234 544 1295 quo
567 1223 704 1276 semotus
725 1216 865 1276 familiari
887 1215 1048 1296 colloquio
1071 1216 1131 1275 istu

209 1301 378 1361 conferrem
402 1306 433 1358 et
464 1298 627 1358 candidum
651 1317 688 1359 ac
709 1299 837 1359 liberum
858 1299 1005 1360 iudicium
1028 1307 1132 1379 postu·

207 1383 303 1443 larem
325 1385 355 1441 in
379 1382 460 1441 hune
481 1381 623 1443 modurn:
645 1381 677 1442 si
700 1383 851 1463 quispiam
874 1382 928 1442 tibi
950 1381 981 1442 id
1004 1382 1131 1443 liberum

209 1485 278 1526 esse
300 1464 431 1545 diceret,
455 1463 537 1544 quod
559 1484 615 1524 ena
638 1467 749 1526 virtuto
782 1484 845 1527 nou
867 1466 926 1525 nisi
947 1466 979 1525 in
1003 1464 1131 1525 alteram

208 1558 325 1629 partem
349 1549 462 1628 possit,
485 1548 603 1607 seilicet
623 1549 654 1607 in
677 1549 815 1628 malam,
842 1549 872 1607 in
895 1549 1025 1608 alteram
1048 1565 1131 1627 vero,

208 1650 320 1711 nempe
343 1633 372 1691 io
397 1631 509 1691 bonam
534 1639 664 1710 partem,
694 1633 791 1711 possit
812 1630 954 1711 quidem,
991 1630 1047 1691 aed
1071 1648 1132 1692 non

209 1733 267 1777 sua
289 1716 414 1792 virtute,
447 1716 508 1774 irno
536 1714 661 1774 alterius
684 1714 831 1774 duntaxat
853 1714 993 1790 auxilio,
1031 1713 1132 1793 possis

210 1800 302 1858 stiam
324 1804 430 1859 tenere
452 1798 560 1873 risum,
583 1796 702 1857 amice?
752 1795 832 1860 Nam
856 1799 901 1857 sic
925 1796 1058 1876 lapidem
1083 1801 1135 1867 aut

210 1890 349 1942 truncum
382 1880 472 1940 facile
495 1880 640 1940 obtinebo
668 1879 780 1940 babere
809 1880 935 1941 liberum
966 1879 1133 1962 arbitrium,

211 1974 244 2025 ut
266 1965 316 2044 qui
339 1972 369 2023 et
391 1983 509 2022 sursum
532 1973 563 2023 et
585 1963 726 2023 deorsum
742 1983 869 2043 vergere
888 1968 1002 2042 potest,
1026 1963 1082 2022 sed
1104 1962 1134 2022 vi

211 2067 267 2108 sua
290 2066 349 2106 non
374 2047 429 2105 nisi
454 2047 619 2122 deorsum,
652 2046 775 2106 alteriue
798 2064 871 2107 vero
895 2047 994 2107 solum
1018 2045 1133 2107 auxilio

211 2149 341 2192 sursum.
378 2130 417 2188 Et
440 2138 585 2209 utsupra
607 2129 679 2206 dixi,
703 2131 826 2189 tandem
849 2129 987 2189 dicemus
1009 2130 1133 2190 inverso

212 2216 347 2275 omnium
370 2213 541 2291 linguarum
561 2214 766 2273 etverborum
792 2233 863 2273 usn:
884 2210 994 2274 Nullus
1010 2220 1058 2273 est
1072 2231 1134 2274 om·

210 2317 276 2372 nes,
289 2296 368 2356 Nihil
382 2309 429 2354 eat
447 2297 560 2370 omnia,
575 2295 737 2358 relerendo
750 2296 879 2375 aiterum
896 2297 1006 2355 adrem
1023 2298 1132 2375 ipsam,

211 2379 338 2439 alterum
349 2379 386 2438 ad
396 2379 537 2456 alienam,
546 2378 743 2458 quaeudesee
758 2379 857 2439 sibiet
873 2379 1014 2439 accidere
1026 2379 1134 2459 possit

295 2463 346 2523 Sic
378 2473 409 2522 et
438 2462 563 2521 liberum
598 2462 753 2521 arbitrium
791 2464 916 2522 nimium
949 2462 1133 2542 disputando

211 2545 333 2606 tandem
356 2565 412 2625 per
433 2546 576 2605 accidens
600 2545 727 2606 liberum
740 2545 864 2619 iaciunt,
887 2553 920 2604 ut
941 2545 1024 2625 quod
1038 2544 1137 2625 possit

211 2629 331 2689 liberari
356 2628 521 2707 aliquando
551 2630 729 2707 paralium.
783 2628 931 2705 Quaestio
962 2636 1066 2689 autem
1090 2634 1136 2689 est

211 2733 265 2792 per
287 2731 320 2772 aa
343 2722 373 2770 et
396 2713 435 2771 de
457 2713 629 2771 substantia
656 2711 801 2771 libertatis
829 2712 953 2776 arbitrii.
995 2710 1084 2772 Haeo
1109 2710 1135 2771 sl

211 2795 361 2855 solvenda
383 2806 438 2873 est,
462 2795 533 2853 nihil
557 2795 614 2853 niel
635 2796 734 2853 inanis
758 2814 820 2855 vox
844 2795 929 2854 liberi
953 2793 1069 2854 arbitrii
1091 2812 1134 2854 re·

210 2879 295 2959 liqna
317 2877 359 2953 iit,
381 2878 485 2954 velint,
510 2879 616 2940 nolint.
661 2876 814 2937 Deficiunt
836 2886 866 2937 et
886 2880 916 2937 in
940 2877 1000 2938 hoo
1022 2875 1134 2957 Sopbi-

212 2969 294 3036 atae,
327 2961 408 3039 quod
443 2960 540 3021 libero
564 2961 687 3020 arbitrio
718 2962 778 3020 vim
806 2960 999 3020 discernendi
1022 2958 1137 3021 boola

213 3044 294 3104 malo
317 3046 467 3118 tribuunt,
486 3045 558 3103 item
577 3046 842 3124 regenerationem
857 3053 887 3104 et
903 3045 1134 3105 innovationem

212 3129 334 3207 spiritns
368 3138 529 3207 premunt,
566 3146 603 3187 ac
635 3126 720 3186 velut
741 3137 867 3187 externe
893 3128 1041 3187 auxilium
1062 3122 1136 3186 illud

212 3212 345 3272 alienum
368 3212 411 3270 illi
433 3211 597 3288 attingunt,
626 3210 663 3269 ds
693 3229 754 3289 quo
783 3220 902 3290 postea.
961 3209 1024 3271 Sed
1058 3210 1136 3271 baso

213 3296 251 3356 de
284 3293 461 3355 delinitione
492 3295 575 3356 satis.
630 3293 719 3353 Nunc
750 3300 931 3374 argumenta
964 3294 1135 3375 videamur,

211 3378 353 3439 iollatura
376 3380 496 3437 inanem
517 3376 602 3436 illurn
626 3376 780 3437 voculam.

295 3462 427 3521 Primum
451 3468 498 3520 est
520 3460 594 3519 illud
619 3459 825 3519 Ecclesiastici
841 3457 895 3523 lbz
920 3456 1007 3519 Deus
1029 3458 1069 3520 ab
1082 3458 1136 3519 iui-

212 3546 255 3607 tio
279 3544 436 3605 constituit
467 3543 645 3623 bominem,
679 3552 709 3603 et
730 3543 852 3623 reliquit
882 3541 1023 3603 illumin
1045 3560 1137 3603 mauu

214 3627 332 3688 consilii
355 3631 411 3690 sui.
455 3627 577 3687 Adiecit
598 3627 741 3687 mandata
764 3635 794 3686 et
816 3634 984 3706 praecepta
1006 3644 1080 3689 sua:
1104 3622 1136 3687 oi

214 3712 346 3774 volueris
367 3710 514 3772 mandata
535 3728 730 3791 conservare,
752 3709 980 3772 conservabunt
995 3716 1037 3791 te,
1061 3708 1136 3773 etin
