2348 4162
233 276 257 321 c.
275 258 543 336 percuperent.
561 268 650 323 const.
669 258 829 323 asserenda.
925 262 987 331 483

65 458 134 502 cum
158 439 314 521 Scriptura
349 444 401 500 aut
433 445 561 503 externo
592 439 697 504 verbo.
740 441 799 502 Hic
826 447 872 502 est
899 447 989 502 vetus

63 524 116 586 illc
138 531 262 585 satanas
286 542 324 585 ac
345 542 482 603 serpens,
506 526 556 604 qui
569 525 660 585 etiam
673 525 825 585 Adamum
848 525 987 585 ctEvam

65 609 95 668 in
119 607 361 668 enthusiasmum
384 607 526 687 perduxit
549 615 580 669 et
601 607 639 669 ab
662 611 789 670 externo
813 608 870 668 Dei
892 609 986 670 verbo

64 691 103 751 ad
126 691 370 771 spiritualitatem
394 697 425 750 et
445 693 584 771 proprias
608 692 770 771 opiniones
792 690 934 768 abduxit,
958 697 989 752 et

65 780 167 835 tumen
189 773 220 834 id
234 774 347 855 agebat
368 774 458 832 etiam
472 794 526 854 per
548 775 608 835 alia
621 774 861 854 externaverba,
885 793 987 854 quem·

65 857 234 918 admodum
256 865 285 917 et
308 859 403 916 nostri
426 857 635 918 enthusiastae
657 858 803 918 damnant
825 865 986 918 externum

66 940 193 1001 verbum
217 946 247 1000 et
268 941 325 1019 ipsi
348 947 450 999 tamen
473 959 535 1000 non
559 948 671 1021 tacent,
694 941 747 1001 sed
765 941 910 1001 mundum
933 942 986 1001 im·

64 1024 151 1104 plent
173 1042 229 1083 suc
250 1021 428 1103 garrulitate
450 1030 481 1083 et
501 1026 638 1104 scriptis,
670 1025 756 1103 quasi
779 1025 901 1104 spiritus
923 1042 985 1083 non

63 1107 163 1188 possit
185 1125 240 1186 per
252 1105 464 1186 apostolorum
476 1108 589 1187 scripta
612 1114 664 1170 aut
675 1115 834 1167 externum
859 1106 984 1167 verbum

63 1190 180 1266 venire,
203 1188 257 1249 sed
281 1196 398 1249 tantum
421 1188 596 1269 perborum
611 1192 726 1271 scripta
742 1197 772 1251 et
794 1189 896 1254 verba.
927 1189 987 1251 Cur

63 1291 127 1332 non
141 1273 284 1332 omittunt
304 1273 396 1331 etiam
409 1292 480 1332 suas
491 1276 668 1350 conciones,
691 1273 850 1334 donecille
864 1274 987 1352 spiritus

64 1356 183 1435 absque
203 1355 325 1415 illorum
354 1357 475 1434 scriptis
498 1363 529 1416 et
561 1361 633 1416 ante
657 1357 771 1436 scripta
792 1358 822 1416 in
844 1356 985 1417 homines

62 1440 184 1519 veniat,
206 1437 465 1517 quemadmodum
495 1439 664 1518 gloriantur
686 1459 754 1499 eum
777 1441 806 1498 in
829 1441 914 1519 ipsos
937 1458 986 1499 ve-

63 1524 147 1582 nisse
175 1522 291 1600 absque
314 1521 543 1600 prcedicaticne
565 1521 755 1602 Scripturas,
788 1523 841 1581 sed
875 1521 914 1582 de
935 1522 983 1583 bis

63 1625 127 1666 non
150 1612 197 1665 est
218 1605 303 1664 locus
325 1605 386 1664 iam
409 1604 594 1685 disputandi.
638 1604 717 1679 Quin
740 1605 783 1664 illi
808 1606 910 1683 etiam,
933 1606 984 1683 qui

63 1694 137 1750 ente
159 1688 341 1768 baptismum
365 1687 493 1748 credunt
520 1689 624 1747 autin
649 1688 800 1767 baptismo
822 1686 914 1748 fidem
937 1707 985 1747 ac·

62 1772 197 1851 cipiunt,
226 1770 340 1830 habeut
361 1770 421 1830 hoc
454 1789 509 1850 per
531 1778 691 1831 externum
714 1771 839 1831 verbnm
862 1789 982 1850 praece·

63 1855 151 1935 dens,
174 1855 253 1913 sicut
273 1872 402 1913 necesse
424 1863 478 1925 est,
503 1852 634 1930 adultos,
658 1854 708 1932 qui
731 1855 791 1914 iam
803 1854 985 1934 intelligunt,

62 1939 147 2018 prius
170 1937 324 1997 audivisse
345 1937 405 1996 hoc
427 1937 566 1996 verbum:
597 1935 656 2010 Qui
679 1935 839 1997 crediderit
862 1943 892 1996 et
914 1936 986 2017 bap·

62 2022 174 2081 tinctus
195 2021 293 2096 fuerit,
317 2020 419 2079 salvus
442 2022 507 2096 erit,
530 2021 649 2079 etiamsi
672 2021 758 2080 initio
772 2018 912 2080 infideles
934 2019 984 2079 de-

61 2121 131 2164 cem
154 2104 242 2164 annis
276 2109 348 2183 post
383 2104 535 2183 accipiant
559 2103 702 2183 Spiritum
737 2109 768 2163 et
789 2101 983 2183 baptismum.

60 2187 103 2247 Et
126 2185 296 2266 Cornelius,
321 2188 463 2264 Act.10,
497 2185 593 2247 multo
629 2193 701 2246 ante
724 2186 882 2246 audiverat
904 2185 985 2266 apud

61 2269 197 2332 ludaeos
234 2268 272 2329 de
299 2275 427 2329 venturo
452 2269 571 2329 Christo
603 2277 633 2329 et
652 2269 784 2345 Messio,
817 2287 985 2348 perquem

60 2355 131 2433 ipse
153 2371 255 2413 coram
280 2353 345 2412 Deo
367 2353 474 2430 iustus,
498 2353 692 2431 precationes
715 2360 745 2411 et
767 2351 985 2430 eleemosynae

62 2439 128 2496 eius
151 2443 298 2515 acceptae
321 2443 408 2495 erunt
429 2436 460 2494 iu
483 2435 536 2494 teli
559 2434 634 2509 fide,
662 2435 741 2494 sicut
762 2434 860 2494 Lucas
882 2435 986 2514 appel·
1028 2429 1031 2434 ’

61 2519 197 2579 luteum
224 2521 337 2578 iustum
367 2526 397 2577 et
417 2519 511 2597 pium.
554 2517 661 2595 Neque
691 2523 813 2596 poterat
845 2519 910 2576 sine
932 2516 985 2576 tali

63 2602 160 2662 verbo
184 2608 213 2661 et
236 2602 340 2661 auditu
362 2601 486 2661 credere
498 2606 549 2660 ant
562 2598 728 2661 iustificari.
772 2600 987 2660 ideonecesse

60 2685 133 2761 fuit,
161 2692 194 2744 ut
215 2683 245 2746 S.
268 2684 375 2744 Petrus
403 2685 445 2744 illi
474 2683 625 2744 revelaret
645 2680 809 2762 Messium,
840 2684 871 2742 in
894 2701 986 2761 quem

61 2767 200 2829 nondum
235 2767 403 2827 exhibitum
426 2766 465 2826 ad
487 2765 561 2827 illud
585 2785 681 2845 usque
706 2772 826 2845 tempus
850 2764 985 2825 credide-

60 2855 120 2926 rat,
141 2852 203 2911 iam
226 2852 357 2928 venisse,
378 2859 461 2910 utne
479 2869 546 2910 cum
560 2849 734 2909 infidelibus
757 2856 788 2909 et
810 2849 985 2909 obcaecatis

62 2933 182 2995 ludaeis
216 2933 367 2995 Christum
404 2932 505 2993 adhuc
537 2940 698 2993 venturum
733 2951 802 2991 esse
839 2930 987 3011 crederet,

61 3017 118 3078 sed
140 3023 174 3078 nt
195 3018 300 3096 sciret,
324 3017 381 3076 sibi
403 3024 558 3077 aeternum
581 3016 712 3076 salutem
736 3014 986 3094 consequendam

62 3119 134 3162 esse
156 3119 210 3180 per
230 3107 424 3181 praesentem
446 3100 599 3178 Messinm,
622 3117 680 3158 nec
704 3117 771 3158 cum
785 3117 853 3157 cum
866 3098 986 3159 ludaeis

62 3183 238 3263 negandum
269 3189 321 3244 aut
348 3181 603 3263 persequendum.
648 3180 708 3241 Sed
737 3188 771 3241 ut
797 3201 861 3241 rem
884 3179 986 3242 conic-

61 3287 128 3328 ram
150 3268 180 3326 in
204 3285 313 3347 pauca,
337 3266 562 3326 enthusiasmos
588 3266 647 3325 iste
669 3266 699 3323 in
725 3263 844 3324 Adamc
867 3265 986 3323 eteius

61 3350 133 3411 filiis
156 3351 194 3410 ab
216 3351 303 3411 initio
327 3369 423 3430 usque
446 3348 484 3409 ad
509 3348 601 3409 finem
624 3346 729 3408 mundi
751 3366 806 3426 per
828 3348 986 3425 antiquum

62 3436 230 3495 draconem
263 3435 299 3493 iis
321 3433 451 3511 inditus,
479 3439 587 3511 estque
609 3432 706 3509 origo,
730 3433 775 3489 vis
797 3438 827 3489 et
848 3430 986 3510 potentia

63 3517 164 3580 omnis
200 3516 334 3577 haeresis
362 3525 392 3577 et
420 3521 552 3596 papatus
588 3523 618 3575 ct
645 3512 840 3575 Mohcmetis.
884 3511 987 3586 Quare

62 3601 154 3662 nobis
176 3601 369 3660 statuendum
393 3607 449 3681 est,
472 3599 569 3659 Deum
594 3617 656 3658 non
680 3604 818 3656 acturum
832 3615 901 3656 esse
917 3614 986 3657 cum

62 3682 249 3760 bominibus,
279 3685 336 3744 nisi
369 3702 532 3763 persuum
556 3689 716 3741 externum
739 3679 865 3740 verbum
888 3686 919 3738 et
941 3697 987 3739 sc·

63 3772 264 3832 crumentum.
307 3766 460 3849 Quicquid
485 3773 586 3827 autem
610 3765 676 3825 sine
698 3763 792 3824 verbo
823 3770 854 3824 et
882 3780 986 3824 sacra·

712 3844 777 3917 31*
