2348 4162
107 262 110 267 ·
192 229 265 301 {³20
492 229 683 294 Praefationes
701 229 791 292 latr.
809 229 842 286 L.

202 409 233 466 et
254 401 381 464 omnino
415 399 526 481 dignos
545 399 706 478 iudicavi,
739 400 790 480 qui
812 399 993 479 ederentur,
1027 401 1123 480 siqui

203 486 282 549 torte
305 482 353 569 (id
375 483 458 563 quod
479 483 565 545 Deua
587 484 682 561 faxit)
706 482 982 564 adpoenitentr'am
1007 504 1123 566 pereos

201 570 393 633 reuocentur.
437 566 515 629 Nam
538 568 598 628 hoc
620 569 789 629 necessitas
813 567 902 628 lateri
924 569 1022 650 cogit,
1046 567 1123 649 quod

113 678 115 687 Α
202 659 234 715 et
253 652 394 723 Brentius
418 657 449 712 et
469 668 528 713 nos
541 668 648 711 omnes
662 650 792 712 libenter
805 651 1041 713 consuleremus
1053 653 1123 733 peri·

200 741 287 798 turae
308 733 511 813 Germaniae,
544 752 719 813 quanquam
741 753 867 806 vereor„
894 754 935 795 nc>
956 735 1069 797 trustra
1091 737 1123 797 sit

190 823 331 884 ¹conatus
345 823 472 898 ,nostem
507 823 539 879 et
565 817 698 879 indurati
721 835 758 877 ac
781 818 954 897 pertinaces
977 818 1021 879 illi
1044 819 1122 882 breri

203 907 339 963 nostram
365 900 555 980 prophetiam
569 900 719 962 delatura
732 899 917 978 calamitate,
938 921 1034 980 quam
1048 921 1123 964 nunc

200 984 303 1046 rident
324 990 377 1045 aut
388 1003 496 1044 secure
508 984 677 1064 negligunt,
700 984 762 1044 sint
773 984 983 1045 confirmaturi
996 993 1028 1046 et
1042 992 1122 1067 turpe

201 1067 275 1129 illud
297 1068 507 1148 poenitentiae
529 1086 651 1128 carmen
682 1069 850 1128 cantaturi:
882 1067 953 1130 lilon
976 1075 1122 1151 putaram,

202 1171 264 1212 non
288 1146 475 1213 credideram
489 1149 533 1231 ¹).
725 1209 729 1214 .

284 1232 472 1294 Dedicerunt
491 1235 553 1294 iarn
574 1253 613 1294 ex
634 1232 735 1312 nobis,
757 1233 838 1313 quod
854 1235 1054 1314 magistratus
1067 1235 1123 1297 sint

200 1316 340 1395 colendi,
367 1322 474 1396 utpote
496 1336 576 1397 quos
600 1315 682 1379 Deus
706 1315 874 1394 ordinavit,
908 1324 940 1378 et
962 1321 1036 1398 quia
1057 1337 1121 1380 cou-

200 1399 388 1462 flrmavimus
418 1406 448 1461 et
480 1400 631 1462 consolati
665 1419 771 1461 sumus
805 1409 982 1463 nostrorum
1005 1404 1122 1464 animos

172 1537 174 1541 ,
200 1490 307 1544 cnntm
327 1480 458 1544 'furcam
482 1490 513 1544 et
535 1483 722 1553 seditiones,
753 1482 800 1543 his
823 1483 891 1544 lreti
923 1484 1005 1546 adeo
1029 1486 1121 1547 securi

199 1572 286 1646 snut,
322 1565 448 1647 perinde
481 1572 573 1646 atque
605 1568 632 1626 si
663 1566 779 1627 nullum
800 1567 971 1647 periculum
995 1588 1121 1649 usquam

200 1651 240 1711 sit
261 1650 429 1730 reliquum,
458 1656 490 1710 et
517 1651 605 1730 quasi
627 1650 726 1711 'lirrca
748 1669 803 1710 eos
825 1656 964 1712 metuere
984 1659 1120 1733 cogatur.

203 1733 296 1813 Atqui
318 1751 375 1794 nos
397 1733 458 1794 hoc
478 1753 541 1794 non
553 1733 706 1794 voluimus
717 1733 983 1798 consolationibus
1003 1737 1122 1812 nostris,

203 1822 242 1880 ut
256 1817 435 1879 temerarios
467 1822 497 1878 et
528 1823 690 1897 protervos
713 1817 797 1879 omni
819 1816 1022 1879 liberaremus
1045 1826 1122 1879 metu

201 1903 234 1962 et
255 1918 379 1981 prorsus
398 1918 541 1960 =secnros
562 1899 771 1979 redderemus.
812 1897 923 1980 Neque
946 1903 1029 1964 enim
1051 1903 1122 1963 satis

202 1989 250 2044 est
269 1990 300 2044 te
322 2001 424 2060 nosse,
448 1982 531 2063 quod
553 1983 596 2043 sis
616 1983 647 2043 in
670 1982 753 2044 bono
775 1984 1009 2067 generositas,
1043 1984 1121 2064 qnod

201 2064 286 2129 Deus
307 2064 434 2145 probat,
469 2066 524 2127 sed
548 2066 630 2126 Deus
664 2072 786 2147 praeter
814 2067 874 2128 lton
896 2068 999 2129 etiam‘
1012 2067 1086 2129 illud
1105 2086 1122 2127 a

201 2154 231 2209 te
254 2149 367 2228 exigit,
404 2155 437 2209 ut
458 2151 489 2208 in
527 2150 636 2209 timore
672 2156 703 2209 et
723 2148 894 2210 humilitate
916 2151 974 2213 sibi
997 2152 1120 2215 servias.

200 2231 308 2313 Neque
330 2238 360 2292 te
382 2233 424 2292 ita
444 2233 476 2292 in
499 2239 583 2292 tuum
604 2232 685 2292 vitae
708 2252 805 2312 genus
826 2233 1003 2310 collocavit,
1026 2241 1058 2295 ut
1079 2253 1121 2294 se·

201 2335 272 2376 cure
295 2333 332 2377 eo
354 2315 480 2395 fruaris,
513 2315 567 2376 sed
591 2316 669 2375 sicut
699 2316 730 2376 in
759 2316 895 2377 secundo
918 2317 1044 2380 Psalmo
1069 2323 1120 2394 est,

201 2399 265 2460 Vos
289 2418 388 2479 reges,
410 2399 524 2478 inquit,
559 2398 720 2477 intelligite
749 2406 781 2460 et
802 2401 912 2460 servite
935 2401 1070 2463 Domino
1092 2401 1120 2459 in

199 2482 319 2546 timore.
364 2481 466 2558 Quare
489 2481 554 2541 vult
575 2499 644 2541 sese
666 2483 775 2561 metui,
807 2481 889 2562 quod
913 2484 938 2544 si
961 2502 1024 2545 non
1048 2485 1121 2544 fece·

198 2566 251 2642 ris,
274 2584 336 2626 non
360 2565 478 2626 curabit
510 2571 593 2626 tuum
617 2565 698 2624 vitae
720 2584 828 2646 genus,
851 2572 1120 2646 quantumcunque

199 2649 239 2709 sit
258 2655 397 2709 sanctum
421 2654 451 2708 at
484 2646 628 2707 divinitus
659 2650 873 2727 constitutum,
898 2650 953 2710 sed
976 2650 1120 2730 praecipi·

199 2730 275 2793 tabit
296 2738 337 2811 te,
360 2733 438 2791 sicut
452 2732 589 2812 sequitur
601 2732 640 2791 in
655 2730 764 2792 eodem
778 2731 919 2793 Psalmo:
941 2730 992 2796 Ne
1014 2735 1120 2795 irasca-

199 2822 255 2893 tur,
278 2820 310 2875 et
330 2835 387 2877 vos
409 2816 540 2895 pereatis
564 2813 602 2874 de
624 2814 684 2874 via.
827 2818 830 2825 '

280 2897 349 2978 Ego
373 2916 468 2977 sane,
490 2898 514 2956 si
537 2896 637 2957 Turca
658 2895 760 2958 denuo
784 2897 830 2972 (id
853 2898 936 2977 quod
959 2917 1016 2978 pro
1040 2903 1120 2959 certo

202 2979 318 3054 lerunt]
343 2981 374 3041 in
388 2979 585 3041 Germaniam
608 2981 764 3062 irrumpat,
788 2988 906 3062 metuo,
929 3001 969 3042 ne
991 2983 1121 3062 graviter

198 3072 256 3122 uos
290 3062 329 3122 sit
350 3062 527 3127 afflicturus.
572 3062 635 3123 Nos
665 3065 745 3124 enim
768 3062 1001 3126 Germaniano
1025 3064 1119 3127 solum

200 3163 261 3206 non
285 3147 479 3226 poenitemus
503 3144 540 3206 de
563 3148 675 3207 nostris
686 3147 874 3227 gravissimis
897 3150 1046 3228 peccatis,
1069 3145 1120 3207 sed

197 3230 304 3308 etiarn,
339 3248 399 3310 quo
421 3231 550 3291 vicinior
571 3229 668 3291 hostis
690 3237 746 3307 est,
769 3249 806 3290 eo
830 3231 947 3310 turpius
970 3238 1003 3292 et
1026 3232 1119 3312 magis

196 3313 287 3374 soluti
311 3332 347 3373 ac
368 3315 465 3373 securi
488 3313 626 3374 vivimus.
670 3313 772 3390 Quare
795 3314 963 3394 periculum
987 3322 1052 3390 ast,
1084 3333 1120 3373 ne

196 3414 307 3538 graves
329 3414 448 3476 poenas
469 3397 500 3455 in
523 3415 581 3458 nos
594 3394 767 3457 Germanos
791 3416 847 3477 pro
870 3399 962 3457 tantis
985 3398 1120 3478 peccatis

104 3499 107 3506 ·
227 3498 280 3539 eus
304 3479 344 3539 sit
366 3480 565 3560 expetiturus,
589 3498 665 3560 quas
686 3479 770 3541 brevi
794 3481 929 3541 maximo
952 3487 1061 3543 nostro
1080 3482 1120 3540 in·

198 3646 616 3657 ——-.—--—-.-.-...

270 3745 301 3814 1)
324 3746 353 3798 ln
370 3743 416 3802 ed.
435 3743 522 3815 origo
542 3744 691 3800 crederem.
