2348 4162
343 242 380 307 ¹'in
398 250 484 308 libros
501 250 606 309 veteris
623 251 700 309 Test.
949 246 992 317 79

64 421 137 483 dnm
161 441 235 483 usus
258 428 290 483 et
320 420 355 483 fit
376 421 561 502 perieulum,
595 421 717 502 qualem
738 422 854 504 optime
876 421 991 483 eonsti-
1022 418 1026 424 ’

64 512 152 566 tutae
174 506 259 586 leges
281 507 342 565 sint
369 504 528 566 habiturae
556 505 708 566 fortunam
745 514 788 585 et¹
802 523 990 569 euoeessum.

65 589 216 651 Continet
236 591 327 668 igitur
358 588 410 648 ille
442 587 519 648 liber
552 588 661 648 multas
689 589 831 650 historias
869 608 987 668 eorum,

64 673 205 752 quinon
228 677 394 752 paruerunt
414 670 534 750 legibus
557 679 588 732 et
610 673 810 752 magistratui,
832 679 991 752 praeterea
1068 692 1071 698 ·

65 773 187 837 poenas
216 773 340 835 quoque
372 755 479 835 populi
508 756 653 816 eontinet.
710 754 871 815 Adduntur
898 756 989 816 etism
1058 764 1060 767 ’

65 839 148 899 eliae
171 839 267 918 leges,
289 838 368 898 eliae
392 838 483 898 letius
507 836 710 918 explicantur.
750 838 801 914 Sin
823 840 903 899 enirn
927 838 992 918 ple-

65 941 197 1001 rumque
220 921 269 998 fit,
295 921 385 982 fenile
408 921 530 1000 quidem
564 920 736 981 nonduntur
759 921 863 1002 leges,
885 942 990 982 verum

66 1024 137 1065 oum
159 1006 222 1065 iem
243 1005 273 1064 in
295 1009 465 1064 usumsunt
487 1003 716 1084 producendae,
738 1005 811 1064 nihil
835 1003 990 1084 minusflt,

67 1105 161 1167 quom
176 1094 211 1148 ut
226 1105 279 1148 eae
293 1087 569 1168 sequntnrvulgus,
586 1082 621 1147 ⁴et
634 1087 753 1148 diverse
765 1089 867 1168 potins
884 1106 991 1148 omues

66 1171 193 1233 iaciunt.
243 1170 300 1231 Est
333 1171 425 1250 igitur
453 1169 504 1230 hio
536 1169 613 1230 liber
645 1172 765 1250 insigne
805 1171 990 1252 exemplum,

66 1253 151 1334 quod
174 1254 293 1335 legibus
309 1272 371 1314 non
394 1252 558 1314 reddamur
573 1253 726 1330 meliores,
748 1254 804 1316 sed
817 1254 910 1338 quod,
932 1256 992 1316 sio·

66 1344 101 1398 ut
121 1337 234 1399 Paulus
255 1338 317 1419 nit,
348 1336 400 1397 lex
422 1342 582 1416 peoostnm
612 1337 713 1416 potius
736 1343 768 1398 et
787 1339 861 1399 irem·
886 1358 992 1419 opere·

65 1429 124 1485 tur.
417 1437 425 1449 ‘

151 1503 228 1564 Cum
261 1521 334 1583 ergo
362 1500 503 1587 populus
538 1521 656 1583 poenes
704 1506 823 1583 peooati
857 1504 992 1567 dedisset

66 1605 201 1666 eumque
223 1587 283 1646 iem
306 1587 389 1646 Dens
411 1586 586 1666 gentienus
609 1586 789 1666 invitasset,
819 1594 857 1647 nt*
879 1587 991 1649 benefi·

66 1672 122 1731 oiis
145 1669 269 1732 adducti
292 1679 437 1748 emerent
457 1668 557 1748 legem
576 1665 663 1750 (ium
696 1673 775 1730 enim
804 1670 865 1732 duo
894 1690 991 1751 regua

66 1755 113 1814 eis
135 1753 336 1831 donaverat),
360 1752 471 1832 repetit
492 1752 594 1812 Moses
617 1753 646 1811 in
662 1753 768 1831 quinto
793 1752 870 1816 libro
894 1761 989 1814 totam

68 1836 170 1918 legem
202 1854 267 1896 oum
292 1834 450 1911 omuibus,
479 1853 558 1914 quae
580 1835 699 1894 interim
729 1844 816 1897 erunt
848 1842 932 1917 note,
961 1842 991 1896 et

67 1920 172 1982 denuo
196 1919 285 2000 leges
308 1918 443 1998 explieat
466 1925 527 1978 tam
553 1918 684 1978 morales
717 1939 807 2000 quem
840 1921 990 2001 politione,

65 2022 135 2064 eum
158 2008 279 2064 tentum
298 2008 416 2083 partem
440 2003 597 2076 omittens,
628 2019 706 2080 quae
724 2003 762 2063 sd
785 2002 989 2064 secerdotium

65 2086 249 2169 pertinebat.
299 2084 392 2145 Vides
414 2084 508 2164 igitur
535 2085 640 2144 Mosen
671 2087 838 2164 perfeetum
870 2087 989 2168 legisla-

65 2180 166 2232 torem
198 2187 285 2249 esse,
335 2169 362 2227 ui
393 2186 481 2228 suum
512 2167 647 2227 offleium
675 2187 796 2230 summa
823 2189 891 2230 oum
921 2169 990 2230 dili·

65 2254 175 2334 gentie
193 2252 274 2316 fsoit.
309 2187 419 2330 lleque
442 2253 522 2311 enim
545 2250 606 2310 hoo
628 2258 744 2312 tentum
767 2253 841 2332 egit,
864 2259 896 2313 ut
912 2254 989 2334 opti-

48 2352 132 2397 ·mns
155 2335 269 2396 condet
291 2336 395 2414 leges,
422 2334 476 2395 sed
504 2333 619 2413 ubique
648 2354 795 2416 praesens
827 2343 931 2398 monet
959 2341 990 2396 et
1050 2368 1054 2373 -

64 2420 214 2480 hortetur.
257 2415 361 2490 Sioubi
384 2423 485 2477 eutem
511 2417 610 2477 minus
639 2420 755 2479 servari
780 2419 862 2498 leges
895 2418 988 2496 videt,

65 2502 199 2583 exponit
221 2509 252 2562 et
277 2502 427 2562 instauret
449 2519 512 2563 eas.
562 2499 656 2561 Porro
691 2502 743 2562 ills
765 2502 866 2581 legum
898 2501 989 2563 letior

65 2586 223 2665 expositio
245 2586 275 2645 in
298 2584 404 2664 quinto
434 2583 510 2644 libro
533 2580 608 2644 nihil
632 2582 724 2645 docet
745 2591 864 2664 praeter
896 2583 988 2644 fldem

65 2671 95 2729 in
120 2668 219 2729 Deum
242 2675 272 2728 et
306 2685 442 2728 amorem
464 2666 617 2747 proximi,
644 2673 736 2746 etque
758 2668 783 2727 is
807 2673 854 2727 est
875 2685 988 2747 seopus

65 2754 203 2815 omnium
226 2751 395 2811 divinarum
419 2750 534 2828 legum,
563 2767 660 2828 nsque
688 2750 726 2810 ad
760 2751 809 2817 20.
838 2769 918 2830 *ergo
942 2769 989 2810 os·

52 2844 121 2916 'put
154 2836 259 2895 omnis
291 2835 356 2894 ille
375 2832 518 2914 prohibet
539 2832 661 2912 Moses,
699 2853 778 2913 quoe
800 2832 891 2894 fldem
914 2852 989 2914 erge

64 2918 166 2979 Deum
191 2918 369 2999 impediunt,
393 2917 634 2995 reliquesutem
670 2917 738 2978 libri
766 2935 837 2997 pars
855 2913 898 2977 'en
920 2935 988 2997 pro-

63 3000 162 3081 hibet,
184 3019 263 3080 quae
285 3002 443 3062 caritatem
465 2998 645 3079 impediunt.

150 3083 275 3144 Praeter
295 3083 374 3144 haee
396 3089 498 3143 eutem
522 3082 584 3142 hoo
617 3099 739 3162 quoque
762 3082 987 3144 observandum

65 3173 124 3248 est,
148 3166 257 3228 Mosen
284 3166 363 3228 ndeo
394 3165 557 3246 diligenter
590 3165 671 3225 huno
700 3166 846 3246 populum
870 3166 988 3246 legibus

65 3251 354 3330 eiroumsoripsisse,
377 3256 410 3309 ut
432 3267 556 3329 prorsus
579 3249 694 3308 nullum
713 3249 814 3310 looum
838 3249 986 3329 relinque-

64 3340 112 3395 ret
134 3339 189 3394 eut
210 3334 283 3395 novi
305 3331 462 3394 oniusdem
485 3332 586 3412 operis
609 3337 662 3391 nut
683 3332 807 3393 alterius
832 3333 988 3413 religionis

64 3416 302 3496 excogitandae,
326 3416 527 3495 nequeenim
550 3415 612 3477 hon
634 3421 750 3475 tantum
774 3415 891 3492 dooet,
915 3434 988 3494 quo·

65 3500 162 3561 modo
186 3500 254 3561 Deo
277 3498 443 3577 fidendum,
465 3498 623 3578 quomodo
645 3499 671 3558 is
690 3498 871 3559 metuendus
884 3517 921 3558 eo
945 3499 987 3558 di·

63 3582 218 3665 ligendus,
246 3581 301 3644 sed
337 3581 423 3642 addit
453 3599 576 3661 quoque
607 3583 796 3642 ceremonias
820 3581 987 3642 sacrificio-

62 3687 142 3744 rum,
165 3672 320 3745 votornm,
344 3665 447 3725 ieiunii
471 3673 501 3725 et
522 3663 675 3746 similium,
713 3671 746 3724 ut
765 3682 891 3746 prorsus
914 3664 988 3724 nihil

64 3768 196 3810 neeesse
219 3749 258 3807 sit
289 3765 387 3808 novos
408 3748 485 3807 alios
498 3747 582 3824 ritus,
606 3746 667 3808 alin
682 3767 778 3826 opere
800 3749 986 3827 excogitare.
