2348 4162
167 256 231 322 416
373 256 577 313 (lonniunautaa
595 256 785 328 quaedaml)
802 256 839 314 u.
858 258 889 315 L.

170 430 271 508 traria,
294 430 319 490 si
341 431 565 491 renascentiam
585 435 793 511 praesumant
837 430 913 491 ldso
942 439 1015 489 sunt
1033 445 1092 488 om·

169 532 224 573 nes
258 531 387 593 operum
423 513 566 575 doatoroa
599 533 662 575 non
695 514 777 575 aliud
811 532 904 594 quam
928 510 1094 592 timonem,

168 598 230 657 imo
253 616 293 657 ne
308 594 471 660 Nioodemi
493 598 630 678 quidem,
653 597 708 658 sed
732 598 886 661 vaniores

171 763 307 824 Brevis
323 763 347 845 ¹)
371 763 688 909 (lomprellpenpio
709 763 870 844 Evangelii
895 760 1036 825 lohan.3
1059 759 1093 820 de

575 866 624 909 roo
648 865 728 908 amo.

254 1012 391 1094 Summa,
415 1012 508 1074 dooet
528 1012 715 1091 dedustitia,
736 1011 895 1091 quomodo
916 1011 1029 1074 flamna
1042 1010 1090 1071 filii

168 1095 237 1172 Dei,
259 1114 485 1175 consequamur
506 1098 717 1158 remissionem
729 1102 929 1175 pennatorum
947 1103 981 1157 et
1002 1096 1089 1171 vitam

170 1185 336 1241 aeternam.

485 1263 585 1323 Prima
604 1261 779 1325 Conclusio.

252 1345 316 1405 Nisi
340 1346 408 1424 quis
430 1349 520 1406 natus
542 1346 633 1406 tuerit
653 1345 834 1427 esupernis‚
856 1362 920 1405 non
935 1349 1040 1424 potest
1051 1363 1088 1404 vr

168 1427 242 1490 dere
264 1448 391 1510 regnum
414 1429 481 1490 Dei.
540 1446 546 1455 ·

250 1513 391 1592 Requirit
412 1530 525 1574 novam
547 1512 755 1590 nativitatem
791 1512 882 1590 igitur
910 1511 1041 1607 primam
1061 1510 1085 1568 in

66 1604 69 1609 '
169 1601 265 1657 totum
290 1596 426 1675 damnat,
448 1602 595 1674 quantum
618 1595 658 1657 ad
680 1596 773 1656 vitam
797 1603 955 1656 aeternam
977 1594 1085 1656 attinet

547 1677 608 1739 Gur
628 1677 709 1739 hoo?

362 1762 483 1843 vitiosa,
905 1766 1025 1840 sanata,

209 1843 334 1907 tNati·
363 1844 519 1923 damnata,
566 1762 712 2029 propter
566 1762 862 2082 pe03
887 1778 1073 2053 {bsauediots¹

252 1929 329 1987 vitas
362 1928 551 1989 mortaliset
539 1933 690 1987 tontum
904 1934 1041 1989 aeterna.

362 2011 542 2072 aalamitosa

335 2103 351 2161 l
375 2089 574 2289 Nativitas{
595 2092 740 2153 iustitiam
764 2111 902 2174 operum,

367 2177 461 2240 habet
482 2197 538 2238 sua
559 2089 757 2289 {rationem

367 2263 460 2341 dona,
595 2260 732 2340 praemia
753 2267 784 2321 et
807 2259 993 2341 oorporalia

250 2342 336 2406 Haeo
367 2346 471 2409 omnia
498 2343 537 2405 ad
560 2345 655 2404 vitam
689 2349 845 2406 aeternam
866 2342 943 2404 nihil
966 2342 1078 2403 saniant.

168 2429 216 2489 Ad
240 2428 319 2489 hano
344 2434 537 2510 praesentem
567 2429 661 2490 vitam
684 2427 800 2488 taoiunt
833 2433 864 2487 et
896 2434 969 2487 sunt
990 2442 1081 2486 uenea-

168 2514 258 2573 saria
302 2511 364 2574 Sed
398 2531 526 2593 regnum
549 2511 606 2573 Dei
632 2529 725 2573 nemo
752 2510 856 2572 videre
878 2516 999 2593 potest,
1032 2503 1080 2567 nisi

168 2595 270 2656 denuo
292 2604 392 2661 natus

283 2678 448 2754 Quomodo
469 2680 561 2758 igitur
581 2679 676 2739 homo
699 2679 833 2738 nascitur
856 2676 981 2738 denno?

251 2763 300 2822 Ex
323 2783 404 2861 aqua
434 2768 466 2823 et
493 2762 615 2842 Spiritu.
658 2757 741 2822 Nota
749 2779 892 2841 ,aquam
917 2756 1078 2841 praeponit

168 2846 224 2905 Est
245 2848 324 2906 enim
348 2850 441 2927 prius,
463 2844 547 2926 quod
570 2845 608 2905 ad
631 2863 739 2904 sensus
762 2852 885 2905 nostros
909 2845 1027 2905 attinet

252 2928 313 2990 Sed
336 2930 407 3010 quid
430 2947 511 3008 aqua
533 2927 571 2988 ad
593 2929 873 3007 regenerationem,
911 2924 1080 3007 praesertin

169 3029 247 3090 eam,
269 3014 299 3072 in
323 3032 383 3092 qua
406 3013 520 3075 tollitur
542 3017 713 3092 pennatum,
737 3010 1009 3087 donaturiustitia‚
1031 3008 1082 3068 vita

168 3102 294 3156 aeterna
318 3095 462 3157 offertur?
507 3099 598 3175 Aqua
623 3099 739 3154 tautum
768 3112 880 3174 eorpus
901 3094 997 3157 lavat
1038 3088 1081 3149 llla

168 3184 270 3239 autem
306 3182 410 3242 omnia
431 3186 503 3240 sunt
523 3198 643 3241 summa
665 3177 748 3238 dona
769 3177 954 3258 spiritualia,
984 3174 1082 3254 quibu

169 3281 230 3322 non
253 3264 347 3345 nutis
380 3265 434 3325 sed
457 3282 511 3325 oor
532 3262 709 3345 pnrilioatur
738 3269 769 3323 et
791 3270 873 3355 ¹totus
895 3262 1018 3322 animus
1038 3259 1081 3317 im·

169 3352 311 3414 mutatur

240 3634 270 3697 1)
289 3632 365 3698 Quae
383 3639 535 3702 sequuntur
545 3633 681 3703 usquead
697 3629 781 3689 linem
791 3633 874 3690 huius
893 3632 1081 3691 oonainnoulso

167 3704 565 3836 pgpptiplpnsrpppeppuppurlan.
585 3706 656 3774 Opp.
674 3706 768 3773 Luth„
787 3707 814 3761 in
833 3706 959 3766 aditione
976 3707 1044 3777 orig
1059 3716 1081 3757 a
