2348 4162
58 320 77 349 .
192 274 255 339 214
437 271 480 327 De
498 286 580 327 servo
601 270 716 327 arbitrio
735 274 769 326 D.
789 273 820 326 Μ.
841 270 869 325 b.

192 444 264 504 tiam
288 447 452 522 praeparet
474 447 506 503 et
527 441 566 503 ad
582 441 735 503 Christum
758 441 867 520 mittat,
891 446 924 502 ct
944 440 990 502 sic
1013 438 1119 500 salvus

192 524 254 589 flat.
297 525 365 585 Non
387 526 477 605 igitur
506 524 652 605 ridicula,
686 523 741 585 sed
764 525 962 585 vehementer
983 524 1066 584 scria
1087 528 1120 583 et

192 610 369 670 necessaria
390 612 470 688 sunt,
494 627 573 687 quac
595 627 649 687 per
671 606 771 687 leg'ern
794 614 949 688 geruntur.

276 691 334 766 Qui
348 711 429 750 nunc
441 692 499 751 ista
511 691 695 771 intelligunt,
717 691 807 752 facilc
823 689 912 751 simul
934 688 1120 769 intelligunt,

194 774 344 835 diatriben
386 780 452 834 tota
485 775 565 834 serie
597 780 846 853 argumentorum
880 790 1005 853 prorsus
1043 771 1121 832 nihil

194 857 335 933 efficere,
369 856 440 917 dum
463 857 539 916 nihil
561 857 618 916 nisi
642 857 737 918 verba
756 857 939 937 imperativa
960 854 1122 936 colligite

194 941 369 1020 Scripturis,
392 958 471 1018 quaa
495 959 554 1000 nee
575 939 727 1021 intelligit,
751 939 823 1019 quid
845 939 949 1018 veiint,
971 945 1002 999 st
1024 956 1122 1017 quare

195 1023 344 1099 dicantur,
369 1022 480 1083 deinde
502 1022 632 1083 adiectis
654 1025 716 1083 suis
739 1022 872 1101 sequelis
895 1028 926 1082 et
947 1019 1123 1082 similitudi-

195 1104 284 1167 nib'us
300 1105 472 1165 carnatibus
486 1112 547 1165 tam
566 1103 724 1167 robustam
748 1105 842 1167 offam
864 1103 1134 1183 miscet-utplus,

195 1194 313 1250 asserat
325 1194 356 1248 et
365 1188 484 1266 probet,
500 1208 591 1268 quam
605 1190 785 1271 instituerat,
803 1208 841 1249 ac
853 1193 962 1248 contra
973 1206 1008 1247 se
1020 1187 1122 1267 ipsam

196 1271 337 1350 disputet,
350 1278 455 1332 utnon
466 1271 557 1331 fuerit
565 1289 653 1351 opus,
666 1272 791 1333 ulterius
800 1270 922 1352 singula
931 1288 1124 1352 percurrens3

197 1374 258 1414 una
279 1354 360 1413 enim
375 1354 528 1415 solutione
550 1356 709 1415 solvuntur
721 1356 834 1432 omnia,
857 1354 927 1414 dum
950 1372 1012 1415 uno
1034 1371 1125 1433 argu·

197 1442 302 1498 mento
324 1437 459 1497 nituntur
481 1438 594 1498 omnia.
637 1438 772 1518 Tamen,
795 1444 828 1497 ut
850 1437 997 1498 obruatur
1018 1436 1124 1516 copia,

196 1540 257 1600 qua
279 1538 328 1579 me
351 1520 448 1580 voluit
469 1519 610 1598 obruere,
633 1540 760 1601 pergam
784 1521 906 1599 aliquot
927 1537 1103 1583 recensere.

279 1601 438 1666 Esaiaet:
460 1601 491 1664 si
504 1600 535 1685 ¹)
561 1602 716 1664 volueritis
739 1603 944 1664 etaudieritis
959 1621 1018 1678 me,
1038 1602 1126 1663 bona

165 1684 168 1691 '
198 1692 297 1748 terrae
342 1685 526 1762 comedetis,
565 1685 616 1746 ubi
653 1688 751 1767 magis
792 1685 984 1765 congruebat
1018 1684 1124 1746 dicere

197 1768 298 1829 iudice
320 1767 462 1830 diatriba:
496 1767 527 1829 Si
550 1768 689 1849 voluero,
711 1768 738 1832 si
759 1769 899 1846 noluero,
922 1769 947 1828 si
969 1768 1055 1829 nulla
1078 1773 1127 1829 est

198 1850 322 1913 libertas
346 1851 521 1914 voluntatis.

284 1932 366 1994 Satis
388 1953 433 1994 ex·
451 1953 543 2014 supra
568 1933 655 1994 dictis
678 1939 764 2014 patet
785 1933 959 2014 responsio.
1002 1931 1126 1995 Deinde

198 2015 273 2095 quid
296 2021 379 2077 esset
402 2016 445 2077 ibi
467 2018 679 2096 congruitatis,
702 2018 727 2077 si
750 2015 970 2077 dicereturnSi
984 2015 1125 2095 voluero,

198 2099 281 2159 bona
303 2106 402 2159 terrae
424 2098 618 2160 comedetis?
642 2101 689 2159 An
716 2099 844 2161 diatriba
866 2100 960 2161 sentit
980 2118 1057 2180 prae
1080 2100 1125 2161 ni-

199 2183 260 2242 mia
282 2181 450 2261 sapientia,
479 2182 561 2242 bona
583 2190 682 2242 terrae
704 2182 824 2244 comedi
849 2201 959 2264 posse,
993 2182 1122 2243 nolente

197 2264 265 2325 Deo
279 2263 323 2343 ²),
346 2271 399 2324 aut
434 2284 535 2325 rarum
560 2270 591 2325 et
612 2284 726 2324 novum
748 2285 834 2345 esse,
869 2265 953 2345 quod
975 2284 1039 2327 non
1062 2266 1120 2327 nisi

198 2348 322 2408 volente
344 2347 411 2408 Deo
436 2347 519 2407 bona
540 2348 745 2428 suscipimus?

282 2429 333 2490 Sic
345 2428 374 2513 ¹)
396 2429 472 2490 iilud
493 2430 606 2491 Esaiae
628 2432 682 2495 30:
725 2427 759 2493 Si
781 2431 942 2510 quaeritis,
973 2430 1121 2510 quaerite,

199 2514 412 2573 convertimini
444 2520 473 2574 et
507 2515 620 2574 venite.
674 2512 828 2588 Quorsum
863 2515 974 2574 attinet
1006 2513 1121 2573 hortari

199 2614 265 2675 eos,
288 2597 338 2675 qui
361 2596 444 2656 nulla
466 2603 554 2675 parte
576 2599 825 2676 suaepotestatis
847 2596 938 2656 sunt?
961 2614 999 2656 ac
1022 2596 1047 2656 si
1060 2597 1121 2657 vin-

199 2678 274 2738 aulis
297 2680 422 2739 astricto
446 2678 528 2738 dicat
549 2680 627 2758 quis,
650 2699 741 2739 move
763 2688 793 2739 te
815 2681 893 2759 istic,
916 2680 959 2740 ait
981 2678 1121 2747 diatriba,

281 2760 348 2821 Imo
383 2780 528 2838 quorsum
564 2764 672 2822 attinet
707 2764 868 2841 (inquam)
900 2763 996 2822 citare
1024 2761 1121 2842 locos,

199 2844 249 2922 qui
272 2863 305 2902 se
328 2844 401 2903 solis
430 2844 503 2903 nihil
525 2844 672 2924 probant,
702 2853 732 2905 et
753 2845 874 2905 adiecta
896 2845 1041 2924 sequela,
1063 2845 1122 2906 hoo

200 2930 264 3000 est,
287 2924 455 3004 depravato
480 2946 585 2987 eorum
608 2946 718 3005 sensu,
742 2929 845 2990 omnia
867 2927 1005 2989 tribuunt
1026 2927 1121 2989 libero

199 3006 334 3086 arbitrio,
358 3027 427 3068 curn
450 3010 548 3070 solum
573 3018 702 3071 conatus
725 3011 849 3090 quidam
871 3029 930 3071 neo
951 3010 1051 3072 libero
1075 3030 1120 3072 ar-

201 3089 289 3151 bitrio
312 3091 510 3152 ascribendus
531 3092 654 3174 probari
679 3093 802 3155 debuit?

282 3173 366 3234 Idem
376 3173 405 3258 ¹)
420 3174 537 3236 dicetur
548 3175 587 3236 ad
598 3176 672 3237 iliud
682 3176 793 3237 Esaiae
804 3177 859 3242 45:
882 3176 1121 3257 Oongregamiui

200 3261 231 3317 st
252 3258 363 3337 venite,
389 3261 602 3320 convertimini
625 3260 663 3319 ad
686 3279 745 3338 me,
769 3267 800 3320 et
811 3261 888 3321 salvi
902 3261 1005 3336 eritis,
1025 3267 1057 3321 et
1068 3260 1121 3325 52:

200 3338 370 3420 Consurge,
393 3359 554 3423 consurge,
578 3348 722 3403 excutere
736 3342 774 3404 de
795 3343 933 3423 pulvere,
956 3342 1121 3404 solveviu·

200 3423 268 3483 culn
301 3423 374 3485 colli
411 3425 468 3503 tui,
500 3426 572 3486 item
595 3425 743 3487 Ieremiae
773 3429 825 3491 15:
859 3426 891 3487 si
924 3426 1120 3501 converteris,

199 3512 377 3568 convertam
412 3514 457 3588 te,
493 3507 563 3583 sit)
599 3509 791 3589 separaveris
825 3510 996 3591 pretiosum
1019 3528 1040 3571 a
1060 3508 1119 3587 viti,

270 3709 302 3779 1)
325 3710 357 3765 In
374 3709 419 3766 sd.
438 3712 494 3768 len.
513 3711 631 3783 margini
641 3712 802 3784 inscriptum
812 3718 866 3771 est:
889 3714 1031 3771 Erasmus.
1048 3716 1080 3781 2)
1092 3714 1120 3769 In

199 3778 243 3835 ed.
264 3781 347 3839 1526:
365 3782 476 3839 volente
494 3783 564 3840 Deo.
584 3785 616 3855 3)
636 3786 668 3841 In
693 3784 737 3842 ed.
757 3788 827 3844 1525
847 3792 875 3843 et
894 3784 938 3843 ed.
960 3786 1072 3843 lenset
1087 3784 1117 3843 si.
