2348 4162
196 245 265 311 420
398 244 603 302 Gouduuculae
621 244 761 316 quaedam
777 244 814 301 D.
830 245 868 302 Ι.
885 244 917 301 1.

199 418 411 497 magistratus,
445 415 526 477 Psal.
554 416 612 479 22:
645 414 737 475 Tauri
775 386 907 495 pingues
938 412 1120 475 obsederunt

199 519 259 576 me,
281 499 459 560 sacerdotes
481 500 512 558 iu
535 497 730 578 agricultura,
752 498 826 577 quia
845 500 957 560 messis
973 495 1121 578 significat

199 583 399 643 ministerium
423 582 517 661 verbi,
540 592 574 643 ut
585 581 721 647 Christus
732 580 821 642 dicit:
843 581 944 644 blittet
966 581 1120 662 operarios

199 667 230 726 iu
254 685 384 726 messem
407 684 506 727 suam.
542 664 698 746 Coniuges
711 674 798 725 erant
812 664 936 745 divites,
958 665 1013 744 qui
1035 682 1121 725 ceco

199 751 335 810 nomiam
358 751 387 809 in
410 749 523 810 lllessia
545 747 743 828 quaerebant.
786 747 928 825 Summa,
949 749 981 808 in
1005 746 1121 809 Christo

199 833 302 894 futuro
325 832 437 912 singuli
459 851 514 892 sua
538 831 744 911 quaerebant,
770 831 949 893 sacerdotes
971 850 1061 892 suam
1082 831 1121 890 iu-

200 917 324 992 stitiam,
347 917 500 995 principes
523 935 609 975 suam
624 914 816 995 dignitatem,
839 915 950 976 divites
965 931 1121 994 suasopns

202 1007 231 1060 et
253 999 385 1079 glorias3
416 999 487 1059 ideo
512 997 664 1059 Christum
697 1017 759 1059 non
781 998 909 1059 andiunt
940 1016 1045 1078 neque
1066 1016 1121 1057 ser·

202 1101 273 1142 vum
294 1101 370 1142 erus.

284 1164 357 1224 ldeo
381 1165 507 1224 mittitur
526 1163 682 1225 Iohannes
703 1163 843 1245 Baptista
864 1170 983 1224 tantum
1006 1160 1046 1225 ad
1067 1162 1120 1223 fae·

202 1267 254 1307 ees
276 1246 379 1308 lsrael.
421 1247 499 1307 Nam
535 1267 634 1308 coena
666 1248 726 1307 istu
754 1255 871 1308 tantum
893 1246 1069 1328 pertinebat
1089 1244 1120 1306 ad

202 1328 333 1390 afflictos
356 1338 386 1391 et
409 1330 537 1391 miseros
559 1331 589 1390 in
612 1332 672 1391 isto
694 1330 826 1410 populo,
854 1338 886 1389 ut
908 1329 982 1391 alibi
1005 1348 1067 1410 quo
1090 1347 1120 1388 ns

203 1413 278 1474 dicit
299 1414 452 1474 Christus:
475 1414 629 1494 Pauperes
641 1414 904 1493 evangelizantur,
928 1419 961 1473 et
981 1414 1049 1473 bic:
1114 1411 1119 1422 '

203 1498 264 1557 cito
287 1498 317 1556 in
340 1498 427 1557 vicos
441 1505 471 1556 et
492 1497 610 1577 plateas
633 1497 776 1574 civitatis,
798 1504 829 1556 et
840 1514 994 1576 pauperes
1015 1514 1055 1555 ao
1075 1492 1119 1555 de·

203 1579 280 1641 biles
303 1586 334 1640 et
367 1598 478 1639 caecos
501 1588 531 1639 et
562 1580 689 1640 claudos
710 1579 854 1640 introduc
873 1579 942 1640 huo.
986 1575 1120 1658 Denique

203 1683 259 1723 rex
279 1664 346 1744 ipse
368 1663 505 1723 Christus
527 1664 610 1723 venit
639 1682 756 1743 pauper
784 1671 813 1723 et
834 1663 941 1724 iustus.
987 1660 1040 1723 sis
1057 1661 1121 1721 Pau·

204 1746 252 1806 lus
276 1750 302 1811 1.
326 1745 462 1808 Corinth.
487 1750 519 1811 1:
541 1746 610 1807 Non
626 1745 712 1807 multi
724 1745 856 1822 nobiles,
879 1744 1001 1825 divites,
1024 1754 1120 1826 poten·

204 1840 251 1889 tes
274 1836 343 1909 etc,
366 1828 421 1890 sed
444 1830 552 1909 stulta,
585 1827 722 1909 infirma,
745 1828 895 1909 ignobilia
917 1828 1014 1909 elegit
1036 1828 1120 1891 Deus.

251 1912 254 1917 '
287 1913 356 1973 lstis
379 1914 471 1992 igitur
492 1913 537 1973 sic
559 1914 678 1973 vocatis
700 1913 837 1974 nondum
851 1915 899 1973 est
919 1912 1046 1993 plenum
1059 1929 1119 1973 ccu-

204 1995 328 2058 vivium.
371 1997 498 2057 Mittitur
520 2016 626 2057 servus
648 2003 736 2057 extra
759 1997 914 2057 civitatem
935 1996 968 2055 iu
989 1994 1119 2076 publicu

204 2080 281 2158 vias,
304 2079 363 2140 hoc
385 2088 446 2158 est,
470 2078 509 2140 ad
531 2086 640 2160 gentes
668 2081 735 2140 sine
757 2078 842 2159 lego,
879 2098 959 2160 quae
982 2084 1120 2140 vocantur

204 2168 235 2222 et
256 2164 352 2245 ipsae,
376 2172 406 2222 et
428 2163 611 2224 damnantur
631 2163 764 2243 populus
787 2163 987 2240 ludaeorum,
1015 2170 1119 2222 utnon

204 2247 265 2306 sint
286 2247 437 2326 gustaturi
464 2246 544 2306 hanc
573 2265 712 2311 coenam.
757 2245 837 2308 Satis
866 2246 1023 2308 horribilis
1051 2263 1119 2305 com·

204 2331 346 2411 minatio,
381 2329 435 2393 sed
470 2336 573 2390 tamen
609 2329 753 2411 impleta,
787 2339 821 2390 ut
852 2328 992 2390 videmus
1026 2344 1117 2389 coram

204 2414 311 2474 oculis.

258 2580 459 2640 Dominioa
480 2576 521 2637 lV
542 2586 631 2659 post
651 2578 866 2641 Trinitatis.
909 2578 1013 2641 Lucae
1034 2580 1063 2645 6.

286 2744 397 2806 Estote
420 2763 494 2825 ergo
518 2743 742 2823 misericordes,
766 2745 845 2805 sicut
867 2752 897 2804 et
919 2752 1008 2825 pater
1029 2750 1118 2805 vester

204 2830 378 2888 misericors
400 2836 457 2889 est.
500 2828 603 2888 Nolite
625 2827 761 2888 iudicare
784 2834 814 2888 et
836 2825 1118 2893 uoniudlcabimin't

203 2911 306 2972 Nolite
327 2911 536 2973 condemnare
558 2918 670 2971 elnon
698 2911 987 2975 condemnabimini.
1025 2910 1119 2971 Dimit

204 2996 273 3071 tite,
304 3003 335 3054 et
356 2995 522 3055 dimittetur
544 2995 642 3055 vobis.
687 2994 782 3074 Date,
827 3001 858 3056 et
887 2993 1009 3057 dabitur
1032 2992 1119 3069 vobis,

207 3097 380 3138 mensuram
405 3078 517 3140 bonam
531 3077 562 3160 ¹)
593 3084 623 3138 et
645 3079 813 3140 confertam
837 3085 868 3139 et
890 3079 1121 3159 coagitatamst

204 3161 439 3241 superfluentem
475 3161 590 3222 dabunt
625 3163 654 3222 in
689 3163 788 3222 sinum
823 3170 969 3226 vestrum.
1014 3161 1120 3222 Eadem

205 3246 319 3325 quippe
342 3265 499 3325 mensura,
523 3264 583 3325 qua
605 3247 703 3306 mensi
725 3245 857 3325 fueritis,
880 3246 1059 3306 remetietur
1079 3260 1121 3302 ro·

205 3326 261 3391 bis.
305 3328 435 3390 Dicebat
456 3336 556 3389 autem
579 3328 640 3388 illis
661 3335 692 3388 et
703 3328 943 3389 similitudinem.
986 3322 1121 3409 Nunquid

205 3418 308 3492 potest
329 3430 439 3472 caecus
462 3431 588 3473 caecum
610 3412 748 3479 ducere?
782 3430 886 3473 nonne
920 3410 1014 3474 ambo
1036 3413 1066 3473 in
1087 3409 1122 3471 io·

277 3684 305 3750 1)
326 3682 358 3737 In
376 3683 419 3739 sd.
437 3685 507 3755 orig.
526 3685 613 3741 verba
631 3685 776 3757 Evangelii
793 3685 928 3742 hactenus
946 3692 1054 3743 tantum
1071 3680 1121 3741 red·

206 3752 315 3823 duntur,
335 3754 441 3824 reliqua
459 3757 575 3813 anobis
594 3774 628 3814 cx
647 3758 691 3815 sd.
711 3762 766 3815 len.
790 3758 911 3828 repetita
928 3766 1005 3817 suut.
