2348 4162
207 247 273 312 aar
406 245 614 301 mutuae
632 243 771 315 quaeum
790 242 930 299 u.rrr.

491 416 570 477 Em
630 518 700 559 cum
721 496 857 581 Christo,
877 497 927 559 rel
950 495 1086 557 diabolo.

455 580 610 662 Colligere

340 748 541 809 Dominica
560 748 737 809 Laetare.
779 746 928 809 lobannis
950 746 1003 810 Vl.

292 914 367 974 Post
399 914 477 975 baec
510 913 586 975 abiit
615 914 701 975 lesus
736 925 820 974 trans
850 932 935 973 mue
962 912 1129 991 Galilaeae,

209 996 292 1076 quod
314 1010 362 1057 est
382 996 567 1071 liberiadis,
602 1009 633 1058 et
655 996 841 1076 sequebatur
869 1016 940 1057 eum
970 995 1128 1057 multitudo

210 1099 333 1160 magua.
355 1081 427 1158 quia
440 1079 695 1161 ridebantsigua,
716 1099 796 1159 quae
816 1079 1057 1160 iaciebatsuper
1075 1078 1128 1158 bis,

210 1164 261 1242 qui
282 1162 522 1225 infirmabantur.
553 1162 653 1224 subiit
673 1183 750 1244 ergo
770 1165 803 1223 iu
826 1176 963 1224 montem
984 1163 1081 1242 lesus,
1100 1168 1129 1220 et

209 1244 250 1305 ibi
272 1245 401 1305 sedebat
420 1265 490 1306 cum
514 1246 670 1327 discipulis
696 1248 770 1306 suis.
811 1246 887 1306 Erat
906 1256 1011 1308 autem
1033 1245 1128 1326 proxi

210 1348 293 1389 mum
315 1327 443 1403 Pascha,
465 1329 532 1389 dies
552 1330 648 1390 festus
667 1329 863 1392 Iudaeorum.

252 1412 330 1472 Cum
362 1412 552 1472 sublevasset
581 1432 655 1489 ergo
684 1414 792 1474 oculos
821 1412 906 1473 lesus
943 1416 975 1472 et
996 1411 1128 1485 vidisset,

211 1494 296 1573 quod
318 1494 480 1558 multitudo
502 1497 638 1557 maxima
658 1498 794 1557 uenisset
815 1495 856 1556 ad
876 1514 965 1573 eum,
997 1494 1073 1555 dicit
1091 1493 1127 1554 sd

211 1578 404 1657 Philippum:
425 1577 516 1639 l'nde
531 1598 669 1639 ememus
687 1599 795 1660 panes,
817 1586 851 1639 ut
874 1578 1064 1639 manducent
1082 1575 1128 1636 bii

211 1660 279 1721 Hoc
300 1672 403 1721 autem
426 1661 547 1722 dicebat
569 1672 691 1723 tentans
713 1681 795 1742 eum,
816 1664 883 1742 ipse
902 1663 985 1722 euim
1007 1660 1128 1737 sciebat,

211 1742 283 1823 quid
305 1755 388 1805 esset
409 1741 554 1806 facturus.
578 1744 749 1825 Respondit
769 1748 800 1807 ei
818 1745 992 1826 Philippus:
1014 1743 1127 1805 Ducen-

210 1838 312 1887 torum
347 1826 540 1887 denariorum
568 1847 665 1908 panes
704 1847 768 1889 uon
809 1828 964 1888 sufficiunt
994 1828 1058 1907 eis,
1098 1832 1128 1885 ut

211 1912 423 1989 unusquisque
443 1910 598 1971 modicum
627 1910 699 1991 quid
722 1912 863 1992 accipiat.
905 1911 987 1971 Dicit
1005 1912 1034 1970 ei
1056 1928 1128 1970 unus

113 2016 117 2021 ·
211 2012 251 2052 ex
273 1991 431 2072 discipulis
452 1994 528 2071 eius,
549 1993 687 2055 Andreas
708 1994 802 2055 irater
812 1994 947 2055 Simonis
959 1993 1057 2053 Petri:
1078 1991 1128 2052 list

211 2094 288 2155 puer
308 2094 386 2135 uuus
407 2075 473 2155 lic,
501 2078 553 2155 qui
576 2076 667 2137 babet
688 2078 823 2157 quinque
844 2096 942 2157 panes
962 2075 1127 2138 ordeaceos

213 2168 244 2216 et
266 2156 344 2217 duos
366 2159 477 2238 pisces,
501 2159 556 2219 sed
577 2158 656 2220 baec
676 2160 748 2240 quid
771 2167 842 2221 sunt
864 2162 945 2220 iuter
965 2160 1035 2221 toti

295 2240 379 2300 Dixit
399 2260 475 2322 ergo
496 2241 595 2304 Iesus:
630 2244 735 2303 Facite
761 2244 902 2304 homines
931 2242 1128 2319 discumbere,

212 2331 278 2383 erat
301 2328 403 2384 autem
425 2324 550 2385 foenum
575 2326 701 2386 multum
730 2327 761 2386 in
783 2327 854 2387 loco
877 2345 925 2393 eo.
968 2326 1127 2387 Discubue

213 2414 282 2467 runt
303 2425 378 2486 ergo
403 2408 473 2485 viri,
501 2428 629 2469 numero
651 2408 740 2489 quasi
774 2412 908 2490 quinque
936 2409 1043 2471 millis.
1075 2410 1127 2469 Ac·

211 2492 293 2570 cepit
326 2509 401 2568 ergo
430 2488 518 2551 Iesus
549 2511 646 2571 panes
681 2504 728 2572 et,
758 2511 827 2553 cum
856 2492 971 2571 gratias
1012 2493 1126 2572 egisset,

212 2572 366 2634 distribuit
387 2572 665 2653 discumbentibus,
698 2575 837 2636 similiter
863 2583 894 2636 et
921 2595 963 2636 ex
990 2575 1126 2656 piscibus,

212 2666 358 2733 qnantum
382 2655 514 2718 volebat.

294 2738 335 2798 Ut
370 2746 471 2798 autem
493 2740 609 2819 impleti
639 2749 725 2817 sunt,
765 2739 842 2801 dixit
875 2739 1034 2821 discipulis
1056 2740 1126 2799 suis:

212 2819 368 2899 colligite,
388 2840 468 2900 quae
489 2831 711 2903 superaverunt
732 2823 915 2904 fragmenta,
937 2843 976 2884 ne
996 2828 1125 2903 pereant

212 2902 412 2985 Collegerunt
434 2924 527 2985 ergo,
559 2918 589 2966 et
610 2907 816 2987 impleverunt
844 2905 1008 2967 duodecim
1032 2905 1126 2986 cophi-

212 3003 271 3044 nos
291 2986 530 3064 fragmentorum
561 3007 601 3049 ex
634 2992 769 3069 quinque
803 2989 933 3069 panibus
962 2988 1126 3063 ordeaceis,

212 3084 293 3149 quae
325 3070 538 3147 superfuerunt
574 3071 636 3149 hia,
684 3074 735 3152 qui
775 3072 1046 3135 manducaverant.
1086 3069 1127 3131 llli

213 3168 288 3229 ergo
310 3150 465 3232 homiues,
501 3173 570 3214 cum
600 3154 765 3236 vidissent,
798 3155 881 3235 quod
901 3152 991 3216 lesus
1021 3156 1127 3217 iecerat

213 3232 344 3314 signum,
366 3234 526 3297 dicebaut:
557 3237 615 3298 Hic
635 3244 682 3298 est
704 3258 777 3299 vere
804 3238 857 3299 ille
878 3238 1048 3320 propheta,
1082 3236 1126 3317 qui

213 3323 356 3377 venturus
378 3322 476 3379 estin
500 3320 655 3383 mundum.
699 3320 788 3383 Iesus
817 3341 892 3402 ergo
922 3340 991 3381 cum
1016 3339 1125 3403 coguo-

212 3400 316 3475 visset,
338 3400 421 3479 quod
443 3405 562 3464 venturi
583 3412 696 3481 esseut,
718 3412 751 3465 ut
771 3411 915 3485 raperent
935 3424 1006 3465 eum
1040 3412 1071 3465 et
1090 3404 1126 3463 ia-

212 3488 316 3622 eepent
340 3502 409 3543 eum
430 3504 551 3566 regem,
584 3488 661 3568 fugit
691 3490 799 3549 iterum
833 3489 865 3547 in
898 3496 1036 3550 montem
1066 3488 1126 3567 ipse

211 3582 247 3623 so
262 3584 307 3625 us.

294 3647 333 3708 Et
350 3648 410 3709 hoo
424 3650 617 3731 Euangeliou
632 3654 802 3715 institutum
816 3653 937 3714 videtur
954 3672 993 3714 ea
1004 3654 1123 3725 ratione,

67 3728 295 3896 “qaod
318 3731 494 3793 miraculum
519 3737 654 3797 meminit
677 3737 770 3797 fuisse
792 3757 888 3818 prope
909 3736 992 3800 diem
1005 3734 1122 3797 Pascis·
