2348 4162
132 248 194 315 346
377 250 420 305 Da
438 265 521 306 servo
541 249 655 306 arbitrio
675 252 708 305 D.
727 252 759 305 Μ.
779 252 808 307 L.
886 214 891 223 ’

131 422 235 501 specie
261 427 453 486 censeantur.
496 420 570 501 Agit
597 426 698 482 autem
728 420 877 482 debonis
900 418 1053 499 operibus,

133 505 205 583 quia
226 503 265 564 de
286 504 480 566 iustificando
513 511 544 565 et
564 504 712 566 merendo
736 505 880 585 disputat.
923 504 1053 565 Etcum

132 586 171 648 de
194 593 343 668 operante
365 588 516 668 loquatur,
540 589 752 650 universaliter
773 588 812 648 de
824 586 969 649 omnibus
981 606 1053 667 ope-

4 730 9 739 ,
130 670 268 732 rantibus
290 676 321 731 et
343 669 381 732 de
404 671 544 732 omnibus
567 670 838 750 operibuseorum‚
861 671 1053 751 potissimum

130 773 204 815 vero
226 752 265 815 de
296 754 386 815 bonis
421 762 451 816 et
484 754 624 816 honestis
646 755 789 834 operibus
810 755 958 832 loquitur,
979 753 1053 816 ulio·

130 839 181 916 qui
204 839 329 916 partilio
357 858 412 899 sua
445 838 484 898 de
505 846 653 918 operante
675 842 707 900 et
733 857 795 899 non
819 845 970 918 operante
992 855 1051 898 non

128 922 321 982 consisteret.

212 1004 375 1065 Praetereo
397 1003 448 1064 hic
468 1003 633 1064 fortissima
654 1004 706 1065 illa
719 1009 900 1085 argumenta
921 1022 963 1063 ex
984 1020 1052 1081 pro·

129 1089 233 1167 posito
255 1088 383 1165 gratiae,
405 1108 445 1147 ex
461 1089 677 1167 promissione,
700 1108 740 1149 ex
762 1088 790 1147 vi
811 1088 900 1166 legis,
923 1104 964 1147 ex
984 1103 1052 1166 pec·

130 1176 199 1233 cato
223 1171 380 1250 originali,
403 1191 443 1231 ex
467 1172 619 1232 electione
639 1172 696 1232 Dei
720 1177 893 1251 assumpta,
923 1186 1051 1248 quorum

130 1253 245 1313 nullum
265 1259 319 1335 est,
342 1253 423 1330 quod
446 1273 561 1317 nense
583 1254 651 1316 solo
664 1253 797 1315 funditus
819 1253 909 1314 tollat
925 1251 1050 1313 liberum

129 1336 294 1399 arbitrium.
337 1337 368 1398 Si
401 1338 481 1398 enim
509 1339 607 1417 gratis
645 1357 684 1398 ex
707 1337 868 1417 proposito
890 1355 946 1398 seu
968 1353 1051 1415 prae·

129 1418 333 1480 destinatione
354 1422 448 1500 venit,
470 1422 654 1482 necessitate
675 1422 769 1499 venit,
791 1438 853 1481 non
876 1418 980 1481 studio
1002 1423 1051 1478 aut

128 1509 241 1564 conatu
263 1509 391 1578 nostro,
414 1510 560 1584 utsupra
582 1503 752 1567 docuimus.
793 1501 888 1579 Item,
921 1503 949 1561 si
969 1501 1050 1562 Deus

129 1587 258 1666 gratiam
281 1587 420 1666 promisit
452 1593 524 1647 ante
550 1587 667 1666 legem,
700 1586 805 1648 uthic
826 1586 909 1646 etin
934 1584 1050 1649 Galatis

128 1669 241 1730 Paulus
262 1671 372 1750 arguit,
396 1688 470 1750 ergo
495 1690 556 1731 non
581 1669 776 1750 exoperibus
798 1675 852 1729 aut
865 1669 937 1749 lege
958 1668 1049 1747 venit,

127 1752 244 1832 alioqui
265 1754 431 1832 promissio
455 1753 531 1813 nihil
563 1755 629 1815 erit.
672 1752 720 1815 Ita
749 1758 780 1813 et
800 1750 878 1813 tides
900 1751 977 1813 nihil
996 1750 1050 1811 orit

130 1838 209 1915 (qua
230 1841 333 1897 tamen
355 1835 510 1897 Abraham
539 1842 610 1897 ante
638 1836 740 1915 legem
768 1834 953 1896 iustilioatus
976 1836 1049 1909 est),

127 1918 153 1977 si
177 1937 273 1997 opera
294 1918 407 1980 valent.
438 1920 542 1997 item,
576 1939 645 1980 cum
669 1918 718 1980 lex
740 1919 780 1979 sit
800 1919 897 1978 virtus
920 1916 1048 1997 peccati,

128 2002 293 2062 ostendens
315 2007 444 2081 tantum,
467 2021 529 2063 non
553 2008 654 2064 autem
678 2001 790 2063 tollens
812 2006 988 2082 peccatum,
1007 1998 1048 2061 fs·

128 2084 168 2143 cit
190 2085 410 2146 conscientiam
431 2105 515 2147 ream
538 2104 641 2146 coram
656 2085 735 2159 Deo,
758 2090 789 2144 ot
808 2086 885 2145 irem
909 2085 1047 2161 minatur,

126 2166 187 2227 hoc
210 2168 360 2246 estquod
383 2168 469 2229 dicit:
502 2168 567 2229 Lex
595 2171 671 2229 iram
694 2174 853 2247 operatur,
893 2164 1047 2246 quomodo

126 2249 220 2328 igitur
239 2249 303 2310 fieri
326 2258 442 2331 posset,
465 2258 497 2312 ut
519 2272 574 2331 per
591 2252 691 2330 legem
714 2252 828 2311 iustitia
851 2249 999 2329 paretur?
1019 2247 1047 2309 si

128 2338 229 2394 autem
252 2332 322 2412 lege
344 2352 406 2395 non
429 2336 584 2415 iuvamur,
608 2333 765 2413 quomodo
792 2334 823 2393 vi
844 2333 914 2394 sola
938 2331 1046 2394 arbitrii

126 2417 223 2477 iuvari
247 2418 401 2496 possimus
414 2415 470 2485 ll?

208 2497 286 2562 Item
302 2498 348 2581 ⁹⁶),
371 2519 439 2559 cum
468 2500 556 2561 unius
578 2498 667 2559 Adae
689 2500 780 2561 unico
803 2498 920 2559 delicto
944 2514 1046 2559 omnus

125 2581 182 2642 sub
205 2591 334 2663 peceato
366 2589 397 2644 et
419 2582 618 2644 damnatione
640 2601 760 2658 sumus,
793 2580 953 2661 quomodo
983 2597 1046 2661 pos·

126 2685 230 2726 sumus
252 2665 366 2745 aliquid
389 2672 517 2742 tentare,
541 2665 622 2745 qnod
647 2685 709 2726 non
734 2671 897 2745 peccatum
920 2670 952 2724 et
966 2664 1046 2725 dam·

8 2780 11 2785 ·
126 2748 228 2809 nubile
250 2749 309 2808 sit?
352 2748 451 2824 Quum
475 2750 555 2809 enim
580 2750 661 2809 dicat
682 2749 810 2825 Omnes,
831 2748 1044 2808 neminemcx·

127 2833 214 2911 cipit,
246 2850 304 2891 nec
323 2833 384 2891 vim
406 2831 492 2892 liberi
516 2832 646 2909 arbitrii,
668 2851 726 2893 neo
747 2830 842 2891 ullum
866 2831 1046 2910 operarium,

126 2918 269 2993 operetur
290 2915 355 2973 sive
373 2933 434 2975 non
458 2922 611 2994 operetur,
634 2920 764 2977 conetur
784 2916 851 2974 sive
872 2931 938 2973 non
960 2929 1047 2974 eone·

126 3001 190 3072 tur,
224 2997 303 3055 inter
324 2996 440 3058 Omnes
471 3000 646 3060 necessario
682 2996 961 3077 comprehendetur
983 3012 1045 3055 cun

126 3078 204 3140 aliis.
247 3078 312 3140 Nec
334 3098 392 3141 nos
415 3099 612 3161 peccaremus
636 3087 688 3142 aut
700 3082 916 3143 damnaremur
938 3078 1045 3139 delicto

126 3161 178 3222 illo
201 3163 291 3223 unico
315 3162 416 3240 Adae,
437 3165 496 3224 nisi
517 3172 654 3224 nostrum
678 3163 822 3225 delictum
847 3168 950 3239 esset,
985 3160 1046 3239 quis

126 3246 207 3306 enirn
229 3245 331 3307 alieno
354 3245 465 3308 delicto
488 3247 699 3326 damnaret-ur,
731 3246 912 3326 praesertim
946 3260 1044 3305 eoram

125 3328 215 3390 Deo?
258 3329 403 3390 Nostrum
433 3336 533 3391 autem
563 3350 625 3391 non
653 3328 687 3391 fit
709 3328 859 3391 imitando
893 3333 949 3389 aut
978 3344 1045 3407 ope·

124 3412 233 3485 rando,
255 3431 323 3472 cum
347 3413 407 3472 hoo
428 3431 491 3473 non
510 3433 578 3474 esse
593 3420 698 3493 posset
720 3412 865 3474 delictum
888 3409 965 3471 illud
988 3408 1044 3469 uni·

126 3513 194 3555 cum
217 3494 320 3572 Adae,
358 3503 390 3556 ut
411 3495 493 3574 quod
517 3515 578 3558 non
600 3499 682 3576 ipse,
720 3495 773 3557 sed
798 3514 856 3558 nos
877 3493 1043 3567 fecerimus,

200 3758 230 3830 ·)
251 3759 330 3815 Rom.
351 3763 376 3817 5.
415 3764 446 3828 1)
465 3762 495 3816 In
515 3761 557 3817 ed.
578 3763 648 3819 1525
667 3765 694 3817 et
713 3761 758 3817 ed.
776 3762 850 3818 lenm
869 3770 1023 3829 possnmm.
