2348 4162
181 225 243 293 180
425 226 466 284 De
486 241 568 284 servo
587 225 702 283 arbitrio
721 227 756 283 1).
775 225 812 286 ll.
831 227 862 283 L.

74 434 112 465 ,κ
181 395 373 479 praedicant,
411 396 583 479 Scripturas
604 399 842 477 interpretantur
863 415 901 458 aa
923 395 1106 459 declarant?

180 485 221 541 At
241 480 266 539 si
291 478 422 542 obscura
443 491 490 544 est
511 479 694 561 Scriptura,
724 499 815 559 quam
839 479 1013 557 declarant,
1034 479 1107 560 quis

180 582 238 626 nos
262 565 364 625 certos
386 562 474 636 facit,
507 565 606 644 ipsam
640 582 747 624 eorum
771 562 1012 624 declarationem
1034 581 1107 625 esse

163 643 318 707 certam?
366 646 435 707 Alia
457 665 541 709 nova
573 646 749 710 declaratio.
798 644 873 721 Quis
896 652 927 707 et
948 645 1031 707 illam
1055 645 1107 707 de·

181 727 331 791 clarabit?
373 729 418 790 lta
439 728 492 790 flet
511 742 694 810 progressus
717 729 748 790 in
772 728 931 793 infinitum.

263 811 411 890 Summa,
435 813 460 874 si
476 812 632 893 Scriptura
655 811 786 872 obscura
808 812 855 872 vel
881 811 1024 891 ambigua
1048 816 1107 891 est,

180 895 252 977 quid
274 895 357 955 illam
373 914 451 976 opus
472 895 528 956 fuit
548 896 638 957 nobis
651 894 793 955 divinitus
808 894 906 955 tradi?
926 913 966 955 an
983 912 1047 955 non
1058 912 1105 954 sa-

48 1017 63 1046 .
179 981 216 1039 tis
240 996 344 1038 sumus
367 979 488 1039 obscuri
512 986 542 1039 at
564 977 723 1058 ambigui,
751 978 809 1038 nisi
832 977 870 1039 de
900 976 991 1038 coslo
1014 976 1106 1038 nobis

180 1067 328 1143 augeatur
349 1060 520 1122 obscuritas
544 1068 576 1122 et
592 1060 775 1140 ambiguitas
797 1053 828 1121 et
848 1058 1017 1121 tenebras?
1047 1058 1108 1122 Ubi

104 1194 111 1203 .
180 1152 255 1206 tunc
275 1142 349 1203 illud
372 1142 550 1225 Apostoli*)
568 1143 716 1205 manebit:
741 1139 850 1206 Omnis
862 1142 1018 1223 Scriptura
1030 1141 1107 1203 divi·

182 1229 262 1288 nitus
284 1227 433 1307 inspirata
454 1226 536 1288 utilis
560 1236 606 1289 est
635 1226 674 1288 ad
696 1225 869 1287 docendum
892 1234 923 1286 at
943 1227 1108 1307 increpan-

85 1352 91 1363 .
181 1311 251 1371 dum
284 1317 313 1370 et
337 1309 548 1390 arguendum?
582 1307 650 1372 Imo
675 1309 789 1371 inutilis
811 1318 867 1391 ast,
890 1309 996 1386 Paule,
1018 1326 1108 1389 pror·

181 1413 243 1473 sus,
265 1391 320 1457 sed
343 1412 383 1453 ex
404 1393 542 1454 Patribus
565 1393 659 1473 longa
675 1393 847 1454 seculorum
870 1393 950 1453 serie
970 1392 1107 1473 receptis

181 1482 211 1537 et
232 1475 305 1537 sede
328 1475 469 1537 Romana
492 1476 563 1536 talia
584 1474 719 1557 petenda
741 1481 825 1555 sunt,
849 1493 928 1555 quaa
949 1479 982 1535 tu
1004 1473 1109 1555 Scrip-

182 1568 267 1621 turae
297 1559 413 1620 tribuis.
463 1559 565 1635 Quare
594 1566 647 1620 tua
675 1561 828 1621 sententie
849 1556 1025 1620 revocanda
1048 1563 1108 1638 est,

183 1643 232 1706 ubi
254 1641 293 1703 ad
315 1638 473 1719 Titum**)
504 1642 633 1723 scribis,
662 1641 851 1723 Episcopum
886 1649 1030 1722 oportere
1053 1659 1108 1722 po·

183 1729 296 1787 tentem
319 1744 389 1786 asse
411 1725 441 1785 iu
466 1725 605 1787 doctrina
627 1744 712 1805 sana,
736 1725 917 1802 exhortari,
946 1729 978 1784 et
1003 1723 1109 1785 redar-

182 1827 276 1888 guere
297 1806 561 1889 contradicentes,
594 1814 626 1869 et
648 1827 683 1868 os
706 1808 845 1888 oppilare
878 1806 1052 1886 vaniloquis
1077 1812 1111 1867 at

182 1892 327 1953 mentium
351 1889 575 1971 deceptoribus.
619 1890 785 1968 Quomodo
808 1891 865 1952 erit
886 1897 1013 1970 potens,
1036 1908 1107 1951 cum

181 1983 212 2035 tu
234 1973 406 2053 Scripturas
430 1975 459 2034 si
479 1974 634 2055 relinquas
658 1973 820 2051 obscuras,
848 1973 908 2034 hoc
929 1978 990 2053 est,
1020 1990 1109 2034 arms

181 2064 320 2136 stuppea,
343 2063 375 2117 et
395 2075 451 2137 pro
474 2056 578 2138 gladio
607 2057 690 2118 levas
713 2055 861 2137 stipulas?
914 2054 993 2116 Tum
1022 2055 1108 2117 cmi-

183 2148 248 2200 stus
270 2158 393 2219 quoque
416 2159 524 2202 vocem
547 2160 634 2201 suam
652 2147 791 2201 recantet
812 2157 940 2200 necesse
962 2146 1010 2200 est
1021 2185 1031 2219 ‚
1054 2139 1107 2220 qui

184 2222 272 2284 nobis
295 2222 372 2284 falso
394 2224 575 2303 promittens
604 2221 775 2300 dioir***):
823 2221 890 2303 Ego
914 2220 995 2283 dabo
1018 2222 1107 2287 vobis

169 2325 220 2368 ⁴os
242 2315 272 2368 et
295 2307 486 2387 sapientiam,
511 2308 560 2367 cui
581 2325 643 2369 uon
667 2313 811 2386 poterunt
832 2304 975 2366 resistere
998 2323 1107 2367 omnes

184 2388 349 2450 adversarii
373 2390 474 2453 vestri.
518 2388 682 2465 Quomodo
706 2408 769 2450 non
791 2390 957 2464 resistent,
980 2388 1105 2468 quando

184 2471 321 2535 obscuris
349 2479 380 2533 et
408 2473 532 2533 incertis
560 2482 668 2534 contra
697 2491 751 2533 eos
784 2470 982 2553 pugnamus?
1026 2469 1106 2548 Quid

184 2563 215 2617 at
236 2563 268 2617 tu
290 2555 389 2634 nobis,
414 2555 540 2616 lilrasme
553 2602 562 2636 ,
586 2554 770 2637 praescribis
803 2555 932 2616 formam
962 2554 1106 2617 Christis·

183 2641 283 2720 uisuri,
306 2639 332 2698 si
355 2638 408 2700 tibi
430 2637 604 2720 Scripturas
626 2646 698 2700 sunt
719 2637 895 2700 obscuras?

266 2721 326 2783 Sed
349 2720 527 2783 iamdudum
549 2721 641 2783 credo
663 2740 712 2782 me
735 2740 898 2782 onerosum
921 2739 993 2781 essa
1015 2721 1105 2783 stiam

184 2804 368 2883 insensatis,
396 2806 499 2884 quiin
522 2823 555 2865 re
576 2805 746 2865 clarissima
769 2811 869 2867 tantas
892 2822 996 2865 moras
1018 2804 1104 2866 traho

185 2895 215 2947 et
238 2888 343 2967 copias
355 2887 463 2966 perdo.
501 2887 562 2950 Sed
585 2888 630 2948 sic
651 2886 841 2949 obruendum
865 2892 932 2947 arat
942 2887 1105 2967 impudens

184 2977 214 3030 et
235 2969 416 3049 blasphema
438 2969 490 3031 illa
512 2989 584 3049 vox,
607 2969 779 3052 Scripturas
802 2990 871 3031 esse
893 2969 1055 3051 obscuras,
1077 2976 1106 3030 nt

184 3059 215 3113 et
237 3061 266 3112 tn
290 3051 419 3131 videres,
442 3054 481 3113 mi
506 3053 643 3134 lilrasme,
665 3054 737 3135 quid
760 3053 888 3133 diceres,
911 3071 981 3115 oum
1006 3052 1106 3135 Scrip-

184 3143 281 3197 turam
317 3154 385 3196 esse
421 3135 584 3197 dilucidam
612 3156 719 3218 negas.
767 3135 845 3197 Nam
875 3136 965 3198 simul
987 3153 1106 3198 asseras

185 3218 257 3279 mihi
281 3237 409 3279 necesse
432 3225 488 3299 est,
513 3239 619 3280 omnes
643 3230 711 3281 tuos
733 3218 881 3299 Sanctus,
912 3237 990 3299 quos
1013 3218 1105 3282 eddo-

184 3304 238 3382 cis,
262 3301 356 3363 multo
379 3302 479 3362 minus
509 3302 659 3365 dilucides
687 3322 773 3382 esse,
801 3305 869 3382 quis
895 3303 977 3364 enim
1006 3308 1105 3365 certos

185 3404 241 3446 nos
263 3385 337 3446 facit
359 3384 397 3445 de
420 3403 525 3448 eorum
548 3386 629 3449 luce,
652 3389 677 3447 si
700 3386 871 3466 Scripturas
894 3385 1045 3447 obscuras
1067 3384 1104 3445 lc

185 3468 285 3529 ceris?
326 3464 437 3548 Itaque
459 3468 533 3529 nihil
555 3470 611 3530 nisi
636 3469 777 3532 tenebras
799 3469 888 3530 nobis
910 3468 1046 3549 reliquas
1067 3468 1104 3529 fc·

256 3742 288 3811 *l
309 3742 334 3795 2.
353 3740 423 3796 Tim.
445 3743 470 3795 3.
508 3741 558 3806 ”l
578 3740 631 3795 Tit.
653 3744 677 3795 l.
715 3739 779 3809 m)
799 3739 892 3795 Lucae
910 3742 955 3798 21.
