2348 4162
339 237 442 295 debeat
459 253 521 296 esse
539 236 663 294 liborum.
916 235 979 301 445

57 398 175 470 tidncm
198 409 302 471 utilem
337 416 367 468 et
396 409 602 470 necessariam
634 428 703 469 cum
726 406 848 489 publica
870 406 979 467 autori-

56 499 121 553 tate
145 493 380 567 coniunxerunt,
403 493 429 552 si
452 492 544 552 modo
567 511 635 552 eam
658 489 697 552 ad
719 491 848 570 gloriam
872 489 928 549 Dei
951 496 981 548 et

56 574 250 655 reipublicae
282 573 445 637 commoda
468 574 603 636 referunt
640 581 671 634 et
702 593 764 634 non
787 572 825 633 ad
849 573 980 652 tyranni-

58 656 129 719 dem
153 658 256 739 Papae
277 658 490 719 stabiliendam
514 658 690 734 conferunt,
713 660 784 736 quin
809 658 911 737 potius
934 662 980 716 to·
1020 712 1024 719 .

58 752 121 801 tam
144 743 289 802 invidiam
321 749 352 801 et
380 742 624 803 exsecrationem
647 740 735 800 huius
757 738 928 800 horrendae
951 744 981 799 et

36 822 288 886 'abominandae
310 826 528 886 coniurationis
559 827 590 884 in
613 842 667 885 eos
690 830 807 884 tantum
831 822 980 882 Doctores

60 907 210 985 derivant,
232 910 282 987 qui
306 916 338 968 ut
359 910 491 968 scientes
513 914 544 968 et
565 907 732 989 prudentes
753 908 906 984 iurarunt,
938 906 981 964 ita

59 993 153 1052 etiam
179 993 209 1050 in
238 992 399 1072 proposito
422 991 624 1052 conservandi
653 998 715 1050 tarn
738 989 918 1050 detestabile
939 988 982 1046 iu-

59 1082 231 1135 ramentum
256 1077 437 1154 persistunt,
471 1082 502 1135 et
530 1094 652 1135 omnem
680 1093 766 1133 suam
790 1072 982 1132 virulentiam

60 1164 170 1218 contra
192 1157 293 1217 oriens
315 1157 517 1238 Evangelium
549 1177 605 1239 pro
642 1157 725 1218 idolo
760 1174 816 1216 suo
840 1156 982 1216 Romano

60 1238 232 1302 effundunt.

145 1324 287 1384 Ceterum
310 1324 335 1382 si
360 1324 426 1402 quis
450 1322 588 1403 posthac,
615 1341 682 1382 cum
707 1324 767 1381 iam
790 1321 829 1382 da
850 1323 910 1382 ista
932 1319 983 1381 ab·

61 1408 251 1467 ominatione
272 1405 448 1467 admonitus
486 1414 515 1465 et
545 1407 657 1466 certior
677 1405 775 1469 factus
798 1415 860 1485 est,
883 1405 982 1464 sciens

60 1488 258 1570 prudensque
279 1491 400 1568 iurarit,
438 1491 463 1549 is
492 1488 565 1549 nihil
588 1508 700 1548 causae
721 1487 837 1569 fingere
861 1488 983 1568 poterit,

61 1574 225 1653 quominus
249 1574 295 1632 vir
316 1573 472 1653 pestilens,
494 1570 709 1633 abominabilis
733 1578 764 1632 et
786 1570 983 1633 exsecrabilia

61 1654 222 1717 habendus
244 1657 284 1716 sit
305 1655 425 1717 abonis
448 1666 479 1716 et
500 1657 558 1736 piis
572 1655 724 1716 omnibus.
752 1655 884 1716 Proinde
899 1672 984 1730 cave,

62 1740 164 1800 nescis
187 1740 277 1822 enim,
300 1738 371 1818 quid
394 1757 504 1819 vesper
526 1758 611 1799 serus
634 1739 732 1803 vehat.

63 1904 209 1985 Sequitur
244 1904 410 1966 formula
445 1906 668 1984 iuramenti,
710 1901 793 1983 quod
830 1900 984 1963 Notarii

61 1987 177 2070 publici
200 2008 219 2049 a
241 1987 327 2065 Papa
349 1988 442 2048 creati
464 1996 794 2068 praestarscoguntur,
817 2003 929 2065 magna
944 2004 984 2045 ex

229 2081 318 2151 parte
340 2091 410 2131 cum
432 2074 589 2153 superiora
611 2073 817 2132 consentiens.

116 2233 231 2317 Ech.
240 2236 278 2298 ab
289 2236 432 2298 hachora
440 2238 470 2297 in
482 2247 573 2299 antea
583 2236 683 2298 fidelis
692 2257 744 2298 ero
755 2235 845 2299 beato
855 2237 943 2296 Petro
955 2244 985 2295 et

64 2328 192 2380 sauctae
203 2320 529 2402 Romanaeeeclesiae,
539 2340 577 2381 ao
590 2321 715 2381 domino
725 2330 844 2400 nostro,
857 2317 983 2379 domino

63 2400 144 2464 Iulio
165 2403 268 2482 Papae
291 2402 438 2483 secundo,
460 2404 584 2482 suisque
596 2403 824 2464 successoribus
837 2402 987 2463 canonice

64 2487 258 2550 intrantibus.
300 2486 340 2546 Et
368 2505 429 2546 nou
452 2506 505 2547 ero
528 2490 558 2546 in
582 2488 727 2566 consilio,
759 2487 891 2554 auxilio,
915 2503 987 2545 con-

65 2588 159 2631 sensu
182 2569 231 2630 vel
253 2570 348 2650 facto,
384 2576 416 2629 ut
437 2571 530 2629 vitam
552 2571 682 2650 perdant
723 2579 774 2629 aut
807 2568 988 2646 membrum,

66 2652 116 2713 vel
141 2654 301 2734 capiantur
322 2654 403 2714 mala
425 2656 577 2733 captione.
620 2653 798 2732 Consilium,
820 2654 902 2731 quod
915 2651 987 2711 mihi

65 2755 122 2817 per
143 2755 187 2816 se,
209 2735 257 2796 vel
280 2735 382 2797 literas
415 2744 468 2796 aut
499 2738 641 2797 nuncium
666 2737 917 2814 manifestabunt,
949 2735 987 2794 ad

66 2838 173 2880 eorum
197 2820 340 2880 damnum
375 2821 507 2880 scienter
528 2821 643 2880 nemini
670 2820 814 2900 pandam.
859 2818 891 2880 Si
913 2836 987 2878 varo

67 2902 189 2963 admei
221 2905 361 2963 notitiam
390 2902 504 2981 aliquid
527 2903 671 2964 devenire
692 2904 869 2983 contigerit,
905 2898 988 2980 quod

65 2987 97 3046 in
120 2986 288 3065 periculum
310 2987 441 3046 Romani
464 2985 619 3047 Pontificis
660 2996 713 3046 aut
746 2986 896 3047 ecclesiae
927 2985 988 3045 Ro·

66 3087 179 3129 manae
201 3075 351 3150 vergeret,
374 3089 428 3130 aeu
448 3088 542 3151 grave
566 3071 718 3147 damnum,
740 3068 815 3130 illud
827 3086 989 3150 proposse

65 3152 243 3233 impediam.
285 3152 371 3212 Etsi
404 3153 465 3214 hoc
496 3154 645 3234 impedire
667 3173 729 3213 non
751 3171 893 3235 possum,
921 3169 989 3231 pro·

67 3235 182 3297 curabo
215 3235 297 3297 bona
328 3234 390 3297 fide
425 3235 457 3297 id
488 3236 526 3297 ad
566 3238 704 3299 notitiam
725 3236 854 3316 praelati
873 3235 989 3297 domini

66 3320 165 3381 nostri
186 3319 289 3399 Papae
312 3320 429 3386 deferri.
472 3320 623 3401 Papatum
647 3322 819 3384 Romanurn
852 3326 883 3380 et
904 3338 988 3398 rega·

67 3403 110 3463 lia
131 3406 229 3466 sancti
250 3403 330 3463 Petri
365 3422 402 3464 ac
434 3406 500 3465 iura
534 3407 628 3486 ipsius
661 3406 828 3484 ecclesiae,
851 3401 989 3482 speciali·

67 3492 114 3548 ter
127 3486 171 3569 a),
194 3490 219 3547 ai
242 3505 304 3566 qua
325 3488 434 3547 eadem
457 3488 590 3549 ecclesia
610 3491 640 3549 in
665 3491 805 3567 civitate,
827 3488 877 3546 vel
899 3493 989 3563 terra,

140 3755 169 3823 a)
187 3752 261 3810 Nota
279 3750 408 3810 editionis
426 3752 512 3824 origo
529 3750 592 3809 Hoc
601 3752 783 3808 iuramentum
793 3758 904 3823 praeter
917 3752 990 3809 alias
