2348 4162
170 214 311 343 quomodo
329 259 391 314 libri
411 260 479 315 licei
499 273 516 313 a
536 259 698 315 Christianis
715 258 826 331 legendi
844 260 918 316 sint·
948 259 1006 326 105
1065 237 1069 244 Ι
1115 238 1119 243 ¹

77 450 159 510 nus,
179 442 182 447 ’
200 430 382 514 prophetam
421 430 576 492 suscitabo
600 430 643 490 eis
667 429 706 489 de
740 430 841 492 medio
878 432 1003 493 fratrum

78 533 207 574 suorum
232 519 376 593 tanquam
402 521 441 594 te,
465 520 495 572 et
512 513 592 574 dabo
615 512 710 573 verba
732 531 801 574 mea
821 515 850 572 in
875 532 910 574 os
927 517 1002 592 eius,

69 605 110 669 ⁸et
134 597 277 680 loquetur
298 595 335 657 ad
360 615 414 656 eos
437 598 559 672 omnia,
589 613 667 675 quae
689 598 874 677 praecipiam
897 599 943 676 ei,
973 608 1002 658 et

79 681 257 758 quicunque
279 699 341 740 non
366 679 498 740 audierit
532 677 625 738 verba
649 680 732 753 rius,
762 697 839 758 quae
860 680 1004 759 loquetur

79 766 110 823 iu
134 762 262 844 nomine
284 781 364 843 meo,
389 781 447 842 ego
466 761 636 842 deposcam
661 761 784 823 abillo.
815 762 900 823 Haec
922 764 1003 825 clare

80 846 120 907 de
143 844 265 909 Christo
282 846 434 926 dicuntur,
458 846 574 918 cui-uni
589 847 676 905 Mose
692 864 779 904 suum
803 847 1002 907 ministerium

79 928 180 1008 cedit,
214 947 284 989 nam
309 928 423 1008 alioqui
461 930 527 1010 ipse
550 928 634 989 solus
658 926 835 992 audiendus
860 936 944 1009 erat,
973 936 1003 990 et

79 1009 235 1093 significat
255 1030 323 1071 eum
356 1010 437 1072 aliud
460 1031 574 1072 novum
608 1031 705 1092 genus
729 1010 887 1072 doctrinae
919 1031 1002 1093 spar-
1062 1018 1064 1023 '

80 1114 195 1175 surum,
217 1094 299 1155 hunc
319 1094 404 1155 iubet
426 1095 532 1176 audiri,
553 1094 697 1155 videlicet
719 1096 803 1154 iuxta
826 1097 1002 1175 promissio·

82 1198 138 1239 nes
158 1177 198 1237 de
219 1173 288 1259 ipso
311 1173 408 1238 iactas
430 1176 584 1260 patribus,
606 1179 635 1237 in
660 1177 768 1257 quibus
792 1179 883 1239 etiam
905 1179 1002 1238 inclu-

80 1260 161 1321 ditur
183 1261 306 1322 vocatio
330 1262 475 1341 gentium.
520 1260 640 1322 Similes
663 1260 806 1339 leguntur
826 1263 1002 1342 promissio-

80 1364 137 1405 nes
158 1346 192 1404 et
213 1343 284 1404 alibi
307 1345 336 1405 in
356 1344 488 1405 historiis
511 1349 640 1425 patrum,
664 1362 739 1424 quas
763 1363 869 1405 omnes
893 1352 1002 1425 postea

80 1427 251 1508 prophetae
265 1426 384 1489 'clarius
407 1434 601 1505 enarrarunt,
625 1432 655 1504 et
676 1427 809 1507 apostoli
828 1447 931 1488 earum
955 1434 997 1488 te-

81 1511 233 1571 stimoniis
270 1507 307 1569 ad
330 1509 588 1570 confirmandam
635 1509 804 1570 doctrinam
841 1509 1003 1591 Evangelii

82 1612 179 1674 saepe
201 1600 345 1654 utuntur.¹
641 1598 643 1602 ’

165 1675 223 1736 Hic
246 1695 348 1736 rursus
370 1673 486 1736 indocti
513 1681 543 1734 et
565 1674 648 1735 leves
672 1675 793 1754 spiritus
817 1675 958 1735 destrunt
984 1695 1003 1736 a

82 1761 142 1836 ria,
165 1752 245 1818 sicut
269 1754 398 1838 detege
422 1764 533 1837 errant,
557 1776 624 1818 cum
643 1776 701 1818 nos
724 1755 761 1816 ad
785 1756 891 1820 Mosen
914 1778 1002 1819 revo-

82 1847 164 1924 cant,
186 1843 230 1901 ita
252 1841 291 1903 de
312 1841 567 1922 promissionibus
589 1840 818 1922 halucinantur,
847 1843 1002 1921 quianon

83 1926 502 2006 discernuntpromissioues
525 1925 664 2005 proprias
693 1923 854 2005 Evangelii
889 1924 927 1984 de
950 1925 1002 1985 be·

83 2007 202 2069 beficiis
226 2007 358 2089 Christi,
387 2014 417 2068 et
439 2026 502 2081 eas,
525 2025 604 2086 quae
635 2008 758 2087 proprie
787 2014 903 2068 tantum
926 2007 1003 2073 ,huic
1028 2069 1057 2075 ,,

83 2090 201 2172 populo
223 2090 322 2151 iactae
344 2097 423 2171 sunt,
447 2091 485 2162 de
507 2089 597 2151 rebus
620 2090 831 2171 corporalibus
854 2110 907 2150 seu
932 2109 1003 2152 con·

17 2172 21 2177 ’
60 2174 263 2235 ”εοι’ναίίοηθ
291 2173 377 2234 istius
408 2173 560 2254 politiae,
599 2179 630 2234 et
651 2172 772 2252 quidem
797 2173 941 2255 alligatae
964 2174 1001 2233 ad

82 2256 293 2318 conditionem
316 2256 411 2337 legis3
429 2257 508 2317 haec
529 2256 696 2337 peculiaria
717 2256 766 2316 isti
788 2256 915 2336 politiae
938 2275 1000 2317 non

22 2344 26 2351 '
81 2346 153 2400 aunt
177 2339 386 2414 transferenda
408 2339 446 2399 ad
470 2339 558 2415 alios,
582 2345 615 2399 ut
635 2339 751 2399 faciunt
773 2337 912 2420 indocti,
952 2340 1001 2399 de·

83 2425 165 2504 cepti
180 2422 358 2510 κακοζηλίᾳ
370 2422 593 2502 exemplorum,
608 2440 687 2502 quae
700 2421 840 2502 leguntur
863 2422 906 2482 db:
916 2441 1002 2482 sanc·

79 2507 136 2587 tis,
159 2513 190 2566 et
219 2507 264 2566 sic
290 2506 529 2568 ratiocinantur:
562 2503 648 2565 Haec
680 2504 878 2584 leguntur‘in
902 2505 1000 2586 Mose,

81 2589 133 2650 bic
155 2595 279 2649 constat
302 2589 400 2651 Deum
423 2589 522 2669 ipsum
546 2587 680 2648 locutum
705 2605 783 2666 esse,
805 2585 882 2647 haec
905 2605 1001 2669 opera

81 2672 165 2732 Deus
195 2671 351 2734 mandavit
383 2673 520 2752 sanctis,
554 2670 693 2731 ethaeo
714 2675 841 2730 testatus
877 2676 922 2728 est
945 2670 1001 2731 sibi

80 2754 215 2836 placere,
239 2768 314 2835 ergo
334 2774 462 2817 necesse
485 2760 583 2814 estet
606 2772 663 2813 uos
687 2752 794 2812 eadem
816 2753 927 2817 facere.
951 2751 1001 2813 Sic

79 2837 271 2899 Monetarius
291 2846 323 2899 et
344 2840 409 2900 eius
432 2837 588 2914 satellites,
612 2842 734 2898 autores
758 2836 926 2914 seditionis,
949 2855 1000 2897 vo·
1100 2833 1103 2837 ’

80 2920 287 2982 ciferabautur
306 2924 337 2982 in
360 2921 491 3002 populo:
519 2920 602 2980 Deus
629 2919 750 2980 locutus
781 2926 827 2980 est
849 2919 1001 2998 Gedeoni,

80 3010 114 3064 ut
134 3003 291 3065 occideret
312 3006 503 3083 Midianitas,
525 3002 679 3064 mandavit
702 3002 819 3084 populo
842 3003 945 3082 Israel,
968 3009 1002 3063 ut
1092 3024 1096 3028 ’
1145 2978 1147 2983 ,

80 3086 120 3149 ud
144 3088 379 3149 internicionem
417 3106 512 3167 usque
547 3086 683 3146 delerent
718 3084 947 3165 Amalechitas,
972 3092 1002 3146 et

81 3170 142 3230 hoc
165 3169 282 3251 placuit
302 3171 397 3248 Deo,
430 3178 459 3231 et
487 3170 668 3250 laudantur,
705 3169 755 3248 qui
785 3169 1002 3247 praestiterunt

24 3273 29 3281 ·
80 3252 307 3333 obedientiam,
337 3273 411 3334 ergo
434 3259 464 3313 et
488 3272 544 3313 nos
568 3253 725 3312 deleamus
759 3271 866 3312 ornnes
889 3253 1000 3331 impios

20 3333 25 3339 ’
77 3337 236 3418 principes
260 3343 291 3397 et
312 3338 515 3416 magistratus.
559 3335 617 3394 Hic
638 3335 778 3415 imperite
801 3333 887 3414 plebs
910 3341 1001 3414 capta

78 3419 127 3480 bis
148 3420 251 3481 verbis
285 3417 379 3500 (haec
401 3420 485 3479 Deus
512 3420 578 3500 ipse
606 3418 727 3478 locutus
756 3425 821 3498 est,
850 3416 911 3477 hoc
942 3418 998 3478 Dei

78 3501 257 3564 mandatum
281 3507 345 3578 est)
371 3503 430 3563 ruit
452 3520 636 3581 quocunque
659 3500 788 3580 ducitur,
812 3508 844 3561 ut
864 3501 999 3578 ,aldone-

79 3585 158 3646 tario
196 3593 227 3645 et
265 3586 331 3650 auis
375 3604 488 3666 magna
519 3582 681 3646 multitudo
725 3585 852 3645 seducta
889 3586 999 3644 misere

100 3668 179 3730 eriit.

78 3689 98 3748 p
163 3750 222 3811 Hic
243 3770 317 3832 ergo
342 3769 469 3812 necesse
492 3757 539 3810 est
559 3769 653 3811 nosse
667 3749 827 3811 discrimen
852 3750 929 3810 inter
952 3768 1000 3828 ee,
