2348 4162
202 252 266 319 446
385 254 441 311 Cur
457 260 487 311 et
504 252 645 325 quomodo
663 252 850 311 mnam
869 254 957 312 (lone.

205 424 244 485 de
265 444 325 505 qua
346 425 492 487 oriundus
513 444 598 505 sum,
619 423 747 505 habeat,
769 424 894 486 adiutor
912 426 960 487 eis
983 442 1056 504 ero,
1087 422 1122 485 ad

205 507 447 588 defendendum,
482 509 677 572 retinendum
701 516 733 570 et
752 509 1000 590 recuperandum
1022 516 1123 569 contra

205 610 313 652 omnes
346 592 496 653 homines.
551 591 784 653 Tabcllionatns
822 591 958 653 olllcium
998 590 1124 653 fldeliter

204 674 367 753 exercebo,
391 682 583 755 contractus,
615 676 646 735 in
671 674 780 754 quibus
802 677 1123 755 exigitnrconsenms

205 761 348 841 partium,
370 758 500 819 fideliter
521 759 648 838 faciam,
684 758 758 820 nihil
791 758 935 820 addendo
959 758 1011 819 vel
1034 759 1124 819 minn-

205 842 303 922 endo,
327 844 385 902 nisi
408 842 446 902 de
470 860 623 903 consensu
645 843 794 922 partium,
818 842 902 921 quod
924 841 1122 903 substantiam

204 926 353 986 immutet.
396 924 429 986 ei
461 944 535 985 vero
557 924 596 985 ad
625 924 849 985 conficiendum
871 925 999 1005 aliquod
1021 927 1122 985 iustru-

205 1016 340 1069 mentum
363 1009 451 1068 unins
474 1008 569 1069 solius
591 1011 685 1087 partis
707 1010 747 1068 sit
766 1009 951 1089 requirenda
973 1008 1121 1089 voluntas,

203 1090 265 1153 lroc
286 1093 387 1172 ipsum
409 1091 530 1165 faciam,
552 1089 686 1169 aliquem
704 1100 905 1172 contractum,
927 1093 959 1151 in
982 1108 1048 1171 quo
1070 1108 1121 1171 ego

203 1177 299 1235 eciam
318 1176 423 1234 vitium
447 1175 496 1233 rel
509 1175 645 1235 lrnudem
661 1176 856 1252 intervenire,
878 1193 941 1235 non
955 1173 1121 1237 conficiam.

205 1259 388 1319 Contractus
418 1258 448 1316 in
471 1257 679 1318 Protocollum
711 1259 867 1339 redigam,
898 1265 931 1319 et
962 1265 1120 1339 postquam

204 1340 364 1421 redegero,
387 1342 540 1401 malitiose
561 1360 623 1401 non
637 1340 785 1421 differam,
807 1350 914 1403 contra
935 1342 1119 1402 voluntatem

203 1424 342 1503 illorum,
374 1443 503 1503 quorum
524 1425 660 1484 intererit
681 1445 833 1505 supereo
854 1424 1014 1505 publicum
1037 1422 1120 1486 ocull·

204 1526 274 1567 cere
295 1510 549 1589 instrumentum,
582 1508 670 1569 salvo
705 1528 773 1570 meo
803 1511 884 1569 iusto
907 1508 1037 1570 solario.
1077 1505 1121 1567 bic

204 1590 287 1651 Deus
310 1611 359 1651 me
381 1589 513 1669 adiuvet,
537 1600 568 1651 et
588 1591 668 1651 baec
688 1598 796 1653 sancta
817 1593 875 1653 Dei
896 1590 1079 1673 Evangelia.

204 1755 345 1836 Sequitur
378 1763 489 1818 retus
523 1755 694 1816 formula
730 1756 943 1817 iuramenti
973 1758 1120 1837 episco-

203 1860 346 1920 porum,
368 1850 399 1900 et
419 1842 545 1921 ponitur
566 1840 831 1982 incllqprctalibus
854 1839 892 1901 de
913 1839 1120 1902 iureiurando:

624 1967 632 1983 .
682 1940 734 2003 go.

285 2088 354 2168 Ego
367 2085 406 2169 a)
428 2085 469 2149 N.
494 2088 670 2167 Episcopus
703 2086 742 2147 ab
764 2087 824 2148 bac
855 2087 934 2149 hora
966 2090 998 2149 in
1037 2091 1121 2149 antee

202 2170 302 2232 fidelis
325 2190 377 2231 ero
411 2171 442 2235 S.
465 2171 553 2231 Petro
582 2178 770 2249 sanctaeque
792 2170 996 2252 Apostolicae
1018 2172 1120 2234 Roma·

204 2274 262 2315 nac
284 2254 452 2333 ecclesiae,
483 2253 671 2334 dominoque
701 2272 770 2314 meo
793 2254 830 2318 N.
853 2253 975 2336 Papae,
999 2257 1119 2334 eiusque

202 2338 432 2399 successoribus
455 2340 604 2398 canonice
625 2336 822 2417 intrantibus,
855 2356 918 2398 non
948 2356 1004 2399 ero
1026 2355 1119 2417 neque

201 2424 232 2480 in
255 2422 401 2500 consilio,
439 2439 540 2500 neque
561 2422 591 2481 in
614 2420 712 2498 iacto,
744 2429 777 2480 ut
808 2422 902 2480 vitam
925 2421 1036 2501 perdat
1073 2426 1120 2481 aut

203 2504 388 2581 membrum,
410 2506 458 2565 vel
482 2506 620 2583 capiatur
642 2504 723 2563 mala
744 2505 898 2584 captione.
942 2504 1118 2583 Consilium,

202 2587 284 2667 quod
308 2588 391 2666 inihi,
414 2596 466 2648 aut
486 2608 542 2669 per
562 2607 606 2666 se,
628 2595 682 2647 ant
702 2587 880 2667 perlitcras,
902 2596 956 2647 ant
976 2608 1035 2669 per
1046 2607 1119 2648 nun·

204 2674 282 2731 cinm
307 2670 527 2750 manifestabit,
559 2671 597 2730 ad
621 2672 686 2730 eius
714 2670 857 2730 damnum
880 2670 955 2730 nulli
978 2671 1117 2751 pandam.

202 2754 351 2834 Papatum
375 2754 535 2815 Romanae
556 2754 707 2814 ecclesiae
738 2760 769 2813 et
800 2754 922 2834 regulas
947 2758 1117 2817 sanctornm

202 3042 432 3112 abominationes,
452 3059 522 3113 quas
540 3042 625 3098 habet
641 3058 702 3098 cum
714 3042 855 3111 superiore
865 3058 1037 3113 communes,
1054 3044 1120 3099 duss

203 3116 394 3184 complectitur
412 3116 540 3185 proprias
559 3131 593 3170 ac
611 3130 713 3181 novas,
743 3129 825 3168 unam
835 3155 842 3183 ,
872 3115 949 3184 quod
967 3116 1120 3187 specialiter

202 3196 299 3241 contra
318 3189 436 3257 patriam
454 3189 545 3242 iurare
564 3188 681 3258 cogitur,
702 3185 777 3254 quod
799 3192 842 3243 cst
863 3202 968 3259 magna
986 3189 1119 3259 impietas,

202 3262 334 3329 alteram,
361 3262 435 3329 qnod
454 3260 564 3328 Papatn
584 3261 628 3315 vel
648 3258 709 3313 aliis
731 3258 813 3327 nugis
834 3258 983 3327 Papisticis
1016 3259 1121 3315 arnissis

202 3334 237 3388 de
255 3334 465 3401 recuperatione
492 3333 656 3387 mentionem
674 3331 753 3395 facit,
780 3332 856 3399 quod
883 3338 928 3386 est
955 3331 1121 3389 incredibilis

201 3404 355 3473 pertinacia
373 3412 471 3458 contra
482 3403 618 3459 Christum
639 3410 667 3458 et
685 3401 799 3457 verbum
817 3404 884 3458 eius.
920 3404 971 3460 Illa
989 3406 1064 3460 enim
1081 3420 1121 3459 sc

202 3476 245 3531 lus
273 3477 410 3545 Papatum
445 3491 496 3544 por
523 3476 637 3531 verbum
664 3481 693 3530 et
721 3473 853 3542 Spiritum
882 3490 962 3531 suuni
992 3478 1121 3533 desmuu.

203 3550 235 3616 ⁸)
256 3549 329 3603 Nota
348 3547 477 3602 editionis
497 3548 579 3617 crig.:
599 3546 744 3602 consentit
761 3552 790 3601 et
807 3545 861 3601 hoc
873 3546 1058 3605 iuramentum
1070 3562 1121 3603 ma·

201 3634 259 3743 pua
278 3624 410 3688 exparte
430 3620 608 3688 cumprime,
629 3625 658 3674 ct
675 3616 761 3672 habat
781 3618 948 3686 peculiarem
970 3620 1120 3678 clanculam

221 3708 236 3744 a
255 3690 393 3746 liminibus
411 3693 602 3759 apostolorum
615 3689 764 3760 quotannis
782 3690 944 3753 visitandist
965 3694 1027 3750 eius
1045 3691 1118 3749 intel·

200 3762 343 3831 ligantiam
362 3776 465 3831 quaere
477 3769 542 3830 post
558 3761 712 3832 proximum
729 3764 920 3818 iuramentum.
