2348 4162
202 265 266 332 210
448 265 491 321 De
508 278 590 320 servo
608 263 723 320 arbitrio
740 264 774 319 D.
793 264 827 318 Μ.
845 264 876 318 L.

204 437 286 497 Deus
309 437 473 516 permittat.
507 436 577 497 Non
600 437 692 516 igitur
711 435 849 516 ridicule,
872 434 925 495 sed
949 435 1126 495 necessaria

203 521 354 600 gravitate
375 519 526 580 diceretur
547 521 578 579 in
600 518 683 579 bivio
710 519 899 598 consistenti,
922 525 1021 579 utram
1045 518 1124 579 viam

203 604 290 664 votes
312 604 496 683 ingreditor,
529 603 554 662 si
575 603 643 683 ipse
666 602 714 662 vel
737 600 872 661 infirmus
895 600 952 662 sibi
974 600 1063 662 fortis
1085 602 1125 660 vi-

203 685 267 747 deri
300 686 392 747 vellet
428 693 481 746 aut
509 687 589 746 viam
624 692 763 746 neutram
797 703 866 745 esse
888 684 1027 745 clausam
1050 701 1124 744 con·

207 768 355 830 tenderet.

237 866 240 872 ·
286 849 389 925 Quare
413 851 489 932 legis
511 850 606 911 verba
627 849 777 928 dicuntur,
800 868 862 911 non
885 854 918 909 ut
938 849 1000 909 vim
1019 847 1126 926 volun·

205 936 275 996 tatis
298 933 470 1010 affirment,
491 932 546 994 sed
570 940 602 993 ut
623 952 747 997 caecam
770 933 920 993 rationem
942 931 1124 1009 illuminent,

205 1035 265 1097 quo
290 1017 402 1096 videat,
426 1034 516 1097 quam
540 1016 624 1077 nulla
647 1017 686 1076 sit
707 1035 763 1076 sua
785 1016 838 1076 lux
858 1024 889 1076 et
910 1013 994 1075 nulla
1017 1013 1125 1091 ,volun-

204 1102 275 1160 tatis
299 1101 403 1160 virtus.
448 1099 593 1180 Cognitis
629 1100 749 1180 peccati
775 1100 834 1178 (ait
854 1097 984 1179 Paulus)
1008 1115 1067 1178 per
1086 1096 1125 1157 le-

204 1202 291 1263 gem,
328 1201 390 1243 non
413 1183 470 1263 ait,
505 1183 632 1244 abolitio
661 1188 713 1242 aut
746 1183 852 1243 vitatio
875 1184 1005 1262 peccati.
1049 1180 1126 1241 Tota

204 1267 282 1327 ratio
306 1272 336 1325 et
357 1266 451 1325 virtus
474 1265 550 1347 legis
574 1272 621 1326 est
652 1267 684 1326 iu
719 1265 787 1326 sola
810 1265 1006 1346 cognitione,
1029 1280 1125 1343 eaque

209 1367 272 1409 non
295 1349 351 1408 nisi
373 1351 505 1428 peccati,
528 1348 730 1429 praestanda,
753 1367 815 1410 nou
838 1355 939 1408 autem
961 1348 992 1407 iu
1018 1348 1125 1407 virtute

205 1431 308 1510 aliqua
319 1431 512 1493 ostendenda
530 1440 581 1492 aut
596 1431 792 1494 conferenda.
814 1430 958 1510 cognitio
971 1430 1055 1491 enim
1067 1448 1125 1490 non

206 1522 253 1575 est
274 1516 335 1593 vis,
369 1532 470 1595 neque
492 1515 611 1575 confert
631 1516 709 1591 vim,
731 1514 785 1575 sed
809 1512 909 1575 erudit
931 1519 962 1574 et
983 1511 1125 1591 ostendit,

201 1597 288 1677 quod
321 1598 406 1658 nulla
427 1599 467 1659 sit
486 1597 529 1659 ibi
550 1598 615 1677 vis,
648 1605 678 1658 et
700 1604 814 1677 quanta
836 1599 875 1657 sit
895 1594 938 1657 ibi
958 1594 1125 1673 infirmitas,

206 1700 276 1741 nam
299 1682 435 1760 cognitio
458 1683 589 1760 peccati,
614 1680 686 1760 quid
708 1679 791 1741 aliud
814 1698 884 1741 esse
900 1686 1013 1760 potest,
1038 1678 1140 1758 quam'

207 1765 314 1824 notitia
334 1763 517 1825 infirmitatis
550 1772 581 1824 et
603 1763 676 1824 mali
699 1764 814 1840 nostri,
847 1781 910 1824 non
939 1764 1022 1824 enim
1047 1762 1127 1841 dicit,

206 1866 260 1926 per
282 1846 382 1925 legem
406 1849 489 1909 venit
510 1847 646 1927 cognitio
671 1848 788 1908 virtutis
812 1844 964 1924 autbodi,
984 1853 1017 1906 ct
1031 1853 1126 1907 totum

205 1929 288 2009 quod
310 1930 383 1990 facit
414 1929 466 1990 lex
491 1929 587 2013 (teste
609 1929 726 2011 Panlo)
750 1937 806 2010 est,
844 1935 876 1989 ut
898 1936 1061 2011 peccatum
1079 1946 1125 1990 co·

205 2015 313 2094 gnosoi
336 2013 438 2074 faciat.

288 2095 389 2176 Atque
410 2096 436 2156 is
459 2103 505 2156 est
533 2095 636 2175 locus,
672 2097 753 2157 nuda
774 2095 847 2158 mihi
870 2101 994 2176 sumpta
1017 2101 1065 2155 est
1086 2113 1127 2156 ra·

206 2180 333 2259 sponsio
368 2180 441 2256 ista,
475 2178 575 2239 verbis
599 2177 676 2259 legis
700 2180 818 2242 moueri
840 2196 878 2238 ac
899 2177 1012 2239 erudiri
1033 2177 1126 2239 homi·

206 2282 292 2340 nem,
315 2262 386 2341 quid
410 2262 532 2342 debeat,
555 2279 618 2322 non
641 2264 712 2341 quid
735 2263 850 2344 possit,
882 2260 999 2342 idest,
1023 2267 1058 2322 ut
1079 2278 1126 2323 co·

205 2353 336 2426 gnoscat
357 2352 534 2426 peccatum,
555 2364 618 2405 non
641 2352 675 2405 ut
697 2347 801 2407 credat
823 2344 881 2405 sibi
903 2362 973 2404 esse
994 2344 1124 2423 utiquam

205 2430 277 2490 viru.
320 2427 452 2490 Proinde
474 2429 604 2507 quoties,
627 2429 666 2487 mi
680 2429 816 2510 Erasme,
838 2427 911 2488 mihi
934 2426 1030 2488 verba
1050 2428 1124 2509 legis

128 2560 136 2575 .
206 2513 358 2591 opponis,
391 2531 548 2591 opponam
580 2509 633 2570 tibi
655 2512 728 2573 illud
751 2513 853 2574 Pauli:
873 2511 932 2574 Per
952 2510 1056 2591 legem
1079 2528 1125 2571 oo·

205 2597 302 2674 gnitio
325 2596 459 2675 peccati,
484 2613 545 2654 uon
569 2596 662 2655 virtus
688 2597 863 2657 voluntatis.
910 2593 1055 2673 Congere
1076 2595 1125 2675 igi·

205 2685 262 2755 tur,
286 2678 335 2737 vel
347 2697 386 2737 ex
401 2675 637 2738 Ooncordantiis
650 2679 827 2755 maioribus,
850 2677 954 2737 omnia
966 2677 1062 2739 verba
1075 2678 1125 2736 im-

205 2762 344 2840 perativa
365 2762 394 2820 in
418 2781 509 2820 unum
533 2760 638 2840 chaos,
662 2763 755 2824 modo
779 2781 841 2822 non
863 2760 974 2820 fuerint
1000 2761 1124 2841 promis-

207 2843 321 2918 sionis,
355 2843 408 2902 sed
432 2844 603 2903 exactionis
626 2851 657 2903 et
677 2845 754 2926 legis
777 2843 885 2923 verba,
920 2860 996 2904 mox
1018 2842 1123 2919 dicam,

208 2942 329 3005 semper
351 2925 409 2985 iltis
431 2925 607 3008 significari,
632 2929 703 3006 quid
727 2928 868 3000 debeant,
893 2943 954 2986 non
970 2926 1044 3005 quid
1059 2944 1124 3007 pos·

206 3009 266 3067 sint
288 3012 341 3067 aut
361 3007 475 3069 faciant
496 3010 647 3073 homines.
690 3011 793 3091 Atque
815 3010 845 3071 id
864 3009 956 3070 etiam
969 3008 1124 3071 Gramma-

206 3091 257 3149 tici
281 3096 311 3150 et
324 3093 409 3170 pueri
420 3093 451 3151 iu
475 3093 570 3152 triviis
593 3094 704 3172 sciunt,
725 3094 825 3155 verbis
847 3093 1022 3172 imperativi
1046 3090 1124 3153 modi

206 3172 280 3233 nihil
303 3174 433 3254 amplius
455 3173 630 3256 significari,
653 3196 744 3256 quam
766 3177 807 3259 id,
831 3175 914 3255 quod
931 3175 1044 3237 debeat
1056 3175 1124 3237 fleri.

207 3254 286 3330 Quid
310 3268 412 3318 autem
441 3256 495 3318 fiat
517 3259 566 3319 vel
588 3263 687 3340 possit
717 3260 798 3343 fieri,
830 3259 934 3320 verbis
955 3259 1124 3321 indicativis

206 3347 329 3420 oportet
352 3340 469 3404 disseri.
988 3344 999 3359 '

288 3421 346 3497 Qui
369 3422 404 3483 fit
424 3424 531 3505 igitur,
565 3431 598 3485 ut
629 3446 684 3488 vos
719 3427 856 3508 theologi
890 3428 936 3488 sio
970 3424 1123 3507 ineptictis

206 3505 289 3565 velut
311 3506 356 3565 bis
379 3508 475 3587 pueri,
498 3513 530 3567 ut
542 3526 615 3568 mox
627 3511 822 3591 apprehenso
837 3529 899 3571 uno
911 3509 1009 3571 verbo
1032 3510 1120 3589 impe·

204 3590 304 3649 nativo
326 3590 462 3650 inferatis
474 3589 683 3671 indicativum,
696 3594 783 3673 quasi
805 3595 919 3672 statim,
942 3603 975 3653 ut
997 3592 1121 3673 impera-

205 3680 267 3733 tum
291 3674 339 3752 sit,
363 3675 454 3734 etiam
478 3677 653 3737 necessario
676 3677 788 3737 tactum
812 3686 863 3738 aut
886 3680 968 3737 t'actu
978 3674 1121 3756 possibile

205 3759 254 3816 sit.
299 3755 420 3831 Quanta
442 3760 524 3816 enirn
548 3762 626 3817 inter
649 3777 683 3817 os
708 3769 738 3819 et
752 3760 843 3820 offam
858 3761 1013 3843 accidunt,
1035 3767 1069 3821 ut
1083 3758 1119 3837 id,
