2348 4162
446 270 461 292 -·
503 248 541 308 A.
561 253 640 311 mro.
985 247 1047 318 tot>

130 427 173 482 et·
191 427 339 501 tyrannos
374 428 542 501 pastorum.
591 422 678 485 Unus
712 430 794 487 oerte
830 423 886 485 luit
915 423 1076 502 illorum‚.

129 522 208 584 quos
230 505 381 564 Dominus
410 506 545 565 remissis
568 507 703 586 pateatis
724 506 886 569 idolatriae
907 507 1049 569 mirabili·

129 597 175 647 ter
198 588 332 648 servavit
352 588 382 646 iu
394 588 452 649 ista
463 588 634 668 perditione
646 589 833 653 Antichristi.
877 591 954 651 Nam
967 589 1050 671 quod

118 671 171 731 ita
192 670 345 732 Christum
367 669 441 747 lpoit
467 673 644 754 exemplum
668 680 824 754 pastorum
848 692 901 734 seu
925 671 974 756 (ut
996 693 1050 735 vo-

129 753 196 835 est)
222 755 420 833 (iuratorum,
454 761 485 816 et
518 757 650 836 praefert
683 755 817 818 oftleium
839 763 995 838 pastorum
1020 761 1052 818 et

128 856 250 898 ornnem
282 838 497 918 episcoporum
521 837 634 916 ordini,
674 841 741 918 quia
769 858 830 901 uon
853 841 946 901 sentit
968 839 1051 902 Chri·

128 922 308 997 stianorum,
333 919 362 978 id
386 939 455 982 esse
476 923 638 983 scintillam
652 923 805 1002 quandam
829 943 885 984 seu
907 927 954 1007 (ut
968 923 1051 985 Chri·

128 1011 194 1064 stns
217 1004 308 1081 diuit)
322 1003 415 1064 linum
439 1005 592 1086 fumigans
615 1024 707 1066 verae
718 1007 840 1086 pietatis
861 1014 892 1067 et
904 1008 1051 1068 scientiae

130 1088 186 1148 Dei
208 1088 239 1148 in
261 1093 322 1148 tam
346 1087 472 1166 afflicta,
494 1089 599 1150 humili
621 1095 653 1149 et
665 1091 800 1170 patient-e
812 1090 938 1151 anima?
959 1090 1051 1152 'l’eles

128 1170 184 1232 viri
204 1171 334 1232 luerunt
359 1170 398 1231 de
426 1170 557 1232 eeclesia
579 1172 635 1233 sub
656 1173 790 1256 Papatu,
820 1174 875 1234 etsi
898 1192 960 1235 non
984 1174 1050 1234 sine

127 1254 228 1332 vitiis,
250 1255 385 1335 peueatis
408 1260 438 1315 et
458 1256 628 1335 erroribus,
666 1254 817 1317 Christum
843 1262 943 1318 tamen
968 1256 1052 1317 velut

127 1339 188 1397 iam
212 1338 361 1398 submersi
382 1339 601 1418 suspioientes‚
634 1347 792 1420 gementes
820 1348 851 1400 et
872 1340 1052 1418 clamantes,

129 1420 200 1481 dnm
223 1421 342 1483 interim
372 1421 423 1481 alii
446 1420 555 1483 Oleriei
585 1419 634 1504 (ut
656 1428 786 1493 vocant)
812 1422 936 1484 diabolo
960 1424 1052 1483 servi·

128 1510 252 1584 verunt,
288 1505 350 1565 imo
386 1504 501 1566 diaboli
533 1505 731 1566 ecelesiarum
753 1506 885 1567 fuerunt.
928 1505 976 1569 lta
997 1505 1053 1566 tuit

129 1585 262 1647 eeclesia
283 1595 406 1649 servata
427 1606 483 1668 per
504 1587 658 1670 parochos
681 1595 712 1649 et
733 1587 977 1670 ludimagistros,
1000 1589 1051 1668 qui

128 1677 161 1730 et
178 1671 304 1732 verbnm
327 1669 439 1731 dooere
460 1677 490 1732 et
512 1677 704 1732 sacramenta
717 1672 929 1733 administrare
952 1672 1051 1732 eoaeti

129 1761 215 1831 sunt,
248 1755 305 1814 etsi
327 1772 388 1814 non
412 1756 478 1815 siue
513 1756 587 1815 vitio
616 1756 759 1815 vixerunt
790 1761 821 1815 et
842 1758 971 1835 egerunt
992 1755 1052 1814 alia

129 1854 185 1915 per
203 1837 414 1898 antichristum
438 1844 469 1898 et
490 1856 563 1898 snos
586 1838 740 1920 prinoipes
763 1839 912 1919 oppressi.

487 1954 696 1965 nuu--u--u

353 2001 403 2065 De
423 2003 538 2064 iustitia
559 2003 630 2064 fidei
653 2009 684 2064 et
705 2021 831 2085 opernm

427 2087 465 2149 D.
487 2085 575 2149 lllart.
597 2085 756 2149 Lutherus.

207 2251 301 2328 ¹(Hoe
323 2254 467 2333 seriptum
490 2272 509 2313 a
531 2252 660 2314 Buddeo
681 2254 711 2313 in
736 2249 959 2334 Supplemento
981 2252 1051 2333 Epi·
1159 2261 1161 2265 ‘

129 2333 276 2395 stolarum
299 2334 480 2398 munheri
513 2355 542 2416 p.
565 2338 625 2400 323
652 2334 790 2396 redditur
832 2336 960 2415 margini
990 2335 1053 2396 -hae

128 2425 204 2479 nota
238 2416 408 2499 adseripta:
443 2417 549 2495 „Haeo
571 2417 605 2481 D.
629 2418 669 2480 ll.
691 2416 778 2480 Luth.
812 2420 936 2500 propria
960 2436 1051 2479 manu

129 2501 252 2581 seripait
274 2502 304 2560 in
334 2519 450 2579 novum
473 2499 701 2561 Testamentum
725 2518 811 2560 auum
836 2500 1050 2562 Germanieum

132 2582 177 2655 (u
199 2583 341 2645 Biblioth.
364 2583 485 2663 Templi
507 2583 541 2646 B.
565 2584 699 2663 Virginis
722 2583 881 2650 Helensi.“
905 2584 941 2644 ol.
963 2582 1051 2646 Luth.

129 2665 208 2746 Epp.
233 2666 281 2732 ed.
305 2666 450 2728 deWette
475 2662 697 2750 (deidemann)
723 2666 757 2730 Τ.
781 2667 824 2729 Vl
846 2686 875 2747 p.
897 2664 1006 2743 432).

196 2748 312 2811 -Adam
349 2756 421 2811 ante
449 2768 545 2830 opera
583 2750 794 2811 elsaeritioia
816 2750 1051 2831 promissionem

128 2833 255 2893 seminis
277 2835 412 2914 aceepit,
440 2841 473 2893 ut
495 2839 554 2894 stet
576 2834 703 2914 veritas,
726 2832 799 2893 Fide
820 2835 886 2894 aine
908 2831 1052 2914 operibus

120 2924 161 2975 et
182 2916 326 2977 iustitiam
350 2923 381 2977 et
401 2917 613 2978 remissionem
635 2922 832 2999 pennatorum
856 2915 986 2977 obtineri
1002 2933 1052 2976 eo·

129 3017 194 3058 ram
232 2997 301 3060 Deo
335 3019 374 3059 ex
404 3018 489 3060 mara
523 3000 630 3080 gratia.
681 2999 761 3060 Hine
792 3006 875 3060 reete
896 2998 987 3062 Ebre.
1013 3002 1050 3061 11

130 3079 223 3142 tidem
248 3081 324 3143 Abel
347 3084 376 3142 in
401 3081 552 3142 sacrificio
574 3083 639 3143 eins
661 3082 777 3160 laudet,
799 3080 864 3142 imo
884 3083 965 3142 etin
989 3099 1051 3142 om·

129 3163 324 3232 uibnstaetis
347 3169 378 3227 et
398 3166 493 3247 gestis
517 3164 698 3226 Sanctorum
722 3165 813 3226 fidem
834 3165 949 3226 ibidem
970 3182 1052 3225 eom·

130 3247 256 3309 mendat
277 3249 374 3310 aDeo
396 3254 566 3329 speetatam
579 3257 651 3310 ante
673 3267 784 3329 opera,
808 3251 871 3308 imo
893 3246 1051 3328 perfidem

129 3339 160 3391 et
182 3350 223 3393 ex
243 3330 306 3393 lide
328 3350 424 3411 opera
443 3339 549 3392 seonta
572 3350 652 3394 esse.
694 3332 827 3409 Pnoinde
849 3349 911 3392 non
933 3340 980 3390 est
1001 3329 1052 3390 ad-

129 3413 278 3475 mittenda
300 3414 454 3495 separatio
476 3415 623 3495 iustitiae,
653 3413 724 3475 fldei
745 3421 778 3477 et
798 3432 942 3495 opernm,
964 3413 1053 3492 quasi

128 3499 189 3557 sint
210 3497 289 3558 dnae
311 3495 451 3557 diversae
472 3498 616 3571 iustitiae,
639 3516 724 3560 more
746 3496 975 3577 Sophirtarum,
997 3494 1052 3556 sed

129 3574 177 3640 est
198 3598 259 3640 una
275 3581 389 3640 iustitia
411 3580 552 3660 simplex,
569 3579 640 3641 fidei
662 3586 693 3641 et
714 3598 853 3662 operum,
875 3582 954 3640 sieut
967 3580 1051 3639 Deus

126 3662 273 3724 ethome
296 3682 358 3723 nna
379 3681 524 3742 persona,
547 3669 578 3724 et
599 3665 702 3724 anima
724 3671 755 3725 et
777 3681 888 3744 eorpus
906 3662 1052 3723 unusho-

128 3765 190 3810 mo.
233 3744 264 3808 Si
287 3747 368 3807 enim
390 3764 534 3827 separes,
566 3765 641 3808 mox
661 3748 752 3828 periit
774 3746 867 3828 fldes,
904 3753 934 3807 et
957 3764 1053 3828 opera
1096 3745 1098 3749 ⁴
