2348 4162
185 274 187 279 -
271 242 309 301 ad
326 244 361 301 D.
378 242 523 302 Erasmum
543 242 768 304 Rotarodamun.
923 244 983 313 145

54 434 152 495 quarn
181 434 261 476 unus
288 415 341 476 ille
368 422 399 477 et
427 416 544 478 (lentes
572 425 603 478 et
629 413 764 477 Iudaeos
799 429 985 499 commovet,

53 518 122 579 seu,
146 505 179 559 ut
200 498 314 561 ibidem
336 499 459 578 ipsimet
479 500 585 566 hostes
607 499 730 578 dieunt,
759 507 856 561 totum
879 501 985 564 orbem

53 581 231 644 uontnrbat.
268 580 330 643 Sub
352 581 424 643 Elia
446 582 582 646 turbatur
603 603 730 664 regnum
745 581 852 662 Israel,
875 592 908 645 ut
928 604 993 659 reu¹

54 662 150 726 Ahub
173 665 326 745 queritur3
348 673 479 743 quantus
502 667 647 727 tumultus
669 666 724 726 luit
745 665 801 727 snb
824 666 892 728 aliis
913 685 985 747 pro·

77 748 182 827 hetis,
213 747 286 809 dum
308 766 416 809 omnes
439 751 619 811 ouuiduntur
641 749 690 810 vel
703 749 890 830 lapidantur,
913 750 984 811 dum

90 830 141 892 ael
163 831 282 891 ducitur
305 833 443 912 captivus
465 833 496 892 in
522 834 689 914 Assyrios,
712 834 784 893 item
817 833 888 893 dum
911 833 986 894 Iuda

55 915 89 975 in
111 913 332 995 Babylonem?
351 914 506 976 Haeccine
517 937 580 996 pax
601 914 679 976 fuit?
701 916 830 977 Mundus
853 924 884 976 et
901 917 985 977 Deus

56 999 124 1059 eius
148 996 276 1058 verbum
299 997 357 1057 Dei
390 999 452 1059 veri
474 999 552 1060 ferre
574 1019 636 1060 non
659 1006 786 1079 potest,
820 1018 878 1060 neu
912 1000 985 1077 vult,

56 1080 255 1159 Deus'vgrus
277 1087 379 1141 tauers
408 1101 465 1142 nes
487 1083 553 1143 vult
585 1102 643 1142 nes
677 1088 790 1165 potest,
824 1084 896 1162 quid
920 1084 983 1144 iam

55 1163 118 1225 illis
142 1162 261 1224 duobus
284 1163 342 1224 diis
364 1163 548 1227 bellantibus
580 1167 638 1225 nisi
670 1164 814 1226 tumultus
847 1165 934 1227 flaret
953 1167 984 1228 iu

56 1246 291 1308 talemundo?

140 1328 207 1391 Hos
229 1330 320 1410 igitur
341 1330 486 1391 tumultus
509 1331 588 1392 velle
601 1329 710 1392 sedare
733 1330 815 1392 aliud
829 1332 903 1392 nihil
926 1339 984 1412 est,

55 1432 152 1493 qnam
173 1410 400 1473 valle⁴verbum
421 1414 477 1474 Dei
493 1415 601 1476 tollere
623 1413 838 1494 etprohibere.
876 1415 983 1478 Sermo

56 1497 141 1557 enim
153 1496 210 1557 Dei
234 1498 316 1556 venit
328 1503 497 1558 mutaturus
511 1505 542 1558 et
556 1498 757 1559 innovaturus
781 1497 896 1577 orbem,
909 1518 985 1578 quo-

56 1581 116 1641 ties
138 1579 231 1646 venit,
285 1580 442 1640 Aletium
469 1581 600 1660 gentiles
632 1581 797 1661 scriptores
825 1589 985 1660 testantur,
1042 1630 1046 1640 .

56 1663 247 1725 mutationes
269 1682 369 1725 rerum
391 1665 458 1723 sins
481 1672 565 1725 motu
587 1671 618 1724 et
639 1663 790 1736 tumultu,⁴
822 1665 883 1724 imo
918 1666 984 1726 sine
1054 1731 1056 1735 ,

56 1746 209 1827 sanguine
234 1745 306 1806 ¹lieri
334 1765 396 1806 non
420 1765 522 1827 posse.
566 1746 806 1807 Christianorum
837 1747 898 1807 iem
928 1755 986 1825 est,

54 1829 137 1890 haee
152 1831 307 1909 praesenti
329 1829 432 1890 animo
445 1834 628 1910 exspeuture
651 1829 783 1910 etlerre,
805 1830 985 1892 siuntGhri·

56 1909 169 1988 elusi)
194 1911 281 1972 diuit:
305 1912 382 1973 (lum
393 1913 549 1974 audieritis
564 1913 682 1994 proelia
693 1920 724 1973 et
744 1932 883 1974 rumores
895 1933 985 1993 proe-

57 1994 169 2056 liorum
183 2041 193 2075 ,
217 1995 313 2056 nolite
334 1998 459 2074 terreri,
487 2004 609 2077 oportet
638 1998 768 2077 primum
803 1997 880 2057 haee
908 1996 985 2077 fieri,

57 2077 114 2139 sed
129 2077 275 2139 nundum
296 2081 398 2139 statim
421 2078 500 2140 finis.
543 2079 583 2140 Et
603 2099 673 2161 ega,
699 2081 756 2154 nisi
778 2080 854 2140 istos
877 2082 984 2141 tumul·

58 2168 108 2243 tus
131 2160 278 2241 viderem,
300 2161 427 2225 verbum
450 2162 510 2223 Dei
536 2164 567 2223 in
591 2163 706 2224 ruundu
728 2182 791 2224 non
814 2183 883 2224 esse
905 2164 984 2225 diea-

58 2264 134 2322 rem‚
158 2263 241 2306 nune
263 2263 331 2305 uum
353 2246 492 2326 viduam,
518 2247 640 2326 gaudeo
663 2267 702 2306 ex
725 2248 827 2306 animo
862 2254 892 2307 et
914 2266 985 2308 sun·

57 2335 176 2407 temno,
200 2328 407 2409 certissimus,
431 2327 513 2406 quod
537 2327 643 2409 Papae
674 2349 801 2408 regnum
831 2349 900 2389 aum
922 2332 984 2391 suis

56 2409 297 2472 adhaerentibus
320 2411 466 2471 ruiturum
490 2413 548 2492 sit,
575 2432 646 2472 nam
674 2412 734 2473 hou
755 2413 868 2472 invasit
889 2415 984 2492 potis-

57 2495 171 2555 simum
196 2512 299 2555 sermo
322 2495 390 2573 Dei,
413 2495 465 2572 qui
485 2514 567 2555 nunu
589 2497 689 2557 currit.
725 2494 824 2555 Video
847 2514 922 2555 sans
944 2504 984 2576 te,

58 2579 99 2639 mi
121 2577 267 2656 Erasme,
289 2578 321 2636 in
343 2577 445 2638 multis
467 2576 550 2638 libris
573 2579 658 2657 queri
693 2576 731 2638 de
751 2578 817 2637 istis
849 2578 984 2639 tumulti-

58 2660 132 2742 bus,
165 2660 204 2721 de
232 2663 345 2721 amissa
367 2679 444 2740 paee
467 2668 497 2720 et
519 2660 707 2741 eoncordia,
742 2659 854 2721 deinde
889 2662 984 2723 multa

57 2745 192 2821 conaris,
204 2751 237 2805 ut
248 2742 409 2823 medearis,
424 2743 505 2805 bono
522 2750 573 2818 (ut
590 2744 730 2823 equidem
744 2744 855 2821 uredo)
870 2746 984 2823 animo,

57 2826 112 2888 sed
143 2826 226 2888 ridet
256 2825 390 2887 medieas
425 2833 494 2887 tuas
528 2829 587 2888 ista
616 2827 755 2907 podagra
778 2847 904 2907 manus3
934 2828 985 2889 hia

57 2910 140 2971 enim
163 2929 245 2990 vere,
267 2909 350 2989 quod
373 2908 459 2990 diuis,
484 2917 592 2979 eontra
607 2909 732 2971 fluvium
755 2912 894 2992 navigas,
918 2912 980 2972 imo

56 2992 171 3074 stipula
192 2992 367 3053 incendium
390 2994 562 3072 restinguis.
608 2995 718 3054 Desine
740 2996 845 3074 queri,
877 2994 985 3071 desine

58 3075 185 3156 mederi,
206 3076 350 3138 tumultus
373 3076 425 3136 ills
454 3075 596 3137 divinitus
629 3085 659 3137 et
683 3084 774 3154 artus¹
789 3085 836 3138 est
857 3085 887 3137 et
908 3080 984 3158 geri·

57 3166 114 3240 tur,
136 3179 200 3221 nun
223 3159 400 3236 desiturus,
423 3158 529 3220 >donea
551 3167 582 3220 ut
604 3159 701 3221 lutum
723 3160 893 3240 platearum
916 3161 983 3221 red-

57 3242 109 3304 dat
131 3261 240 3305 omnes
261 3243 454 3304 adversarius
477 3242 588 3321 verbi,
617 3262 793 3322 quanquam
815 3242 981 3304 dolendum
1081 3294 1083 3302 .

56 3332 127 3407 est,
158 3334 192 3386 ut
214 3345 292 3407 upus
314 3328 353 3386 sit
374 3332 405 3386 te
427 3333 544 3387 tantum
574 3326 751 3407 theologum
786 3329 846 3388 ista
866 3330 984 3388 muneri

56 3428 169 3554 ppppps
180 3408 382 3491 discipulum,
414 3411 465 3490 qui
498 3409 628 3471 aliorum
663 3409 809 3491 magister
841 3429 910 3470 esse
932 3409 983 3472 ds·
1067 3421 1070 3425 ’

276 3656 483 3666 -—--—---·-

130 3759 162 3828 ⁴¹)
183 3757 280 3814 Matlh.
299 3760 343 3818 24.

82 3863 176 3908 Lnthsrl
190 3875 244 3916 opp.
257 3864 284 3909 V.
299 3864 325 3908 A·
342 3865 371 3907 ad
383 3865 425 3906 ref.
439 3863 490 3906 hist.
504 3864 518 3909 l.
532 3876 555 3916 p.
569 3863 618 3908 Vol.
634 3863 684 3910 vn·
821 3834 879 3909 m.
