2348 4162
73 198 76 205 ’
189 213 254 281 274
436 214 480 271 ne
496 229 579 271 servo
597 213 712 270 arsam
729 214 764 269 n.
781 215 816 269 u.
835 192 866 271 ιζ
886 220 891 229 ·

190 387 287 449 multa
308 387 355 446 vir
375 386 428 447 ille
452 385 508 468 (ea
528 387 585 448 luit
608 388 771 448 oscitantia
785 394 817 448 et
827 387 983 449 hebetudo
999 388 1067 449 eius
1083 388 1116 449 in

190 467 355 551 scripturis
368 470 593 551 intelligendis)
619 472 712 550 impie
734 460 848 548 scribit,
871 470 1002 532 diatriba
1013 472 1116 552 ipsum

189 556 257 615 siue
277 552 390 614 iudicio
413 554 527 634 arripit,
549 572 608 614 nec
628 554 732 634 glossa
755 553 865 614 saltem
887 555 992 634 aliqua
1009 554 1115 635 digna·

190 643 239 698 tur
261 637 419 717 mitigare,
452 637 508 698 sed
531 636 615 698 velut
636 637 806 697 certissimo
830 638 958 699 oraculo
981 636 1116 718 Scriptu-

190 739 240 781 ras
263 719 381 781 divinas
408 724 440 780 et
469 719 585 780 iudicat
615 726 647 781 et
668 725 827 799 temperat.
872 721 924 781 Sic
945 721 1042 801 impia
1061 720 1117 782 ho·

191 804 306 864 minum
330 802 410 863 dicta
431 821 488 883 pro
511 803 624 884 regulis
645 808 677 863 et
698 803 847 864 mensuris
871 803 995 865 divinae
1010 803 1116 885 Scrip-

191 893 278 947 turae
311 886 489 965 accipimus.
537 887 578 947 Et
612 885 713 947 adhuc
746 887 907 969 miramur,
934 886 1020 947 illam
1049 886 1116 949 lieri

191 968 366 1049 ambiguam
390 975 420 1028 et
442 968 620 1046 obscuram,
642 970 809 1048 Patresque
841 976 887 1030 tot
917 971 949 1030 in
970 969 1025 1031 illa
1046 988 1117 1033 cae·

192 1053 298 1127 cutire,
320 1071 391 1112 cum
412 1051 472 1112 hac
492 1055 613 1114 ratione
634 1054 728 1132 impia
750 1060 781 1114 et
802 1053 954 1134 sacrilega
974 1051 1039 1116 fiat.

274 1135 450 1196 Anathema
471 1138 510 1196 sit
530 1137 640 1216 igitur,
676 1137 727 1215 qui
750 1136 871 1213 dixerit,
893 1156 932 1197 ea
953 1155 1017 1197 non
1039 1155 1116 1218 pug·
1145 1128 1152 1141 ⁸

192 1219 268 1280 nare
289 1219 367 1279 locis
390 1219 466 1295 auis,
503 1238 582 1298 quae
605 1219 686 1298 apud
703 1219 831 1280 Paulum
853 1225 1003 1300 pugnant.
1045 1219 1118 1281 Hoc

192 1305 273 1364 enim
296 1301 406 1362 dicitur
427 1301 537 1379 solum,
559 1302 614 1362 sed
638 1321 700 1363 non
724 1302 885 1381 probatur,
907 1303 1018 1364 dicitur
1040 1322 1114 1364 vero

192 1385 231 1447 ab
252 1387 306 1464 iia,
335 1385 385 1464 qui
410 1404 510 1464 neque
531 1386 660 1447 Paulum
688 1404 747 1445 nec
771 1386 857 1447 locas
880 1384 919 1450 ab
942 1387 1115 1461 eocitatos

192 1468 377 1548 intelligunt,
399 1467 454 1527 sed
477 1469 636 1530 vocabulis
664 1469 800 1549 acceptia
834 1487 907 1547 suo,
928 1469 959 1529 id
982 1476 1040 1549 est,
1061 1470 1115 1531 im·

140 1620 144 1625 ⁸
192 1553 244 1634 pio
278 1571 370 1611 sensu
408 1551 562 1617 falluntur.
606 1552 646 1613 Ut
677 1553 759 1612 enim
782 1555 916 1613 maxime
949 1552 1001 1613 hic
1026 1554 1114 1614 locus

193 1634 291 1700 Gene.
306 1635 345 1698 25
379 1633 417 1694 de
446 1638 593 1696 servitute
614 1635 777 1715 temporali
798 1634 867 1712 sola
893 1635 1115 1717 intelligeretur

194 1717 659 1881 ttttttttttttlttr
679 1718 1116 1884 tttttltlttltt

79 1950 82 1955 ,
193 1883 489 1966 permeritalacob
512 1893 564 1946 aut
586 1885 686 1966 Esau,
719 1884 773 1945 sed
806 1904 871 1966 per
904 1893 1112 1948 vocantem

194 1968 307 2030 dictum
330 1986 400 2028 esse
421 1967 460 2027 ad
483 1966 603 2029 Seram:
625 1969 724 2029 Maior
745 1971 858 2029 serviet
879 1969 1001 2031 minori.

113 2060 116 2065 “
276 2050 389 2111 Paulus
402 2050 548 2132 disputat,
570 2072 609 2112 au
631 2052 674 2111 illi
694 2052 803 2112 virtute
823 2059 877 2112 aut
898 2052 1014 2113 meritis
1028 2051 1129 2114 liberi.

194 2135 308 2195 arbitrii
329 2135 524 2214 pervenerint
545 2134 583 2195 ad
605 2134 646 2213 id,
670 2134 751 2215 quod
776 2134 815 2195 de
837 2137 881 2196 eis
905 2134 1026 2215 dicitur,
1047 2154 1112 2217 pro·

193 2219 328 2297 batque,
359 2217 441 2295 quod
482 2237 561 2299 non,
599 2218 652 2278 sed
683 2217 751 2278 sola
778 2219 918 2279 vocantis
947 2220 1050 2299 gratia
1076 2236 1111 2281 ec

193 2301 367 2382 pervenerit
387 2300 497 2380 Iacob,
526 2320 587 2380 quo
616 2320 678 2362 non
706 2303 846 2381 pervenit
866 2301 959 2365 Esau.
1002 2302 1113 2364 Probat

194 2391 296 2446 autem
318 2384 349 2445 id
370 2385 490 2444 invictis
514 2384 613 2446 verbis
637 2385 826 2464 scripturae,
859 2385 994 2465 scilicet,
1031 2382 1111 2466 quod
1159 2398 1163 2405 ·

194 2467 330 2529 nondum
353 2469 427 2544 nati,
448 2469 532 2547 item,
554 2467 625 2528 nihil
650 2469 723 2528 boni
745 2476 797 2528 aut
819 2468 889 2529 mali
914 2471 1036 2549 operati
1055 2469 1112 2529 lua·

194 2553 264 2616 rint.
307 2553 409 2631 Atque
431 2552 461 2610 in
483 2550 541 2614 hac
563 2551 746 2631 probatione
767 2552 897 2626 situm1)
924 2558 972 2613 est
992 2552 1113 2632 pondus

192 2655 305 2712 rerum,
327 2635 389 2696 boc
410 2636 509 2714 agitur
531 2636 562 2694 in
583 2635 643 2695 ista
660 2654 763 2696 eausa.
791 2635 929 2695 Diatribe
952 2654 1028 2697 vero
1050 2635 1113 2697 istis

195 2718 336 2781 omnibus
358 2718 483 2797 egregia
508 2717 661 2778 rhetorica
692 2719 824 2778 transitis
854 2724 886 2779 et
916 2715 1114 2781 dissimulatis

194 2798 425 2882 disputatuihil
448 2800 637 2877 demeritis,
672 2801 754 2881 quod
787 2806 889 2862 tamen
924 2804 1063 2884 suscepit
1083 2808 1115 2861 ut

193 2886 318 2964 laceret,
342 2882 424 2964 quod
447 2890 478 2945 et
499 2887 639 2945 tractatio
662 2885 747 2945 Pauli
771 2885 882 2966 exigit,
915 2885 970 2947 sed
994 2886 1035 2947 de
1055 2905 1113 2947 aar·

195 2970 291 3028 vitute
312 2967 472 3049 temporali
496 2968 664 3042 cavillatur,
687 2969 773 3048 quasi
795 2968 857 3029 hoc
868 2968 983 3048 aliquid
999 2969 1039 3031 ad
1052 2988 1113 3031 ram

194 3052 361 3133 pertineat,
388 3057 505 3112 tantum
540 3071 579 3112 ne
611 3050 749 3112 videatur
780 3052 861 3112 victa
893 3053 1115 3133 potentissimis

194 3133 281 3195 Pauli
304 3135 415 3197 verbis.
460 3133 539 3209 quid
563 3135 642 3195 enim
667 3134 803 3213 haberet,
825 3136 909 3215 quod
932 3138 1116 3218 ogganniret

195 3224 302 3278 contra
321 3218 448 3279 Paulum
482 3237 537 3297 pro
571 3218 666 3279 libero
695 3218 840 3281 arbitrio?
883 3218 965 3295 Quid
988 3219 1114 3283 liberum

195 3301 352 3363 arbitrium
373 3302 448 3363 iuvit
470 3300 586 3362 lacob?
613 3300 692 3376 quid
716 3302 813 3363 obluit
835 3302 940 3363 Esau?
963 3322 1032 3364 cum
1056 3305 1113 3365 iam

194 3386 401 3466 praescientia
432 3390 463 3445 et
495 3384 701 3446 destinatione
723 3386 780 3446 Dei
816 3391 946 3466 uterque
978 3388 1113 3449 nondum

194 3476 283 3529 natus
305 3469 441 3548 nihilque
455 3464 483 3548 ²)
520 3475 664 3548 operatus
706 3468 848 3531 definitus
881 3477 980 3552 esset,
1014 3471 1115 3551 qualia

194 3661 298 3801 liquam
319 3659 351 3715 In
370 3656 415 3716 ad.
439 3658 510 3716 Iena
539 3658 615 3728 quod
633 3660 724 3717 situm.
766 3664 795 3731 2)
814 3663 845 3717 ln
868 3661 912 3718 ed„
932 3665 1018 3724 15262
1047 3662 1112 3720 nihi·
