2348 4162
140 223 183 291 40
438 219 599 292 Exemplum
617 218 776 290 theologiae

138 388 205 451 istis
226 384 350 448 laudum
362 385 509 467 prodigiis
524 384 673 463 delusum,
695 383 823 445 eredidit
839 401 872 443 ee
895 402 963 443 esee
981 401 1062 442 sunr-

63 476 67 482 '
140 490 223 532 mum
247 470 396 532 ecclesiae
419 468 607 548 miraculum,
630 473 806 548 contempta
829 465 889 527 lide
903 475 932 527 et
946 472 1062 546 negato

140 554 271 620 Christo.
314 553 360 615 Sit
382 553 540 633 virginitas
563 553 628 613 Deo
658 552 848 632 gratissima,
875 550 928 611 sed
950 551 981 610 in
1004 568 1063 610 suo

138 637 234 719 gradu
254 643 285 699 et
301 637 418 718 ordine,
441 643 472 697 ut
482 643 512 695 et
523 636 697 716 coniugium
721 642 845 696 maneat
868 635 934 694 Deo
956 634 1063 714 gratis·

139 723 263 798 simum,
297 719 370 781 nihil
400 725 502 781 autem
524 721 639 799 gratius
664 738 740 799 pure
761 717 822 779 fide
844 719 873 777 in
898 717 1063 793 Christum,

138 805 202 867 iuro
226 804 301 867 nibil
322 809 384 866 tarn
406 808 536 895 gratum.

515 965 674 1047 Sequitur:

137 1137 215 1199 Nam
240 1137 323 1198 Deus
345 1136 519 1218 specialiter
540 1135 630 1280 teligit
659 1135 789 1214 virgines
820 1134 876 1195 sibi
908 1135 957 1195 hic
979 1139 1011 1195 et
1031 1135 1061 1194 in

554 1237 652 1280 uuro.

219 1306 342 1399 Scilicet
364 1343 426 1398 tarn
448 1334 576 1419 cupidus
604 1342 651 1398 est
672 1337 833 1397 multarum
868 1310 1083 1416 sponsarum,¹

139 1426 172 1481 ut
193 1439 232 1481 ne
255 1422 286 1481 in
320 1421 422 1481 futuro
456 1420 579 1500 quidem
615 1439 720 1482 amore
751 1421 906 1501 virginum
944 1419 1063 1499 expleri

138 1504 247 1584 possit.
271 1503 332 1566 Sed
355 1507 433 1564 sicut
455 1502 600 1583 dixi,'hic
620 1499 723 1564 sermo
746 1504 904 1582 exemplar
926 1509 974 1562 est
992 1501 1062 1563 doo-

136 1587 233 1647 trinac
256 1588 442 1668 papisticae,
472 1586 543 1647 ideo
566 1606 621 1666 per
643 1586 764 1667 sin‘gulc
787 1586 881 1647 verba
903 1588 998 1666 spirat
1020 1586 1062 1645 vi·

138 1689 209 1730 num
242 1670 316 1730 illud
352 1671 563 1732 fornicationis
586 1671 616 1730 iu
640 1689 734 1731 aureo
758 1670 854 1730 calice
877 1675 1063 1750 purpuratae

138 1754 324 1831 meretricis,
359 1760 390 1813 ut
412 1755 479 1832 ipse
501 1753 585 1814 solus
609 1754 707 1832 possit
738 1752 789 1814 ille
820 1754 887 1833 ipse
909 1753 990 1812 calix
1011 1772 1062 1812 au·

137 1855 207 1896 reus
242 1836 453 1896 fornicationis
487 1835 556 1896 dici.
599 1837 682 1895 Deus
705 1836 790 1916 eligit
810 1836 984 1916 specialiter
1007 1836 1062 1895 vir·

137 1920 233 1998 gin'es.
276 1919 345 1980 Hoc
366 1919 540 1999 specialiter
558 1919 670 1979 iterum
693 1938 755 1979 non
778 1918 968 1998 hyperbolen
992 1936 1062 1979 esse

136 2003 254 2081 sinunt,
289 2002 343 2063 sed
381 2003 556 2082 praeferunt
594 2003 800 2083 virginitatem
838 2002 909 2062 fidei
944 2008 975 2063 et
1004 2003 1060 2063 toti

136 2084 263 2165 spiritui.

524 2250 681 2332 Sequitur:

134 2413 236 2475 Status
259 2416 409 2495 virginum
444 2425 491 2477 est
523 2417 817 2495 excellentissimus,
858 2437 950 2496 quem
975 2416 1058 2478 Chri-

325 2507 396 2585 stus
414 2506 444 2560 et
465 2499 557 2561 beata
580 2500 675 2579 Virgo
700 2507 870 2564 tenuerunt.

214 2614 311 2676 Audis
332 2617 391 2698 hic,
416 2616 497 2697 quod
522 2619 659 2679 Christus
685 2619 821 2679 stidaria
842 2617 917 2678 nihil
955 2625 1086 2683 tenue,

131 2704 200 2758 runt
233 2697 433 2760 excellentius
462 2701 658 2781 virginitate?
702 2701 792 2761 Forte
814 2701 909 2761 Maria
932 2703 1060 2762 mentita

132 2788 179 2840 cst
201 2801 270 2842 cum
293 2781 386 2842 dixit:
425 2783 575 2863 Respexit
596 2784 797 2844 humilitatem
821 2782 951 2844 ancillae
974 2804 1058 2860 suae,

130 2883 199 2924 oum
215 2864 316 2925 dicere
346 2864 498 2927 debuerit:
523 2866 673 2946 Respexit
695 2867 943 2927 excellentiorem
968 2868 1058 2947 virgi-

129 2948 265 3013 nitatem.
1028 2960 1037 2971 ·

159 3064 236 3126 Item
259 3052 528 3143 laudabilissimus,
551 3066 621 3144 quia
644 3067 743 3126 maior
765 3067 895 3128 victoria
918 3072 948 3126 et
972 3065 1024 3126 dn·
1061 3101 1064 3105 ·

438 3149 519 3208 riora
542 3151 721 3213 certamina.

209 3274 279 3336 Hoc
300 3274 426 3336 verbum
449 3295 488 3336 ex
512 3275 541 3340 S.
564 3275 742 3357 Augustino
773 3275 890 3339 habeut
919 3276 1054 3337 dicente:

126 3359 207 3419 Inter
231 3356 471 3420 Christianorum
502 3362 672 3420 certamina
694 3359 816 3420 duriora
839 3366 911 3419 sunt
934 3361 1055 3419 castita·

127 3442 165 3500 tis
188 3440 324 3520 proelia,
369 3441 419 3503 ubi
450 3442 629 3521 quotidiana
653 3449 700 3502 est
721 3461 826 3522 pugna
850 3448 881 3501 et
902 3461 971 3502 raro
994 3443 1055 3501 vic-

125 3523 213 3583 torio.
257 3523 317 3584 Sed
346 3525 412 3603 ipse
445 3525 571 3602 viderit,
595 3524 680 3604 „qnid
714 3525 800 3588 dixit.
844 3526 935 3586 Forte
958 3522 1055 3585 voluit

125 3605 242 3666 dicere:
286 3607 433 3687 Duriora‚
469 3607 583 3685 idest,
620 3609 716 3689 magis
740 3607 865 3668 assidua
886 3613 917 3666 et
938 3607 1053 3667 diutur-

123 3689 220 3777 niora,
245 3689 324 3759 siout
346 3690 420 3764 illud
442 3689 572 3760 indicat:
620 3690 806 3776 Quotidiano
842 3709 963 3778 pugna3
998 3689 1053 3755 sed
