2348 4162
475 320 479 325 .
520 268 559 327 A.
579 272 659 330 1538.
992 268 1053 336 549

212 437 354 518 Denique
366 457 434 500 cum
458 439 626 520 aliquando
649 441 680 501 in
692 438 811 520 aliquot
830 437 926 501 libros
946 438 1055 503 loban-

128 519 176 583 nis
198 519 263 582 Hcs
286 522 462 602 imprudens
485 522 661 585 incidissem
685 529 716 585 et
728 522 898 604 Scripturas
921 527 982 582 tam
999 542 1053 603 po·

127 607 281 664 tentaret
307 617 383 685 pure
412 611 556 669 tractatas
579 607 734 683 vidissem,
770 613 802 667 ut
828 611 952 684 stupere
978 605 1054 667 inci.

128 705 244 767 perem,
267 689 425 752 curtalem
448 709 486 751 ac
509 698 625 752 tautum
648 691 744 750 sirum
761 688 953 750 exussissent
970 690 1054 769 Papa

129 775 162 831 et
182 769 364 851 Concilium,
387 792 460 835 mcx
482 774 602 834 territus
624 773 719 834 clausi
741 771 898 851 codicem,
918 773 1052 852 suspica·

130 858 180 915 tus
203 871 355 915 venenum
378 854 435 916 sub
458 856 548 918 melle
569 857 674 936 latere,
697 875 757 936 quc
781 855 960 934 simplicitas
983 873 1053 916 msa

132 932 218 997 infici
238 939 365 1018 posset,
387 944 448 999 tam
471 938 638 1003 violentum
662 938 811 1020 regnabat
841 939 871 998 in
895 957 944 999 me
965 937 1053 999 lasci·

128 1037 203 1079 num
227 1019 352 1098 Papalis
376 1021 507 1082 nominis
530 1028 561 1083 et
582 1022 720 1086 Consilii.

213 1099 280 1163 flod⁴
309 1109 472 1183 postquam
494 1104 538 1166 illi
560 1106 692 1187 placuit,
721 1105 772 1184 qui
803 1122 853 1164 me
876 1100 1053 1183 segregavit
1138 1130 1143 1139 ¹

129 1204 171 1245 ex
193 1192 280 1246 utero
303 1187 407 1247 matris
420 1207 517 1268 meae,
540 1197 574 1249 ut
594 1187 829 1252 revelaretmihi
851 1185 944 1247 lilium
968 1185 1052 1246 illum

129 1267 325 1349 perditionis,
345 1271 421 1331 satis
444 1271 545 1332 multis
568 1270 823 1352 disputationibus
846 1268 960 1331 contuli
983 1287 1052 1331 cum

128 1370 222 1413 carne
244 1358 274 1412 et
301 1354 470 1433 sanguine,
498 1373 575 1434 quos
608 1354 722 1417 habere
755 1353 838 1434 potui
868 1354 951 1413 viros
974 1352 1052 1431 opti·
1098 1404 1101 1409 ,

129 1453 209 1512 mos,
231 1442 380 1516 metucns,
402 1456 441 1498 na
462 1437 575 1515 lumen,
598 1437 681 1518 quod
703 1439 795 1498 inme
809 1443 882 1514 erat,
906 1433 1053 1521 tenebrae

128 1523 243 1595 assent,
265 1517 344 1579 adeo
368 1518 542 1582 diffidebam
566 1521 639 1582 mihi
661 1522 721 1601 ipsi
743 1524 868 1600 propter
888 1517 1052 1596 longitudi-

128 1619 212 1682 nem,
235 1599 426 1666 latitndinem
448 1609 480 1664 et
500 1604 737 1684 profunditatem
758 1601 939 1663 Pontificiaa
961 1601 1052 1662 maie-

128 1685 232 1763 statis,
255 1702 346 1763 quam
368 1685 516 1750 hacteuus
538 1695 568 1748 et
588 1688 656 1768 ipse
676 1705 739 1748 non
761 1685 897 1765 segniter
918 1682 1052 1744 credide

126 1786 194 1827 ram
217 1786 236 1827 a
257 1767 370 1847 Spiritu
392 1780 498 1830 sancto
520 1772 585 1851 regi
608 1777 639 1831 et
660 1788 761 1831 errare
782 1786 844 1828 non
867 1785 975 1848 posse,
999 1765 1052 1827 do·

127 1868 188 1910 nec
220 1849 429 1912 confirmatior
464 1852 610 1933 paulatim
643 1851 771 1925 fiebam,
801 1849 871 1911 dum
899 1848 937 1910 ad
967 1867 1051 1910 meas

127 1932 277 1995 leviculas
298 1933 492 1995 velitationes
509 1943 540 1996 et
556 1935 706 2016 quaedam
729 1932 887 2015 praeludia
909 1932 1052 2013 Papistae

102 2051 104 2055 ⁴
127 2014 213 2076 velut
233 2012 344 2076 fluctus
366 2016 421 2077 ieri
443 2020 534 2078 maris
567 2016 619 2103 (ut
640 2018 727 2080 ludas
751 2017 811 2096 ait)
836 2016 1053 2097 despumarent

130 2117 203 2159 suas
225 2099 432 2160 confusiones.
464 2101 541 2162 'l'cm
565 2104 653 2184 coepi
665 2101 780 2182 Papam
803 2104 978 2180 suspectum
1001 2098 1052 2159 ha·

128 2180 203 2261 bere
225 2187 257 2243 et
277 2181 464 2262 pedetentim
494 2192 692 2263 contemnere
714 2193 744 2246 et
766 2183 899 2265 tandem,
922 2180 1052 2263 proden-

127 2263 219 2344 tibus,
240 2265 303 2326 imo
324 2265 559 2333 destituentibus
580 2288 649 2330 eum
672 2269 734 2329 suis
756 2264 977 2342 defensoribus,
997 2282 1052 2344 per

127 2344 224 2408 libros
245 2348 313 2430 ipsa
336 2349 469 2411 vanitate
492 2351 633 2412 vaniores
655 2371 711 2430 pro
731 2351 798 2431 ipsa
820 2347 1053 2411 abominatione

127 2430 158 2492 in
182 2429 252 2492 loco
276 2437 383 2493 sancto
406 2430 585 2511 agnoscere.
1025 2428 1028 2433 ’

212 2511 256 2574 lbi
278 2515 383 2594 coepit
406 2513 551 2594 gaudium
573 2516 676 2578 cordis
698 2515 772 2595 mei,
796 2522 826 2575 et
848 2513 1051 2592 circumspec-

128 2595 170 2673 tis
192 2595 333 2657 omnibus
370 2615 448 2738 epo,
481 2616 559 2677 quos
593 2599 676 2681 Papa
705 2616 760 2680 pro
784 2596 945 2658 haereticis
969 2593 1052 2655 dam·

128 2685 256 2740 navarat
277 2685 309 2739 et
325 2698 380 2760 per
402 2679 509 2760 iderat,
532 2701 588 2761 pro
605 2682 719 2743 sanctis
742 2686 772 2741 at
794 2678 976 2760 martyribus
988 2677 1051 2738 lau-

121 2760 258 2843 dabani,
287 2764 466 2842 praesertim
488 2783 618 2844 quorum
646 2765 697 2846 pia
724 2764 838 2844 scripta
859 2761 907 2823 vel
931 2760 1050 2821 conses-

129 2845 236 2906 siones
257 2845 344 2925 potui
365 2847 508 2927 reperire.
556 2848 683 2910 Ceteros
707 2866 779 2909 vero
801 2843 981 2926 suspicabar
1003 2842 1052 2904 vel

127 2946 192 2989 non
215 2946 283 2988 esse
305 2928 477 3008 convictos,
499 2930 548 2991 vel
565 2932 668 3011 aliquo
691 2930 779 3012 lapsu
801 2927 983 2989 infirmitatis
998 2944 1051 3007 ¹er·

128 3029 231 3091 rasse,
260 3011 310 3090 qui
336 3012 426 3072 venia
448 3011 558 3094 dignus
580 3015 701 3092 fuisset,
730 3015 754 3074 si
780 3012 920 3092 Papistae
941 3008 1052 3070 voluis·

128 3101 198 3155 sent
227 3093 259 3158 S.
282 3092 367 3154 Pauli
391 3095 553 3156 consilium
581 3098 684 3177 sequi,
716 3096 861 3157 dicentis:
896 3093 928 3154 Si
956 3092 1051 3153 homo

121 3183 379 3259 praeoccupatus
401 3177 541 3239 fueritin
565 3179 688 3259 delicto,
711 3198 783 3255 vos,
806 3178 856 3257 qui
878 3173 1051 3256 spirituales

128 3260 215 3336 estis,
236 3260 377 3321 instruite
398 3259 572 3323 huiusmodi
599 3264 629 3322 in
653 3263 758 3344 spiritu
781 3260 930 3337 leuitatis,
952 3258 1052 3318 consi·

128 3341 299 3403 darana-ta
320 3343 430 3424 ipsum,
454 3364 493 3405 na
516 3350 547 3405 et
570 3351 600 3406 tu
614 3346 750 3408 tenteris.
792 3345 834 3404 At
854 3343 912 3423 ipsi
925 3348 1053 3402 satanae

127 3425 262 3487 tutorem
285 3426 382 3485 secuti
411 3444 479 3487 cum
503 3431 681 3490 austeritate
713 3434 745 3489 et
765 3428 903 3508 potentia
922 3427 1052 3505 impera·

128 3508 206 3571 bant
225 3506 336 3569 ovibus
358 3507 486 3586 Christi,
519 3518 552 3572 ut
573 3512 716 3573 Ezechiel
742 3511 892 3591 loquitur,
921 3506 1004 3588 quod
1022 3510 1054 3566 et

128 3591 233 3653 adbuc
254 3590 356 3652 iacere
377 3611 439 3652 nou
462 3601 593 3657 cessant.

212 3672 295 3735 luter
329 3673 387 3735 hos
416 3683 518 3738 autem
550 3676 754 3739 occurrebant
786 3681 816 3736 et
849 3674 898 3735 isti
932 3672 1052 3751 fratres,

130 3775 211 3838 quos
231 3755 401 3839 Pighardcs
421 3759 593 3840 vocabant,
624 3763 685 3826 iam
707 3758 779 3822 mihi
802 3776 865 3821 nou
888 3758 931 3818 ita
951 3755 1052 3835 invisi,
