2348 4162
124 258 164 327 36
314 232 318 239 Ι
420 253 581 327 Exemplum
600 254 761 328 theologiae

124 422 194 502 fids,
216 423 278 482 suis
300 421 484 484 normalibus
506 421 641 484 vestibus
664 428 694 481 et
716 419 846 482 cultibus
860 419 927 479 Deo
946 423 1043 478 aeter·

124 506 233 567 naliter
253 506 356 567 vivere
378 514 438 566 tam
456 525 587 584 corpore
608 525 699 584 quam
712 505 823 581 anima,
834 501 944 565 Seram
958 519 1044 579 vero,

123 589 306 667 Rebeccam,
329 586 487 668 Rahelenr,
508 589 676 666 Hennam,
689 587 858 665 Elisabeth,
882 592 913 645 et
935 602 1045 644 omnes

123 673 199 733 alias
217 679 338 732 sanctas
361 691 485 749 uxores,
508 673 616 752 plenas
638 671 699 731 lide
720 677 751 732 et
765 671 882 751 spiritu,
905 687 966 728 non
982 686 1045 727 ser·

126 757 188 815 vire
211 755 290 834 Deo,
314 755 368 816 sed
390 755 504 816 mundo
528 763 558 815 et
579 755 713 817 diabole.

208 838 300 918 Vide,
333 839 455 917 qualem
492 839 661 898 doctrinam
698 844 728 898 et
750 838 927 917 opinionem
949 833 1045 895 Satan

124 941 180 1003 per
200 923 277 982 istos
299 922 438 982 homines
462 923 581 982 vexerit
601 923 631 980 in
655 921 827 985 ecclesiam.
869 918 981 978 Nonne
994 917 1047 977 hio

124 1007 228 1085 sentis,
251 1024 343 1077 unam
365 1006 492 1064 uxorem
515 1006 593 1064 iuter
607 1005 805 1081 Christianos,
828 1003 920 1063 etiam
944 1000 1046 1061 abiec-

124 1090 289 1165 tissimam,
313 1089 338 1147 si
360 1086 459 1148 fidelis
483 1095 545 1166 est,
569 1088 725 1149 meliorem
748 1105 830 1167 esse,
863 1104 954 1164 quam
978 1102 1046 1144 om-

124 1173 206 1232 nium
228 1171 406 1232 Nonnarum
429 1169 546 1231 infinita
562 1172 755 1248 monasterie,
774 1177 811 1239 ,et
824 1186 931 1230 omnes
954 1166 1046 1227 simul

125 1254 233 1334 dignas
267 1273 328 1314 non
361 1273 445 1330 esse,
479 1260 511 1313 ut
540 1256 590 1313 uni
618 1255 671 1315 tali
694 1255 781 1314 uxori
803 1253 962 1332 porrigant
983 1249 1046 1311 cal·

125 1357 227 1416 ceum,
261 1344 387 1417 propter
415 1337 625 1417 blasphemam
655 1343 789 1397 suamet
810 1337 991 1414 sacrilegam
1013 1334 1045 1393 in

124 1422 222 1482 Deum
246 1428 275 1481 et
297 1419 448 1480 Christum
471 1420 670 1500 religionem,
704 1440 758 1480 seu
780 1419 1044 1508 abominationem

145 1505 236 1566 otius.
671 1528 674 1533 ·

123 1524 142 1584 p
207 1587 258 1647 Sic
281 1587 307 1646 si
328 1585 548 1647 Monaohcrum
581 1585 685 1646 officia
717 1592 855 1666 spectes,
892 1585 963 1665 quid
998 1592 1047 1647 eet

124 1670 318 1751 politicorum
348 1689 490 1750 operum,
524 1668 607 1748 quod
630 1689 691 1730 non
728 1669 892 1730 exercent?
912 1730 915 1735 ,
933 1669 1046 1730 Nonne

125 1772 227 1834 agros,
249 1754 372 1830 vineas,
395 1753 512 1832 hortos,
534 1753 669 1832 praedia,
691 1773 800 1832 greges
822 1771 968 1833 pecorum
991 1752 1046 1812 ha·

124 1835 221 1898 beuti
261 1833 374 1898 Nonne
396 1835 541 1911 venduut,
563 1836 688 1897 emunt?
717 1836 828 1896 Nonne
851 1835 963 1896 iudicia
992 1836 1044 1896 ha·

127 1919 218 1980 bant?
260 1919 301 1979 Et
322 1917 394 1997 quid
412 1918 534 1978 dicam?
576 1920 647 1998 lpsa
673 1920 781 1999 politia
811 1937 960 1998 nusquam
990 1920 1045 1978 fuit

78 2058 81 2063 Α
126 2011 179 2064 aut
200 2010 248 2063 eat
269 2003 366 2082 magis
389 2004 523 2063 exercita
545 2009 576 2062 et
597 2003 737 2081 sollicita,
760 2021 851 2082 quam
874 2000 955 2082 apud
979 2020 1045 2063 mo·

127 2086 243 2147 uachos
265 2093 296 2145 et
318 2085 496 2165 episcopos,
526 2105 587 2146 uno
611 2092 757 2166 excepto,
780 2085 862 2165 quod
885 2103 945 2146 uon
971 2085 1046 2145 mili·

127 2175 193 2229 tant
214 2169 273 2249 ipsi
293 2168 324 2227 in
347 2171 464 2245 castris,
487 2168 638 2230 licetloco
653 2172 717 2230 eius
741 2168 833 2230 ol'ficii
855 2169 939 2229 alant
960 2187 1045 2228 exer·

127 2253 223 2329 citus,
245 2253 351 2311 iuvant
373 2250 485 2329 duces,
508 2252 667 2313 hortentur
689 2253 863 2334 bellatores,
886 2253 978 2312 etiam
1001 2252 1046 2332 ip·

125 2354 228 2397 sorum
252 2334 336 2395 multi
358 2334 450 2395 hodie
472 2354 527 2415 per
549 2355 583 2395 se
606 2335 835 2415 belligerantur,
874 2342 904 2396 et
940 2341 1045 2396 tamen

127 2421 184 2499 ipsi
221 2419 358 2479 serviunt
390 2418 585 2478 aeternaliter
617 2419 683 2480 Deo
723 2438 853 2499 corpore
881 2425 911 2478 et
931 2420 1045 2480 anima.

128 2503 321 2582 Magistratus
344 2520 405 2561 non
429 2501 522 2562 servit
545 2501 628 2583 Dec,
655 2502 709 2563 sed
734 2501 864 2580 mundo,
893 2502 951 2562 nisi
973 2501 1045 2562 dum

127 2588 156 2644 in
180 2586 295 2666 templo
318 2585 458 2665 preculas
481 2603 552 2644 suas
565 2593 751 2661 murmurat.

211 2668 290 2744 Quid
313 2675 360 2728 est
381 2669 441 2728 hoc
462 2667 560 2748 aliud,
598 2689 689 2748 quam
723 2668 825 2730 officia
860 2669 913 2728 illa
942 2667 1047 2741 divina

127 2753 338 2832 magistratus,
362 2771 380 2811 a
402 2752 468 2811 Deo
490 2753 632 2832 condita,
661 2755 797 2814 instituta
833 2759 863 2814 et
884 2757 1047 2832 precepta,

128 2836 273 2896 damnare
296 2841 326 2895 et
347 2833 576 2914 blasphemare,
592 2862 595 2867 ·
613 2855 692 2914 quae
715 2844 817 2897 tamen
841 2840 871 2896 et
891 2835 949 2915 ipsi
972 2854 1047 2915 gna·

128 2920 204 2979 viter
225 2925 257 2978 et
279 2936 340 2978 non
363 2920 497 2997 segniter
518 2920 681 2980 exercent?
725 2920 764 2981 Ut
791 2919 896 2980 videas
918 2917 957 2979 ab
979 2919 1046 2978 istis

128 3003 271 3063 monstris
293 3001 450 3060 hominum
474 3000 611 3062 daruuarr¹
640 3022 734 3084 opera
768 3004 850 3064 bona
877 3003 948 3081 Dei,
982 3019 1045 3062 non

127 3085 187 3146 alia
209 3104 312 3165 causa,
335 3103 425 3163 quam
448 3085 520 3162 quia
541 3087 608 3165 ipsa
630 3086 737 3147 eadem
760 3086 993 3165 etaliifaciunt,
1016 3090 1048 3145 et

127 3168 254 3248 laudari,
278 3169 418 3247 quiaipsi
441 3167 499 3228 soli
523 3169 684 3230 vellentea
697 3171 948 3232 libenterlacere.
968 3168 1044 3229 (ium

128 3255 208 3313 enim
230 3251 333 3312 officia
354 3252 411 3331 ipsi
429 3251 544 3312 faciunt
566 3262 595 3313 et
619 3260 723 3316 tamen
744 3256 829 3333 ipsos
852 3259 948 3314 statue
961 3251 1045 3312 dam·

127 3343 211 3413 nant,
235 3336 395 3396 manifeste
415 3342 510 3415 patet,
533 3337 614 3415 quod
631 3356 780 3417 personas
803 3343 936 3397 statuum
959 3334 1046 3395 dam·

127 3425 210 3499 nent,
234 3418 282 3480 vel
305 3419 377 3480 odic
400 3418 449 3479 vel
471 3419 595 3495 invidia,
618 3420 699 3499 quod
722 3439 784 3480 non
807 3420 866 3481 soli
880 3420 1046 3481 cunctala-

127 3503 217 3582 ciant,
246 3521 325 3581 quae
346 3503 398 3563 alii
419 3502 542 3565 faciunt.

209 3583 279 3646 Istis
301 3585 487 3666 blasphemis
520 3593 550 3647 et
578 3587 735 3667 sacrilegis
770 3585 965 3668 opinionibus
1000 3587 1047 3646 sic

126 3669 300 3731 imbuerunt
334 3670 452 3749 Regum
487 3674 518 3728 et
548 3669 721 3750 Principum
756 3673 893 3747 animos,
926 3675 959 3730 ut
986 3671 1047 3750 ipsi

127 3751 325 3833 desperarent
347 3753 384 3811 de
409 3759 488 3811 statu
523 3771 598 3831 suc,
636 3773 693 3813 nec
715 3773 807 3833 posse
830 3755 947 3815 salvum
969 3753 1046 3833 fieri,
