2348 4162
203 243 246 310 94
500 243 605 301 Oouoio
623 244 658 300 D.
676 243 713 300 Μ.
731 242 840 300 Luthari

204 409 274 467 aunt
296 405 421 485 quaevis
442 404 504 465 alia
525 403 616 482 dona,
639 406 759 465 aioutiu
776 405 851 465 satis
874 409 905 464 ει
925 403 1037 484 plantis
1059 422 1122 466 uon

204 489 278 549 satis
300 495 363 567 est,
385 490 447 548 vim
469 489 594 548 seminis
615 487 795 549 fruatilioam
818 490 919 549 inesse
939 488 1036 567 ipsis,
1065 488 1124 548 nisi

204 574 295 632 etiam
318 572 401 632 Deus
422 572 483 631 hon
503 570 565 653 det,
590 579 624 635 ut
643 572 773 631 frustum
795 571 897 632 edant.
942 572 1050 650 Aeque
1070 571 1125 650 igi·

204 661 253 715 tur
273 653 363 717 sanilo
385 661 431 714 est
452 654 528 730 Deo,
552 653 704 715 conditori
723 655 784 716 oris
807 663 837 714 et
858 654 991 734 linguae,
1014 653 1064 714 vel
1077 672 1124 714 or-

204 739 292 818 ganis
316 737 430 798 addere
452 756 583 815 ronam,
617 742 648 798 et
669 737 771 798 faeere
783 783 792 817 ,
826 745 859 797 ut
880 756 936 817 per
957 757 994 797 ea
1020 755 1124 798 sermo

204 821 321 899 edatur,
345 820 392 881 vel
415 822 506 881 etiam
530 822 597 880 siue
619 823 743 900 organis
766 839 874 882 vooem
897 818 1030 884 efficere.

286 904 338 965 Sio
372 923 446 984 ergo
479 922 558 963 roes
585 903 728 965 divinitus
763 904 887 963 condita
921 903 999 964 haee
1020 904 1125 984 verba,

205 1006 285 1067 quae
306 989 336 1047 in
354 986 604 1067 promulgatione
625 988 701 1067 legis
715 987 797 1046 Deus
820 987 939 1047 loontus
962 1004 1030 1047 esse
1052 987 1125 1055 dioi-

204 1077 261 1148 tur,
284 1077 314 1129 et
336 1089 391 1148 per
412 1070 555 1149 angelum
590 1072 759 1130 ministrum
781 1071 902 1149 prolata
935 1075 1014 1131 sunt.
1057 1070 1124 1132 Etsi

202 1153 253 1213 hio
275 1171 398 1232 quoque
421 1172 482 1213 non
506 1172 582 1212 unus
605 1159 720 1213 tautum
750 1152 877 1233 augelus
913 1154 1052 1213 minister
1072 1152 1125 1214 ad-

202 1236 277 1315 fuit,
302 1236 356 1296 sed
378 1242 412 1296 ut
432 1235 505 1297 alibi
543 1238 653 1316 iugens
682 1235 843 1296 multitudo
876 1241 907 1295 ει
941 1254 1125 1311 numerosus

204 1320 357 1380 exereitus
374 1319 574 1399 angelorum,
596 1337 723 1397 quorum
754 1319 920 1379 ministerio
944 1319 1026 1378 Deua
1041 1337 1125 1381 'usus

203 1411 249 1464 est
270 1405 300 1461 in
323 1404 382 1463 heo
404 1402 613 1481 patefaotione
634 1402 721 1482 legis.
766 1401 806 1461 Et
827 1400 877 1461 hio
898 1401 1047 1482 augelus,
1071 1403 1124 1482 qui

203 1484 266 1545 dux
288 1492 320 1546 ει
341 1487 478 1546 minister
498 1485 553 1545 fuit
584 1486 669 1545 voois
692 1504 746 1544 sau
771 1485 928 1545 concionis
961 1485 1062 1545 lautae
1084 1484 1124 1545 ad

204 1569 363 1650 populum,
386 1570 429 1628 ita
450 1567 600 1648 loquitur,
624 1570 712 1646 qnasi
736 1586 899 1646 personam
932 1574 1052 1647 gerens
1066 1568 1124 1629 Dei

159 1652 163 1663 '
203 1652 373 1732 loquentis:
411 1651 479 1730 Eg'o
512 1670 579 1710 sum
611 1649 796 1712 DOMINUS
836 1650 917 1710 Deua
945 1658 1039 1729 tuus,
1072 1653 1124 1730 qui

203 1734 347 1795 eduxite
371 1734 408 1794 de
431 1741 512 1794 terra
534 1734 668 1814 Aegypti
691 1740 765 1813 sto,
789 1733 915 1813 perinde
944 1753 981 1794 ao
1002 1733 1029 1797 ai
1053 1735 1122 1814 quia

203 1816 373 1899 apostolus,
398 1818 502 1876 Petrus
524 1824 577 1877 aut
600 1818 721 1897 Paulus,
745 1818 869 1876 nomine
892 1816 949 1877 Dei
982 1826 1012 1877 et
1034 1837 1122 1878 mau-

203 1901 275 1963 dato
299 1899 468 1960 exendum
491 1919 624 1981 persona
646 1899 836 1978 loqueretur:
860 1899 926 1979 Ego
952 1919 1018 1959 sum
1037 1898 1124 1962 Deua

203 1990 322 2059 vester,
352 1983 403 2061 qui
430 2001 487 2043 voa
515 1983 618 2044 salvos
641 1982 742 2061 laoio,
775 1991 900 2066 propter
934 1984 1127 2062 unigenitum

205 2066 304 2127 fllium
327 2084 428 2126 meum
452 2072 511 2127 eto.

289 2148 340 2210 Sin
361 2148 473 2208 Paulus
504 2149 571 2228 ipse
593 2153 722 2208 testatur
743 2147 812 2210 Gal.
836 2149 863 2212 3.
898 2147 998 2228 legem
1021 2149 1125 2213 datam

202 2234 296 2293 fuisse
318 2251 373 2312 per
395 2233 594 2292 ministerium
617 2231 807 2310 angelorum,
828 2231 888 2292 hoo
910 2240 974 2310 est,
996 2235 1126 2313 angelos

203 2317 308 2377 aDeo
331 2314 370 2375 ad
392 2315 453 2376 hoe
475 2315 633 2376 ordinatos
656 2315 768 2391 fuisse,
791 2321 823 2374 ut
844 2316 901 2394 ipsi
926 2315 1070 2377 mandato
1094 2325 1124 2379 ει

202 2398 328 2459 nomine
351 2398 406 2458 Dei
428 2397 467 2458 ad
490 2399 637 2479 populum
660 2396 828 2477 perferrent
850 2399 928 2458 hano
951 2416 1059 2459 voeem
1084 2400 1125 2461 le

203 2484 260 2562 gis,
283 2480 337 2542 aed
351 2481 436 2542 addit
446 2481 557 2542 Paulus
575 2481 604 2540 id
623 2480 736 2540 faotum
759 2500 828 2540 esse
845 2500 900 2562 per
923 2500 1046 2542 manum
1058 2502 1124 2544 me·

203 2565 349 2643 diatoria,
370 2564 515 2626 videlieet
537 2565 631 2642 llosi,
652 2564 695 2623 ita
716 2569 749 2623 ut
771 2565 838 2643 ipse
860 2583 930 2624 oum
953 2565 1071 2646 angelis
1090 2567 1121 2627 iu

203 2654 309 2709 monte
330 2648 501 2709 oollooutus
524 2667 632 2709 vocem
657 2647 695 2707 ab
728 2648 802 2728 ipsis
824 2655 984 2727 aooeptam
1014 2655 1126 2729 postea

204 2731 243 2792 ad
265 2731 414 2812 populum
444 2732 611 2811 pertulerit.
655 2729 785 2809 Fuitqua
819 2730 897 2790 liaeo
928 2750 991 2790 vox
1020 2733 1126 2813 augeli

202 2834 327 2895 prorsus
339 2814 619 2892 similiahumauae,
643 2814 763 2873 etiamsi
782 2814 847 2873 sine
866 2815 989 2894 organis
1002 2814 1127 2894 linguae

203 2907 234 2958 et
255 2897 394 2977 gutturis,
417 2895 526 2957 eodem
549 2915 664 2976 genere
685 2897 860 2975 sermonis,
891 2914 951 2975 quo
981 2897 1025 2958 illi
1055 2907 1125 2961 uta-

202 2979 323 3058 bantur,
345 2980 388 3040 ita
411 2986 443 3040 ut
465 2978 587 3040 auribus
610 2980 725 3060 peroipi
755 2997 792 3040 ao
814 2980 973 3040 articulate
987 2978 1124 3044 disosrui

203 3062 297 3123 verba
317 3068 348 3122 et
369 3061 497 3143 intelligi
519 3069 665 3142 possent,
688 3063 745 3122 uiai
769 3061 852 3143 quod
869 3081 930 3124 vox
951 3063 1005 3122 fuit
1026 3084 1126 3146 augu-

203 3147 279 3206 stior
300 3145 435 3207 humana
463 3152 494 3206 et
515 3146 608 3226 plena
635 3147 824 3224 maiestatis,
856 3152 889 3206 ut
910 3144 950 3206 de
971 3165 1009 3206 ea
1043 3148 1126 3209 Deu-

203 3235 278 3290 tero.
295 3229 323 3290 4.
346 3228 465 3306 dicitur,
487 3247 595 3290 vocem
610 3227 731 3309 quidem
748 3228 893 3308 auditam,
915 3228 969 3289 sed
985 3232 1122 3309 speeiem

204 3313 357 3392 loquentis
378 3312 500 3389 nullam
534 3321 732 3392 oonspeotam
770 3312 884 3391 fuisse,
920 3316 1122 3393 tanquam'si

203 3399 270 3474 quis
294 3397 322 3455 in
346 3395 417 3456 looo
440 3396 573 3456 obaauro
589 3396 709 3475 'prooul
733 3414 772 3455 ex
802 3395 903 3475 aliqua
933 3396 1016 3457 adita
1038 3399 1123 3477 turri,

201 3487 254 3539 aut
275 3478 408 3555 aliunde,
431 3478 543 3539 olaram
567 3486 598 3539 et
620 3479 736 3558 grande
765 3486 927 3539 sonantem
950 3497 1061 3541 nouem
1083 3480 1123 3543 ad

202 3581 236 3622 ae
258 3562 382 3641 perferri
411 3563 534 3622 nemine
558 3568 727 3640 oouspeoto
743 3562 873 3623 audiret.
918 3563 1021 3642 Atque
1051 3564 1122 3625 ideo

200 3643 277 3708 liaeo
301 3645 357 3705 Dei
379 3664 442 3706 vox
464 3645 559 3706 luisse
580 3643 702 3725 dieitur,
727 3645 809 3723 quod
833 3645 998 3706 humanam
1012 3664 1121 3711 nouem

201 3729 363 3790 maiestate
384 3734 416 3788 et
437 3746 515 3789 sono
539 3728 664 3788 multum
688 3736 852 3808 superaret.
