2348 4162
522 238 560 295 a
579 238 658 299 1528.
987 236 1050 306 509

211 409 293 471 Ante
313 409 372 472 hes
404 427 503 471 annes
524 427 705 492 paraveram
728 406 802 469 mihi
823 406 973 471 Homilias
995 426 1050 470 scu

125 488 349 554 Enarratienes
385 492 416 553 in
439 493 612 575 Evangelia
634 497 666 554 et
686 491 860 574 Epistulas,
893 510 969 572 quas
992 508 1048 573 pro

126 593 185 634 usu
218 576 376 637 ministerii
409 578 469 637 mei
500 576 644 639 haberem
680 575 719 636 ad
749 575 947 636 erudiendum
973 573 1050 636 rude

129 657 239 739 vulgus
261 678 363 720 meum
385 659 672 742 Vnittenbergense.
715 659 823 738 Neque
847 660 927 719 enim
951 657 1049 720 erudi-

124 742 166 801 tis
199 760 278 821 opus
311 751 360 804 est
394 762 433 805 ee
455 743 576 804 dicendi
598 750 651 803 aut
672 740 802 802 docendi
825 761 954 823 genere,
987 758 1049 821 quo

127 843 201 884 usus
224 844 307 901 sum,
341 826 401 887 boc
423 834 471 887 est
493 825 676 904 vernacule,
710 826 841 886 verboso
875 831 906 886 et
927 824 1048 905 triviali,

126 908 388 986 quemadmodum
412 917 535 990 oportet
555 908 649 990 vulgo
672 908 755 969 velut
775 908 939 970 infantibus
962 926 1048 988 prae·

126 1010 268 1051 mansum
290 993 447 1072 praebere.
490 992 520 1053 ls
543 992 619 1054 liber
642 1012 715 1053 mox
746 999 851 1072 raptus
875 1001 921 1051 est
943 998 974 1051 et
993 1009 1049 1073 per

125 1072 324 1135 Germaniam
355 1076 416 1135 late
437 1074 653 1137 disseminatus
673 1073 712 1136 ab
734 1077 787 1154 iis,
811 1076 862 1153 qui
884 1075 974 1134 simili
997 1093 1048 1136 ne·

124 1158 271 1219 cessitate
294 1165 325 1218 et
345 1161 482 1239 penuria,
505 1179 566 1238 qua
587 1166 618 1220 et
640 1178 709 1240 ego,
731 1158 915 1237 laborarent,
937 1164 970 1218 ut
992 1174 1047 1238 pre

124 1258 183 1300 sne
218 1259 342 1320 qnoque
373 1241 466 1322 vulgo
499 1244 629 1321 quisque
661 1242 805 1318 haberet,
839 1241 920 1321 qnod
956 1259 1047 1320 qnam

123 1322 289 1384 rudissimc
316 1332 347 1385 et
369 1325 558 1385 crassissima
580 1325 712 1400 diceret,
746 1324 845 1384 denec
866 1331 898 1384 et
918 1326 949 1384 in
970 1324 1049 1384 Lati·

123 1425 197 1467 nam
220 1406 355 1486 linguam
378 1427 484 1468 versus
497 1408 646 1487 inciperet
667 1408 759 1468 etiam
781 1406 863 1487 apud
880 1409 1048 1467 alienarum

124 1489 299 1569 linguarum
322 1490 461 1551 homines
483 1492 544 1571 legi
567 1498 598 1552 et
620 1491 724 1554 amari.
767 1490 836 1550 Hoc
858 1492 937 1550 enim
950 1491 1048 1551 ausim

122 1573 155 1632 in
179 1571 305 1635 demine
333 1573 458 1653 gloriari
499 1576 547 1649 (in
580 1575 641 1635 hoc
662 1575 752 1634 etiam
775 1591 898 1634 omnem
920 1591 1048 1653 operam

122 1654 281 1737 impendi)
306 1675 345 1717 ce
367 1656 445 1717 libre
467 1659 627 1739 contineri,
651 1656 793 1736 quiequid
815 1673 892 1738 opus
915 1663 962 1716 est
978 1657 1048 1717 sciri

123 1740 156 1798 in
180 1737 352 1801 Christiana
373 1739 507 1801 ecclesia
522 1759 579 1822 pre
602 1741 701 1801 salute
713 1747 838 1801 aeterna
852 1739 1047 1820 acquirenda,

124 1821 218 1900 idque
241 1822 324 1883 clare
347 1824 530 1904 etcopiose,
552 1825 721 1904 senpetius
744 1824 843 1904 ipsam
860 1823 1048 1904 scripturam

127 1923 168 1965 eo
192 1904 269 1966 libro
293 1907 454 1967 monstrari
479 1915 510 1966 et
531 1907 669 1984 ostendi,
702 1914 852 1986 quatenus
875 1906 1048 1968 Christiane

123 1990 301 2050 necessaria
323 1997 370 2050 est
403 1989 441 2050 ad
470 1990 618 2072 salutem,
655 2009 718 2051 nen
751 1989 833 2070 quod
865 1988 926 2050 hoc
947 1990 1047 2070 ipsum

124 2090 189 2132 non
211 2072 296 2132 multi
318 2072 369 2133 alii
391 2080 420 2133 et
442 2073 514 2134 elim
537 2076 770 2153 praestiterunt,
799 2079 829 2133 et
851 2093 933 2133 nnnc
955 2074 1047 2134 etiam

124 2161 296 2236 praestent,
331 2155 381 2216 alii
404 2156 522 2234 multis,
546 2158 595 2217 alii
620 2160 744 2237 paucis,
775 2156 826 2218 alii
849 2176 909 2217 une
931 2156 1047 2234 libelle,

125 2236 181 2297 sed
204 2238 286 2318 quod
319 2238 402 2299 hunc
434 2240 542 2301 librum
578 2241 727 2322 mihipte
750 2259 819 2301 mee
844 2237 895 2321 (ut
918 2240 1045 2319 dicitur)

122 2320 229 2402 palate
250 2324 431 2401 paraverim,
455 2325 542 2383 iuxta
563 2325 646 2403 qnod
670 2325 878 2403 unusquisque
891 2342 978 2382 snum
991 2322 1045 2384 do·

124 2423 197 2464 num
220 2404 313 2466 habet
335 2411 413 2466 teste
434 2405 530 2466 Paulo
565 2425 621 2486 pro
644 2404 820 2467 diversitate
842 2411 874 2466 et
899 2407 1047 2467 varietate

123 2488 242 2568 gratiae
265 2488 332 2550 Dei.

206 2570 253 2632 Ne
275 2580 378 2632 autem
413 2571 485 2631 mihi
508 2573 682 2650 contingat,
717 2573 799 2651 qued
830 2572 932 2633 multis
954 2573 1048 2634 etiam

124 2654 300 2716 clarissimis
322 2656 480 2715 autoribus
503 2656 650 2735 contigit,
672 2659 707 2716 ut
728 2655 817 2716 scioli
838 2657 869 2715 in
893 2655 971 2718 libre
994 2655 1047 2716 ali-

123 2735 283 2799 enudant
314 2739 466 2818 ingeniosi
499 2746 528 2797 et
551 2738 668 2799 dasne
698 2737 827 2817 addant,
860 2738 942 2817 quod
976 2758 1046 2801 mee

124 2820 235 2881 deesse
257 2824 413 2881 somniant
445 2819 488 2904 (si
512 2831 612 2882 tamen
634 2823 729 2902 pestis
750 2821 804 2882 illa
821 2821 955 2902 angendi
977 2823 1047 2883 alie·

122 2921 181 2964 nos
204 2903 295 2964 libres
326 2904 389 2964 nlla
409 2906 528 2965 ratione
551 2906 722 2985 praeveniri
746 2911 777 2965 et
799 2907 894 2966 areeri
917 2906 1047 2986 pessit),

122 2988 221 3047 visum
245 2992 293 3047 est
326 2986 457 3048 lectores
489 2987 548 3047 hae
575 2988 766 3068 praefatione
788 3007 931 3069 monere,
967 2997 999 3049 ut
1021 2989 1047 3049 si

124 3071 193 3148 quis
217 3089 323 3130 amore
344 3077 452 3151 eaptus
475 3071 554 3131 haee
576 3078 682 3132 uestra
703 3090 827 3151 quoque
849 3073 931 3152 legat
952 3071 1046 3132 latine

123 3172 223 3233 versa,
247 3161 406 3234 comparet
438 3154 494 3217 sibi
529 3153 577 3215 vel
605 3155 740 3215 imitetur
763 3157 921 3235 exemplar
940 3154 978 3214 ab
1001 3153 1047 3215 lo·

121 3235 224 3297 banne
236 3236 402 3317 Hcrvagie,
424 3239 641 3318 Argentinensi
659 3237 866 3319 typographo,
888 3256 1048 3315 excusum,

122 3320 202 3380 inter
224 3338 315 3399 quem
339 3327 370 3382 et
394 3341 442 3381 me
466 3323 620 3399 convenit,
644 3328 677 3381 ut
697 3321 780 3381 bena
801 3320 862 3382 tide
885 3340 962 3402 opus
986 3321 1047 3382 hoc

123 3402 257 3464 excudat
278 3404 395 3484 absque
427 3403 497 3464 ullis
535 3404 752 3466 additamentis
784 3404 905 3466 alienae
927 3406 1046 3486 sapien·

129 3590 341 3602 ——-—.

118 3685 330 3829 qhgqolpgschen
356 3688 466 3747 Saehen
494 3691 543 3748 aul
569 3691 622 3748 das
639 3690 710 3748 Jahr
743 3693 820 3751 1730.
866 3691 989 3764 Leipzig,
1016 3709 1045 3764 p.
