2348 4162
122 235 191 304 640
418 235 608 294 Prmtationss
624 235 660 293 D.
676 236 711 293 st
730 236 759 291 D

123 409 185 472 aar
209 409 328 471 videtur
355 428 417 470 vox
444 428 483 470 ea
514 411 637 489 spiritus
660 410 758 469 sancti
780 409 811 470 iu
836 408 971 470 ecclesia
992 429 1042 470 sua

124 493 219 555 inisse
239 500 349 554 contra
369 494 611 555 Romanationes
634 493 772 572 episcopi
795 492 939 554 Romani.

205 577 240 637 In
263 595 390 638 numero
411 578 540 639 istorum
562 594 688 656 operum
715 576 902 637 sanctissimi
925 574 1041 636 Domini

123 659 227 738 Papae
249 659 378 720 habetur
399 667 430 721 st
452 660 529 737 hoc,
556 658 638 738 quod
658 659 689 719 in
712 658 945 720 constantiensi
968 657 1042 719 Don-

124 741 196 803 cilio
218 743 366 822 optimum
400 750 432 805 ct
459 743 629 822 piissimum
664 742 762 801 virum
785 742 956 805 iohannem
985 741 1042 802 Hus

122 824 283 887 damnavit
314 830 346 886 et
367 826 432 887 orbi
455 833 605 887 terrarum
626 844 683 906 nro
706 823 835 887 diabolo
859 823 995 903 quodam
1014 825 1041 884 in

123 915 282 970 aeternum
305 907 450 971 damnato
473 909 603 970 obtrusit
623 907 849 969 exsecrandum
873 915 906 968 et
933 907 1041 968 abomi·

123 990 269 1080 nandum,
292 997 320 1052 et
344 994 408 1053 aius
429 993 500 1053 ioco
522 991 600 1052 alios
621 989 772 1070 quosdam
794 1009 851 1071 pro
879 991 997 1050 sanctis
1016 996 1043 1049 et

123 1073 243 1154 angelis
273 1093 311 1134 ac
329 1073 400 1135 ,diis
434 1075 522 1136 novis
554 1073 782 1135 commendavit
815 1072 994 1135 adorandos
1013 1077 1042 1133 et

16 1230 22 1237 Ι
123 1156 325 1218 invocandos.
367 1157 428 1219 aed
451 1158 519 1221 Deo
539 1157 606 1218 laus
628 1163 660 1217 et
681 1156 797 1237 gloria,
818 1163 943 1236 tempus
965 1155 1043 1217 veuit

123 1240 324 1320 inspectionis
347 1246 379 1300 et
399 1239 467 1300 dies
491 1241 683 1314 visitationis,
705 1257 769 1319 ssu,
792 1245 825 1299 ut
838 1237 952 1299 Daniel
963 1256 1043 1318 prae

124 1322 212 1398 dixit,
233 1321 319 1383 finita
340 1330 388 1383 est
408 1324 462 1404 ira,
486 1329 517 1384 et
536 1323 651 1403 incepit
661 1322 747 1382 Deus
768 1328 856 1401 pater
878 1322 1043 1382 misericor·

125 1404 194 1465 diac
215 1413 246 1466 ct
267 1405 352 1465 Deus
384 1407 492 1467 totius
509 1405 733 1467 consolationis
771 1406 893 1465 mittere
916 1403 1043 1485 angelos

123 1506 213 1567 suos,
244 1488 297 1567 qui
319 1488 466 1568 colligant
499 1488 537 1549 ds
557 1506 653 1567 regno
675 1488 741 1548 eius
763 1488 870 1551 omnia
889 1484 1043 1564 scandala,

124 1588 299 1650 magnaque
329 1590 370 1631 ex
405 1577 490 1649 parto
511 1571 663 1633 interfecit
693 1570 801 1649 spiritu
829 1570 893 1630 oris
925 1570 971 1630 sni
992 1571 1043 1629 im·

124 1655 208 1733 pium
242 1661 274 1713 et
294 1652 503 1715 adversarium
525 1653 579 1715 iiiii
600 1654 661 1730 sui,
694 1671 808 1713 novum
839 1652 927 1713 illum
950 1652 1042 1713 Deum

124 1735 260 1796 Deorum
283 1743 314 1796 et
344 1743 514 1798 creatorem
537 1737 687 1799 novorum
708 1735 863 1815 Deorum,
901 1753 977 1797 mox
998 1733 1043 1797 ds·

126 1824 296 1881 structurus
318 1837 387 1880 eum
405 1821 436 1880 in
458 1819 560 1883 finem.
584 1819 693 1881 Amen.
1046 1867 1050 1878 ,

144 1942 147 1947 «
208 1900 311 1977 Quare
343 1920 452 1963 omnes
483 1903 703 1964 benefaventes
732 1900 895 1979 evaugelio
917 1919 996 1980 rogo
1016 1906 1044 1959 et

123 1983 239 2061 hortor,
263 1991 296 2045 ut
316 1986 454 2046 unanimi
483 1985 577 2047 corde
609 1992 640 2045 et
662 2003 717 2045 ore
738 1982 899 2044 nobiscum
924 1982 1044 2045 laudent

124 2073 157 2127 et
177 2067 291 2144 gratias
313 2075 408 2149 agant
428 2069 497 2129 Deo
518 2069 597 2148 patri
618 2086 674 2147 per
693 2066 795 2127 Iesum
819 2065 990 2143 Ohrismm,
1007 2065 1043 2125 si·

125 2148 249 2227 mulque
276 2150 383 2211 iuvent
407 2170 531 2211 cansam
559 2151 640 2211 hanc
661 2149 717 2210 Dei
739 2156 770 2209 et
790 2149 944 2209 ecclesiae
974 2166 1043 2208 suae

126 2237 234 2292 contra
267 2233 357 2292 istam
388 2234 558 2314 impuram,
588 2232 817 2312 blasphemam,
851 2230 1043 2292 maledictam

126 2315 334 2399 meretricem,
369 2323 497 2377 matrem
519 2315 789 2377 abominationum
819 2320 851 2374 st
871 2314 1043 2374 fornicatio·

123 2417 195 2458 num
226 2399 319 2458 totius
356 2404 455 2459 terrae
487 2405 519 2459 et
547 2401 634 2459 iuxta
663 2397 738 2458 illud
760 2396 955 2477 Apocalyp.:
997 2395 1043 2456 Mi·

123 2487 231 2541 scesnt
251 2483 279 2542 ei
301 2480 436 2561 duplum.
478 2482 541 2542 Res
563 2482 645 2564 (Deo
667 2480 782 2560 gratia)
808 2481 972 2542 manifesta
993 2484 1043 2554 est,

123 2570 154 2624 et
176 2562 228 2624 iux
249 2568 317 2625 orta
339 2570 473 2625 ostentat
492 2566 558 2625 eius
580 2564 764 2643 ignominias
787 2562 908 2642 palam,
940 2562 1043 2623 frustra

124 2646 296 2727 tegentibus
331 2653 364 2707 et
395 2646 572 2711 ornantibus
601 2648 665 2708 eius
693 2644 837 2725 pudenda
865 2645 1041 2725 quibusdam

123 2731 243 2790 miseris
277 2736 307 2789 et
341 2729 457 2810 frigidis
480 2728 705 2810 scriptorculis,
738 2729 789 2807 qui
822 2729 916 2789 etiam
940 2736 1041 2789 contra

124 2832 210 2873 suam
234 2814 432 2874 cauteriatam
455 2813 674 2875 conscientiam
698 2810 834 2889 laudant,
858 2811 942 2890 quod
966 2810 1041 2872 dam-

125 2902 209 2974 nant,
233 2904 263 2955 et
284 2895 432 2957 damnant
453 2895 536 2976 quod
558 2894 698 2975 probant.
742 2893 806 2954 Hos
829 2892 953 2974 lepores
976 2911 1041 2973 quo·

127 2978 222 3038 modo
244 2986 378 3057 paveant
389 2978 495 3040 leones
511 2977 613 3041 Iuda?
642 2976 793 3039 Dominus
807 2972 898 3038 Iesus
913 2975 1042 3058 perficiat

125 3059 207 3138 quod
229 3061 360 3142 incepit,
395 3068 427 3122 et
458 3061 621 3124 confirmet
651 3058 733 3139 quod
764 3063 912 3138 operatus
945 3068 992 3119 est
1016 3059 1039 3116 in

123 3141 230 3286 gobis,
264 3145 294 3204 in
316 3145 447 3225 gloriam
470 3145 602 3206 nominis
624 3145 670 3203 sni
693 3148 725 3204 et
744 3141 875 3203 salutem
902 3150 1040 3216 nostram,

154 3244 231 3288 men.
