2348 4162
204 247 268 314 432
333 270 338 279 ·
403 247 608 305 Ocnoiuuoulas
625 246 763 319 quaedam
782 248 817 303 D.
836 245 873 305 td
889 244 922 303 L

206 420 355 501 induistis,
377 420 408 481 id
430 428 486 495 est,
508 420 585 482 fides
607 426 655 482 est
675 420 753 482 haec
774 423 878 501 vestis,
901 438 963 500 qua
974 419 1122 482 induimus

113 508 119 521 ”
205 505 350 565 iustitiam
372 503 484 565 Christi
507 523 610 566 coram
633 505 711 565 Deo.
754 504 816 565 Alii
840 503 1031 565 dicuntesse
1053 505 1122 563 cari·

206 596 310 664 tatem,
332 607 395 648 non
416 586 518 653 fidem.
560 587 625 648 Hos
638 589 765 649 sinimus
787 587 945 648 ambulare
968 606 1025 649 suo
1038 594 1123 648 sensu

206 678 237 731 et
258 670 402 731 dicimus:
446 670 478 732 Si
506 677 636 752 possunt
657 670 737 731 hanc
759 677 875 731 vestem
899 670 1027 750 afferre,
1049 668 1124 731 bene

205 753 462 816 concordabimus
478 773 545 816 nos.
589 753 651 815 Sed
672 755 731 834 ipsi
748 757 889 816 nesciunt
910 754 972 815 hoc
994 754 1124 815 esseim·

205 836 367 918 possibile,
395 836 466 898 ideo
489 856 644 916 nunquam
668 836 806 899 afferent.
849 835 886 899 In
908 838 1025 918 nuptiis
1049 838 1122 898 enim

206 925 329 1000 oportet
349 927 465 981 vestem
479 921 586 1001 sponsi
607 920 725 1000 afferre,
749 940 811 981 non
823 921 980 1002 propriam
1003 926 1123 980 etcom·

205 1023 327 1064 munem
365 1012 492 1067 vestem.
535 1003 600 1067 etit
621 1005 725 1082 mittito
763 1004 793 1066 io
815 1004 900 1079 teioss
921 998 1121 1084 bushe'qebot,

204 1088 318 1147 iustitia
340 1086 451 1147 Christi
473 1103 530 1147 nos
554 1094 653 1166 ornat,
675 1105 737 1147 non
759 1092 865 1147 nostra
887 1104 993 1167 opere.

289 1169 393 1229 Poena
413 1171 505 1250 igitur
526 1169 755 1251 hypocritarum
785 1176 832 1230 est
853 1188 916 1231 non
939 1168 1121 1250 temporalis,

205 1253 258 1314 sed
283 1261 417 1331 aeterna,
440 1272 501 1313 non
524 1253 698 1332 segregatio
710 1252 889 1333 corporalis,
911 1252 969 1313 scd
991 1253 1120 1334 spiritus·

204 1336 251 1413 lis,
274 1336 547 1396 scilicettenebree
569 1337 749 1416 exteriores,
771 1336 802 1396 id
824 1345 880 1413 est,
902 1342 1033 1397 aeterna
1046 1334 1119 1396 dan·

204 1420 298 1480 natio.
340 1419 418 1480 Nem
451 1418 596 1479 tenebrae
618 1420 779 1480 interiores
815 1429 884 1480 sunt
915 1416 994 1481 fides
1017 1420 1049 1479 in
1071 1417 1120 1478 hoo

206 1504 281 1579 vita,
312 1502 342 1561 id
366 1510 429 1581 cst,
448 1503 624 1582 ignorantia
645 1504 773 1563 rationis
797 1512 827 1563 et
849 1503 1018 1582 captivatio
1042 1500 1119 1561 intei-

204 1586 300 1647 leotus
322 1587 352 1644 in
376 1584 557 1665 obsequium
578 1584 666 1663 fidei,
698 1586 752 1646 sed
775 1592 848 1646 tunc
869 1584 1024 1646 erit'foris
1047 1584 1119 1644 dam-

205 1669 305 1749 natio,
328 1668 358 1728 id
381 1676 438 1748 est,
462 1669 615 1748 separatio
638 1687 658 1727 a
682 1668 753 1729 luce
774 1675 916 1746 aeterna,
952 1687 1009 1749 per
1031 1674 1118 1728 totum

204 1760 236 1813 et
256 1752 322 1811 sine
344 1771 410 1833 spe,
433 1752 504 1830 quie
515 1750 600 1832 ligati
611 1770 718 1812 munus
740 1759 771 1812 et
790 1751 885 1833 pedes
904 1759 1003 1830 erunt,
1027 1759 1119 1817 utnec

204 1837 314 1897 mereri
336 1835 458 1914 possint
480 1853 537 1894 nec
559 1834 691 1897 liberari.

122 2018 125 2023 ’
226 2001 433 2061 Dominies
453 1956 552 2061 xxm
575 2005 663 2080 post
683 1997 904 2064 Trinitatis.
948 1998 1057 2064 Metth.
1077 2000 1102 2063 9.

287 2165 373 2225 Haec
395 2165 447 2226 illo
469 2164 616 2245 loquente
638 2164 676 2225 ad
706 2184 761 2225 eos
785 2183 858 2225 eccs
880 2167 1027 2246 princeps
1051 2181 1117 2226 uuus

203 2250 334 2309 accessit
356 2255 386 2309 et
407 2248 557 2309 adorabat
578 2268 647 2308 enm
670 2248 789 2309 dicens:
808 2249 949 2330 Domine,
974 2248 1039 2309 filia
1061 2264 1119 2308 ruet

203 2332 297 2393 modo
321 2333 465 2392 defuncta
487 2339 543 2410 est,
564 2332 618 2391 sed
640 2335 727 2410 veni,
750 2334 874 2412 impone
897 2351 1022 2392 menum
1046 2339 1118 2392 tuem

203 2435 383 2497 supeream
417 2422 448 2476 et
469 2416 560 2478 vivet.
604 2415 643 2475 hs
671 2434 799 2496 surgens
821 2413 909 2476 Iesus
942 2414 1120 2494 sequebatur

203 2520 273 2560 eum
303 2510 333 2559 et
355 2497 494 2580 discipuli
525 2499 599 2558 eius.
643 2499 682 2559 Et
710 2518 783 2559 ecoe
806 2498 928 2577 mulier,
958 2518 1040 2578 quae
1061 2516 1119 2558 sen-

202 2584 302 2663 guinis
324 2580 441 2642 fluxum
463 2581 636 2662 patiebatur
666 2580 828 2642 duodecim
851 2582 958 2660 annis,
997 2580 1120 2643 accessit

202 2676 284 2726 retro
318 2673 348 2725 et
370 2666 468 2746 tetigit
500 2663 651 2726 fimbriam
685 2665 858 2726 vestimenti
883 2665 966 2743 eius3
1005 2663 1119 2725 dicebat

203 2751 288 2811 enirn.
305 2751 383 2809 intra
406 2768 454 2809 se:
489 2747 520 2809 Si
554 2750 683 2829 tetigero
699 2747 730 2830 ¹)
770 2753 886 2808 tantum
910 2748 1118 2809 vestimentum

202 2834 278 2911 eius,
301 2832 389 2893 salva
411 2850 473 2895 ero.
516 2831 558 2891 At
573 2829 660 2892 Iesus
683 2850 849 2893 conversus
873 2840 903 2890 et
924 2832 1036 2892 videns
1058 2848 1117 2893 een

203 2914 292 2975 dixit:
331 2913 476 2993 confide,
498 2913 570 2995 filia,
590 2913 668 2975 fides
691 2921 743 2975 tua
766 2923 796 2975 te
817 2913 935 2974 salvam
962 2913 1048 2978 fecit.
1087 2910 1120 2971 Et

203 2999 289 3057 salva
309 2998 390 3058 iacta
411 3004 459 3058 est
481 2998 589 3058 mulier
612 3018 651 3058 ex
673 2999 726 3058 iilo
747 2998 834 3060 hors.
877 2996 918 3057 Et
940 3016 1011 3059 cum
1032 2996 1120 3057 venis·

202 3084 251 3140 set
270 3080 355 3140 Iesus
377 3085 407 3140 in
432 3082 555 3141 domum
578 3083 723 3162 principis
746 3090 777 3141 et
792 3080 920 3141 vidisset
943 3081 1083 3143 tibicines
1095 3084 1120 3138 et

202 3167 321 3223 turbam
344 3164 588 3243 tumultuantem,
611 3164 684 3225 dicit
704 3163 781 3228 iliis:
814 3163 973 3243 Recedite,
996 3168 1121 3225 nonest

202 3249 283 3307 euim
305 3256 425 3308 mortua
446 3247 559 3329 puelle,
581 3247 636 3308 sed
648 3247 767 3308 dormit.
789 3247 830 3308 Et
850 3246 1034 3309 deridebant
1048 3264 1118 3308 eum.

201 3330 241 3391 Et
263 3349 331 3391 cum
354 3332 454 3392 eiecta
475 3338 557 3393 esset
577 3332 676 3411 turba,
697 3332 863 3393 intravitet
882 3333 980 3391 tenuit
1003 3346 1119 3393 manum

202 3415 277 3493 eius,
301 3423 331 3475 st
354 3414 446 3475 dixit:
473 3416 588 3497 Puella,
612 3434 720 3496 surge3
742 3420 774 3475 et
784 3415 917 3475 surrexit
938 3414 1056 3496 puella.
1087 3410 1120 3472 Et

202 3499 276 3557 exiit
297 3497 379 3558 fama
401 3496 478 3559 haec
499 3500 531 3559 in
553 3500 727 3560 universam
751 3504 873 3564 terram.

208 3636 272 3646 ou·—

273 3699 301 3765 1)
320 3697 351 3752 In
370 3697 413 3752 ed.
433 3697 504 3767 orig.
523 3697 610 3752 verba
628 3697 774 3768 Evangelii
792 3695 928 3751 hactenus
940 3700 1049 3751 tautum
1065 3690 1119 3749 red·

200 3767 311 3838 duntur,
329 3768 437 3838 reliqna
454 3784 473 3823 a
490 3770 571 3825 nohis
588 3769 707 3839 repetita
724 3774 789 3825 sunt
806 3785 841 3824 ex
858 3768 904 3826 ed.
925 3769 986 3823 Ion.
