2348 4162
127 254 192 323 456
403 255 504 327 Capita
520 251 588 313 fidei
606 252 774 311 christianae

128 427 209 489 serio
231 445 363 506 vereque
383 426 493 485 iustum
525 432 556 486 et
582 424 711 487 liberum
735 414 911 486 Concilium
934 423 983 506 (ut
1003 423 1045 485 de·

128 509 230 591 beret)
254 509 375 569 habere.
420 508 480 571 Sed
504 509 794 571 Romanacuriaita
816 509 963 569 abhorret
984 528 1004 568 a
1020 508 1046 567 li·

132 593 205 654 bero
229 593 369 654 Concilio
394 591 556 671 lucemque
578 590 657 653 adeo
681 595 807 672 turpiter
828 592 922 671 fugit,
951 597 986 651 nt
1006 590 1047 651 vel

59 740 62 745 ,
129 677 176 755 iis,
199 677 249 754 qui
271 677 367 754 ipsius
390 684 492 754 partes
515 682 691 755 sequuntur,
716 694 840 737 ornnem
865 674 905 735 de
926 672 1049 755 Synodo

129 778 216 839 spem
240 758 399 834 ademerit,
421 766 537 819 utnon
562 757 654 818 modo
677 760 743 838 ipsa
766 777 924 837 nunquam
942 775 1049 818 convo-

129 849 235 903 eatnra
256 841 383 901 liberum
406 841 594 918 consilium,
630 841 684 902 sed
723 863 762 903 ne
800 841 924 921 quidem
955 858 1050 920 aequo

130 926 233 985 animo
266 924 365 985 latura
386 943 454 984 esse
477 924 633 999 videatur,
655 944 715 1005 qua
736 945 770 986 re
792 925 835 985 illi
859 942 923 985 non
946 924 1051 984 iniuria

131 1006 341 1084 offenduntur,
380 1015 470 1066 etex
505 1026 541 1067 ea
565 1007 736 1068 molestiam
760 1009 886 1088 capiunt
907 1025 972 1067 non
995 1026 1050 1067 me

131 1091 283 1166 dicerem,
306 1090 410 1167 utqui
433 1090 606 1169 intelligant
628 1091 805 1169 pontificem
829 1090 923 1150 malle
948 1109 1049 1152 omnes

130 1173 320 1234 Christianos
350 1187 419 1231 esee
450 1173 586 1252 perditos
615 1179 645 1232 et
667 1176 802 1234 omniurn
826 1175 948 1234 animas
972 1172 1050 1234 daru-

130 1262 228 1334 natas‚
252 1273 342 1333 quam
365 1256 597 1335 permissurum,
628 1275 662 1316 se
686 1263 737 1318 ant
760 1276 833 1317 suos
856 1255 896 1316 sd
920 1254 1052 1317 officium

130 1340 353 1418 sanitatemque
388 1338 491 1398 reduci
522 1345 553 1398 et
574 1341 728 1419 tyrannidi
755 1359 830 1400 suae
851 1338 980 1419 modurn
1003 1339 1051 1399 ali·

129 1440 220 1501 quem
255 1422 355 1483 statui.
399 1421 466 1500 Ego
500 1421 696 1482 nihilominus
727 1429 828 1483 tamen
864 1422 950 1483 volni
979 1422 1052 1483 haee

130 1504 288 1564 doetrinae
310 1512 435 1564 nostrae
456 1506 556 1583 capita
579 1506 610 1564 in
633 1504 732 1565 lucem
756 1505 857 1580 edere,
882 1512 936 1579 ut,
959 1507 985 1565 si
1006 1524 1052 1566 rna

130 1593 202 1648 unte
224 1606 305 1647 mors
328 1593 509 1667 oocuparet,
533 1605 623 1665 quam
647 1595 888 1669 congregaretur
910 1588 1051 1668 Synodus

133 1672 183 1744 (ut
205 1669 329 1730 confido
352 1676 383 1729 et
405 1669 527 1753 spero),
550 1670 799 1750 quandoquidem
818 1672 867 1731 isti
882 1670 1052 1733 nebulones

130 1750 255 1832 lucifugi
279 1760 340 1812 tarn
364 1753 494 1812 sollicite
516 1753 722 1832 contendunt,
752 1760 785 1814 ut
806 1753 980 1815 Concilium
1003 1753 1052 1814 dii·

130 1836 242 1895 feratur
264 1842 295 1896 et
309 1835 501 1915 impediatur,
524 1836 650 1896 haberet
664 1839 829 1917 posteritas
843 1838 1051 1899 testimonium

130 1924 161 1979 et
192 1919 418 1979 confessionem
455 1938 553 1978 meam
577 1920 788 2000 inpromptu,
823 1938 884 1998 qua
920 1927 1052 1981 uteretur

129 2019 199 2061 oum
218 2001 287 2081 illa,
309 2019 398 2079 quam
423 2001 504 2060 edidi
527 2010 633 2080 antea,
655 2004 684 2062 in
707 2022 768 2082 qua
789 2002 828 2065 s'd
851 2002 934 2063 hunc
957 2020 1051 2082 usqua

129 2083 209 2144 diem
228 2086 425 2165 perseveravi
448 2091 479 2144 et
494 2084 640 2164 deinceps
656 2085 712 2146 Dei
727 2087 824 2166 gratia
836 2086 1051 2165 perseverabo.

128 2165 206 2226 Nam
239 2166 309 2243 quid
339 2166 437 2227 dicam
469 2175 521 2227 aut
544 2168 700 2246 quomodo
724 2169 856 2247 querar?
899 2169 1048 2249 Equidem

128 2249 232 2309 adhuo'
249 2251 278 2307 in
303 2250 379 2309 vivis
402 2270 484 2327 sum,
506 2251 625 2322 scribo,
649 2251 758 2331 doceo,
782 2251 930 2331 praelego
955 2253 1048 2333 quoti·

127 2331 193 2408 die,
228 2338 258 2391 et
291 2337 393 2392 tamen
427 2353 489 2392 non
512 2336 589 2393 inter
611 2335 803 2394 adversarios
827 2340 966 2411 tantum,
998 2333 1047 2395 sed

77 2454 80 2458 -
127 2417 218 2475 etiarn
253 2416 331 2475 inter
352 2416 511 2476 simulatos
533 2417 656 2492 iratres,
690 2420 739 2498 qui
773 2417 870 2478 videri
903 2419 1049 2479 volunta

30 2504 35 2519 '
127 2497 215 2559 nobis
238 2506 334 2578 stare,
370 2499 504 2578 produnt
531 2519 565 2559 se
589 2500 727 2560 virulenti
750 2500 873 2580 quidam
896 2499 1049 2562 obstinate

126 2599 251 2660 operam
276 2579 401 2659 dantes,
425 2589 457 2641 ut
479 2602 547 2642 mea
569 2585 682 2663 scripta
704 2591 735 2644 et
755 2583 926 2644 doctrinam
952 2604 1048 2645 meam

125 2662 288 2723 adversum
320 2683 368 2723 me
405 2665 594 2726 calumniose
616 2666 820 2745 detorqueant
854 2686 904 2727 me
934 2668 1049 2748 inspec

127 2754 210 2807 tante
233 2755 262 2806 et
286 2746 439 2824 audiente,
463 2767 530 2807 cum
553 2749 610 2826 ipsi
634 2768 696 2809 non
719 2751 861 2830 ignorent
884 2769 935 2810 me
955 2750 1048 2810 diver·

125 2849 192 2889 sum
215 2829 336 2890 dooere.
379 2829 428 2890 Ita
458 2832 532 2890 meis
560 2831 721 2891 sudoribus
749 2832 786 2892 ad
810 2853 897 2892 suam
921 2833 1047 2893 virulen-

126 2913 197 2971 tiam
221 2911 386 2972 abutuntur
409 2920 440 2972 et
459 2915 587 2974 miseros
609 2913 816 2976 hominessub
839 2934 910 2976 meo
926 2917 1048 2977 nomina

124 2993 284 3056 seducunt.
330 2995 409 3068 Quid
440 3015 512 3057 vero
542 2995 596 3056 fiet
626 3016 675 3057 me
699 2998 841 3058 mortuo?
884 2999 978 3079 Atqui
1002 2998 1047 3058 de-

124 3075 227 3137 berem
250 3080 354 3138 omnia
376 3098 571 3159 propugnare
593 3089 758 3159 superstes.
801 3080 861 3140 Sed
882 3100 945 3160 quo
959 3088 1048 3161 paeto

99 3170 250 3239 'possum
275 3180 351 3220 unus
386 3163 489 3222 omnia
521 3161 635 3222 diaboli
658 3182 712 3224 ora
735 3163 917 3223 obstruere?
943 3182 1046 3225 eorum

125 3243 306 3321 praesertim
339 3242 437 3325 (sieut
475 3264 582 3305 omnes
605 3246 838 3325 suntinfeoti),
874 3248 926 3325 qni
950 3265 1048 3326 neque

123 3324 245 3401 audire,
276 3345 375 3406 neque
398 3328 556 3388 attendere
578 3328 684 3387 volunt
706 3348 753 3407 ea,
776 3348 854 3409 quae
877 3331 1048 3407 scribimus,

124 3407 178 3468 sed
201 3408 231 3467 id
255 3428 346 3468 unuru
369 3408 484 3471 habent
507 3410 617 3483 studio
641 3420 673 3471 ut
695 3418 800 3473 nostra
819 3413 913 3475 verba
934 3414 965 3473 in
989 3415 1048 3473 sin·

122 3490 201 3569 gulis
225 3491 318 3552 literis
354 3511 444 3570 quarn
467 3493 644 3554 foedissime
666 3494 835 3575 depravent
866 3500 961 3574 atque
983 3515 1048 3557 eor·

123 3588 274 3652 rumpant.
318 3575 409 3635 Tales
432 3576 541 3636 refutet
559 3575 715 3654 diabolus,
739 3578 850 3638 autad
875 3586 1047 3640 extremum
1061 3640 1075 3663 ο

10 3708 17 3721 ,
123 3656 168 3713 ira
190 3656 257 3735 Dei,
280 3664 313 3717 ut
334 3658 417 3737 digni
441 3664 521 3720 sunt.
565 3656 668 3739 Saepe
688 3661 866 3722 reminiscor
889 3662 1047 3724 boniGer-

122 3739 223 3817 sonis,
246 3741 299 3819 qui
322 3740 453 3822 dubitat,
489 3761 527 3801 an
551 3743 712 3821 quiequam
737 3743 808 3805 boni
832 3745 927 3805 sitin
951 3745 1045 3827 publi·

31 3850 139 3888 Α
