2348 4162
372 259 462 316 amico
481 259 590 317 cuidam
609 264 811 332 praescriptas.
987 259 1049 327 431

125 436 322 512 contemptus
343 431 429 494 verbi
453 433 520 513 Dei,
543 438 715 513 quaesunt
737 432 889 494 collectae
910 431 949 493 de
972 432 1051 513 sepi-

124 514 183 577 bus
205 521 236 576 et
256 516 323 590 viis,
343 514 447 597 idest,
470 516 510 577 de
520 518 642 598 populis
657 515 806 595 idolatris,
828 517 880 596 qui
901 517 967 576 sine
982 516 1051 597 lege

124 598 257 662 luerunt.
299 599 378 660 Nam
407 601 525 680 priores
557 601 630 661 dicit
651 600 796 661 habuisse
818 600 990 678 civitatem,
1018 598 1050 659 id

125 688 183 760 est,
204 681 299 743 fuisse
318 684 466 764 populum
491 683 663 745 ordinatum
687 683 815 764 legibus.
859 682 924 743 Hos
947 690 1049 744 autem

106 764 201 826 'dicit
221 766 251 827 in
273 764 341 826 viis'
353 774 383 826 et
395 766 529 848 sepibus,
551 767 581 828 id
604 775 660 849 est,
681 767 777 828 fuisse
791 769 857 827 sine
879 766 971 845 cultu,
983 767 1050 827 sine

125 848 206 928 Deo,
228 851 294 911 sine
315 850 421 913 verbo.
464 849 539 912 Ideo
562 849 636 911 dicit
656 850 754 912 bonos
778 858 808 911 et
820 849 928 928 malos,
951 851 1051 910 donec
1077 890 1081 895 -

124 933 274 1012 impletae
295 940 366 993 sunt
389 953 514 994 mensae
537 943 615 1016 etc,
653 932 684 994 id
707 941 763 1014 est,
787 934 935 1013 usquein
957 932 1050 994 linem

126 1014 241 1081 mundi.
284 1015 569 1099 Tuncingrediet-ur
589 1037 656 1098 rex,
676 1018 770 1078 iudex
784 1016 931 1099 Christus,
955 1031 985 1076 et
1003 1035 1050 1076 se·
1119 1018 1123 1023 “

124 1098 247 1180 parabit
265 1099 358 1160 istum
380 1101 573 1182 hypocritam
594 1120 614 1161 a
634 1100 775 1162 fidelihus
798 1111 856 1164 etc.

209 1181 258 1241 Ex
280 1184 340 1243 isto
362 1183 434 1244 loco
456 1185 587 1265 primum
609 1183 690 1245 istud
714 1183 876 1263 docemur,
900 1174 931 1243 iri
953 1182 1051 1242 eccle·

125 1266 173 1325 sia
194 1284 263 1326 esse
285 1285 407 1347 semper
429 1267 542 1348 melos,
566 1266 597 1327 id
619 1275 681 1346 est,
704 1267 897 1349 hypocritas,
934 1267 1050 1327 tamin

126 1347 232 1409 officio
256 1348 378 1430 publico
419 1368 510 1429 quam
543 1350 678 1432 privato,
715 1370 773 1411 nec
802 1368 895 1430 posse
917 1349 1050 1410 discerni

126 1449 246 1511 omnes,
268 1434 327 1492 nisi
347 1433 385 1494 ab
407 1433 476 1514 ipso
501 1433 622 1495 Christo
643 1434 675 1493 in
698 1434 867 1494 novissimo
890 1431 955 1493 die:
977 1431 1049 1492 ideo

126 1515 290 1576 ecclesiam
320 1535 382 1577 non
414 1534 483 1577 esse
503 1515 699 1579 iudicandam
737 1515 904 1577 secundum
937 1515 1049 1575 taciem

125 1605 303 1680 externam,
327 1618 396 1660 cum
418 1601 479 1660 sint
503 1600 594 1662 etiam
618 1599 816 1661 occultissimi
837 1602 869 1658 in
891 1618 929 1659 ea
950 1599 1049 1679 hypo-

126 1682 231 1746 critae.
274 1682 314 1743 ht
335 1682 385 1743 hic
406 1683 491 1744 locus
514 1691 562 1744 est
583 1684 774 1745 necessarius
796 1683 885 1764 scitu,
908 1700 1050 1762 neprop-

124 1772 174 1826 ter
195 1764 294 1827 melos
317 1766 479 1828 damnetur
500 1769 640 1847 ecclesia,
663 1775 715 1827 aut
737 1768 785 1827 exi
809 1773 886 1846 atur,
909 1784 947 1825 ne
971 1764 1049 1824 ullus

126 1850 219 1909 sitin
241 1850 398 1910 samalus
431 1858 483 1910 aut
502 1858 657 1931 peccator.
702 1850 760 1926 Qui
788 1786 876 1910 {rior
897 1849 953 1908 luit
975 1847 1047 1913 mul-

126 1938 227 1999 torum
249 1934 399 1994 malorum
421 1951 514 1994 causa
536 1942 567 1995 et
588 1935 783 1996 vehementer
799 1932 988 2013 perturbavit
1001 1948 1048 1990 ec·

126 2016 264 2078 clesiam.
307 2017 402 2097 Nam,
437 2024 552 2078 utnon
575 2018 636 2078 sint
657 2015 808 2078 tolerandi
836 2017 937 2096 palam
960 2013 1049 2096 flagi-

125 2098 211 2177 tiosi,
232 2100 300 2179 quis
323 2101 444 2161 occulte
465 2101 564 2162 malos
586 2100 752 2163 iudicabit?
796 2100 924 2160 Miscere
945 2108 1049 2159 autem

127 2189 160 2243 et
180 2183 369 2245 confundere
395 2183 477 2244 istud
506 2184 669 2246 discrimen
694 2184 854 2245 manifeste
877 2193 907 2243 et
929 2182 1050 2243 occulte

126 2266 279 2327 malorum
311 2273 359 2328 est
381 2266 569 2329 confundere
591 2269 754 2329 ecclesiam
777 2274 809 2328 et
829 2267 951 2347 nuptias
973 2267 1049 2325 istas

124 2348 193 2415 fllii.

209 2430 396 2512 Secundum,
419 2431 501 2512 qnod
530 2433 656 2494 ulterius
682 2434 722 2494 ad
745 2433 855 2494 christi
883 2430 1048 2492 adventum

124 2534 189 2577 non
212 2524 259 2576 est
280 2515 491 2597 exspectanda
503 2518 678 2597 segregatio
689 2519 811 2597 piorum
833 2524 863 2575 et
885 2517 1047 2596 impiorum

125 2605 255 2660 externa
276 2606 307 2659 et
328 2599 514 2681 corporalis,
536 2602 616 2662 sicut
636 2618 798 2681 synagoga
820 2605 867 2658 est
890 2600 928 2659 ab
951 2598 1048 2658 eccle·

124 2686 172 2744 sia
192 2682 393 2763 corporaliter
414 2691 577 2765 segregata
600 2690 657 2750 etc.
701 2683 781 2759 Quia
792 2682 929 2743 Christus
952 2682 1048 2742 voluit

123 2785 318 2848 synagogam
353 2768 445 2828 etiam
478 2768 681 2849 corporaliter
717 2766 873 2848 segregari
905 2765 1046 2825 omnihus

123 2850 225 2911 modis
247 2851 286 2912 ab
309 2851 454 2931 ecclesia,
479 2851 597 2912 scilicet
618 2852 834 2929 sacrementis,
856 2848 963 2927 verbo,
984 2848 1047 2907 riti·

122 2932 181 2995 bus
203 2940 235 2994 et
257 2933 399 2994 omnihus
427 2935 561 2995 externis
584 2935 688 3015 signis.
731 2933 793 2994 Sed
815 2933 962 2993 haeretici
982 2948 1045 2991 non

123 3020 169 3077 sic
224 3023 406 3098 separantur
453 3036 550 3095 usque
601 3020 633 3077 in
678 3017 764 3078 illum
817 3017 914 3093 diem,
975 3015 1047 3093 quia
1085 3020 1088 3025 '

122 3101 354 3162 communicant
375 3100 483 3162 iisdem
507 3102 717 3179 sacramentis,
739 3099 846 3178 verbo,
867 3098 973 3159 ritihus
987 3103 1046 3161 etc.

123 3182 193 3245 Hoc
215 3191 262 3245 est
283 3191 392 3245 contra
413 3183 578 3246 hodiernos
607 3193 638 3244 et
659 3184 771 3245 multos
794 3183 961 3261 fanaticos,
994 3183 1046 3261 qui

121 3266 263 3329 lacerant
280 3267 443 3329 ecclesiam
471 3274 502 3328 et
535 3268 642 3329 volunt
664 3269 755 3328 etiam
780 3266 980 3347 corporaliter
1001 3284 1046 3324 se·

121 3370 234 3432 parare
270 3351 431 3413 ecclesiam
464 3351 503 3411 ab
534 3352 704 3415 haereticis.
749 3350 810 3413 Sed
841 3356 903 3411 stat
931 3356 1045 3428 textus,

122 3434 208 3514 quod
230 3436 289 3496 iste
311 3453 417 3495 carens
432 3442 519 3495 veste
530 3434 658 3516 nuptiali
681 3440 786 3496 menet
805 3435 836 3494 in
851 3433 974 3514 nuptiis,
992 3430 1045 3492 do·

121 3536 182 3578 nec
203 3537 259 3579 rex
280 3517 469 3599 ingrediatur
488 3519 566 3598 ipse.

206 3602 282 3664 Post
302 3605 378 3663 istos
400 3601 487 3663 locos
509 3611 556 3662 est
577 3603 716 3681 quaestio
739 3601 778 3662 de
798 3607 885 3662 veste
906 3598 1044 3679 nuptiali,

121 3683 196 3766 quid
224 3686 285 3747 sit?
338 3685 404 3746 Nos
431 3685 559 3746 dicimus
586 3704 655 3747 esse
683 3684 895 3746 indumentum
922 3682 1045 3763 Christi,

121 3770 245 3850 dequo
268 3769 395 3831 Paulus:
439 3767 597 3848 Quotquot
619 3768 765 3851 baptisati
786 3771 869 3850 estis,
892 3767 1044 3830 Christum
