2348 4162
414 272 443 329 et
461 266 667 330 communionis.
957 259 996 335 11

81 438 246 513 autequam
259 432 386 495 calicem
404 432 609 513 benediceret,
631 433 742 496 deiude
755 452 900 515 expressa
913 432 999 496 dicits

80 516 225 578 Similiter
258 525 290 578 et
310 517 456 595 calicem,
484 527 647 599 postquam
670 521 827 598 coenavit,
866 525 898 578 ut
928 522 999 598 post

80 598 347 662 manducationem
384 602 514 681 primum
548 603 673 663 calicem
704 623 772 664 esse
803 600 998 664 benedictum

80 684 202 746 sentias.
246 683 307 746 Sed
324 686 399 744 ritus
422 684 470 745 hic
491 686 581 746 nimis
605 704 701 747 novus
726 705 788 746 non
811 686 943 767 patietur
962 703 1000 746 ea

79 766 158 846 fieri,
197 786 278 847 quae
303 767 452 828 hacteuus
486 777 558 849 post
589 768 835 830 benedictionem
858 769 999 848 diximus,

80 850 136 912 uisi
159 857 191 910 et
211 851 280 931 ipsa
300 858 462 915 mutentur.

158 931 213 996 Sic
234 933 273 995 de
295 934 388 994 Missa
410 936 571 1014 sentimus,
602 937 631 996 iu
655 936 763 1016 quibus
786 935 926 997 omnibus
947 954 999 996 oa·

79 1015 228 1096 vandum,
259 1036 297 1077 ue
320 1017 419 1098 legem
448 1038 487 1078 ex
510 1018 649 1080 libertate
670 1021 833 1097 faciamus,
857 1025 909 1079 aut
930 1037 1000 1098 pec-

80 1118 148 1161 care
170 1119 320 1182 cogamus
341 1121 409 1182 eos,
430 1102 480 1181 qui
504 1101 553 1162 vel
576 1103 664 1163 aliter
685 1104 821 1179 fecerint,
843 1103 892 1163 vel
911 1121 1000 1181 quae·

80 1183 146 1244 dam
171 1185 339 1262 omiserint,
361 1183 455 1246 modo
478 1185 701 1247 benedictionis
724 1187 818 1248 verba
834 1188 936 1247 sinaut
956 1186 1001 1246 in·

81 1272 164 1347 tegra
185 1273 216 1328 et
238 1265 298 1328 fide
319 1267 370 1329 bio
390 1274 493 1347 agant.
538 1268 778 1331 Christianorum
790 1271 870 1330 enim
888 1269 919 1329 hi
931 1287 1001 1329 esse

81 1349 193 1412 debent
211 1350 296 1427 ritus,
323 1350 439 1431 idest,
462 1350 594 1413 filiorum
617 1352 742 1430 liberae,
765 1354 816 1433 qui
837 1360 948 1434 sponte
970 1358 1001 1413 et

80 1452 116 1494 ex
136 1435 243 1495 auimo
265 1435 324 1494 ista
346 1441 478 1510 servent,
500 1435 644 1497 mutaturi
656 1438 776 1515 quoties
799 1446 830 1497 et
842 1434 999 1515 quomodo

78 1516 236 1579 voluerint.
280 1516 382 1593 Quare
407 1537 470 1579 nou
494 1525 555 1595 est,
585 1528 617 1579 ut
638 1520 843 1581 necessariam
865 1519 999 1598 aliquam

80 1600 208 1662 forman
232 1600 317 1661 veiut
344 1601 444 1681 tegam
481 1602 511 1661 iu
536 1603 593 1663 bac
615 1623 648 1663 re
672 1604 822 1683 quispiam
845 1602 893 1662 vel
916 1607 1003 1681 petat

78 1683 124 1744 vel
135 1689 261 1764 statuat,
284 1703 344 1764 qua
367 1685 572 1745 conscientias
583 1685 727 1765 illaqueet
740 1693 771 1747 et
784 1691 884 1750 vexet.
912 1684 1015 1746 Unde·

79 1775 107 1827 et
128 1769 159 1827 in
184 1767 293 1846 priscis
315 1767 454 1829 Patribus
487 1775 518 1827 et
550 1769 702 1848 primitiva
728 1770 862 1831 ecclesia
885 1762 1001 1830 nullum

78 1849 252 1930 exemplum
274 1849 405 1931 legimus
428 1853 503 1912 ritus
526 1851 614 1912 huius
636 1852 779 1933 plenum,
809 1853 866 1912 nisi
889 1852 920 1912 in
942 1852 1002 1913 Rc·

78 1952 167 1994 mana
189 1933 332 1997 ecelesia.
371 1933 436 1995 ised
460 1953 518 1994 nec
541 1936 725 1996 servandum
748 1944 846 2010 esset,
871 1937 896 1995 si
918 1934 1002 2015 quid·

78 2035 166 2095 quarn
192 2035 248 2097 pro
271 2017 341 2096 lege
361 2018 391 2076 in
416 2018 475 2078 hac
495 2037 528 2078 re
551 2019 741 2099 sanxissent,
770 2018 852 2099 quod
882 2017 1001 2096 legibus

16 2143 19 2146 »
77 2099 152 2160 haec
174 2099 324 2179 obstringi
345 2119 404 2160 uec
425 2101 546 2181 possint
566 2121 624 2162 nec
647 2101 787 2166 debeant.

156 2181 293 2261 Deinde,
321 2183 348 2242 si
375 2184 468 2244 etiam
497 2184 607 2245 diversi
639 2185 760 2247 diverso
783 2187 841 2245 ritu
869 2189 1001 2262 utantur,

76 2266 176 2326 uellus
199 2264 327 2326 alterum
351 2267 399 2326 vet
421 2267 535 2327 iudicet
557 2268 605 2328 vel
629 2274 815 2347 contemnat,
839 2267 892 2327 sed
911 2285 1001 2327 unus-

77 2351 205 2429 quisque
238 2367 329 2410 seusu
364 2369 422 2410 suo
457 2349 591 2411 abundet
628 2359 659 2411 et
681 2351 761 2412 idem
784 2351 941 2430 sapiamus
966 2366 1003 2410 ac

76 2435 259 2510 sentiamus,
293 2433 414 2492 etiamsi
444 2431 566 2493 diversa
588 2435 736 2496 faciamus
759 2441 788 2494 et
811 2434 1002 2493 uniuscuius-

75 2534 133 2594 que
154 2516 230 2575 ritna
252 2514 341 2576 alteri
364 2517 500 2596 placeat,
534 2535 572 2576 ne
600 2517 638 2577 ad
661 2518 867 2578 diversitatem
890 2517 1001 2576 rituum

76 2597 216 2659 diversae
238 2607 406 2676 sequantur
428 2599 588 2680 opiniones
613 2608 642 2660 et
665 2606 778 2672 sectae,
802 2597 1001 2680 quemadmo-

76 2680 145 2742 dum
168 2680 226 2742 sub
248 2682 389 2743 Rourana
416 2683 549 2743 ecclesia
577 2683 714 2763 contigit.
758 2683 885 2743 Externi
919 2682 1000 2742 enim

75 2767 164 2838 ritus,
198 2765 255 2824 etsi
276 2765 313 2825 ds
336 2783 441 2826 emere
464 2784 526 2826 uon
548 2784 725 2846 possumus,
747 2767 828 2827 siout
849 2783 908 2827 nec
931 2763 1001 2826 cibo

16 2861 19 2867 '
76 2854 104 2908 et
125 2854 217 2928 pons,
250 2852 438 2939 nontamen
472 2866 529 2909 nos
550 2849 619 2911 Deo
642 2848 881 2927 commendant,
922 2849 1002 2917 sicut

76 2950 131 2991 ucc
167 2949 240 2991 esca
279 2948 339 2992 nos
361 2931 430 2992 {ten
469 2931 676 2995 commendat.
720 2931 809 2993 Fides
842 2938 942 2992 autem
972 2936 1004 2991 st

75 3015 185 3074 cantas
216 3031 275 3074 nos
305 3013 375 3075 Deo
405 3013 632 3077 commendant.
683 3015 785 3092 Quare
811 3014 861 3074 hio
894 3019 1002 3094 regnet

75 3097 151 3158 illud
173 3096 275 3158 Pauli:
318 3094 391 3158 Nou
424 3104 472 3158 est
498 3117 626 3177 reguum
650 3098 707 3158 Dei
736 3118 809 3159 esca
840 3105 871 3157 et
899 3104 1001 3177 potus,

76 3179 128 3240 sed
151 3176 278 3259 iustitia,
302 3199 364 3260 pax
385 3187 417 3240 et
439 3181 583 3260 gaudium
608 3187 638 3241 in
662 3181 776 3262 Spiritu
801 3184 926 3244 Sancto.
958 3179 1003 3240 Ita

75 3278 132 3323 neo
168 3264 245 3324 ritus
285 3262 368 3323 nllus
408 3271 455 3323 est
475 3283 602 3342 regnum
624 3264 699 3343 Dei,
734 3263 789 3325 sed
824 3262 900 3324 fides
922 3264 1002 3323 iutra

75 3362 130 3407 uos
153 3352 210 3407 eta
426 3373 429 3377 ·

157 3425 267 3490 Vestes
293 3429 539 3508 praeterivimus.
581 3428 643 3490 esd
666 3428 704 3489 dc
728 3430 795 3506 his,
819 3434 852 3489 ut
874 3427 912 3488 de
933 3425 1001 3489 aliis

76 3511 192 3587 ritibus,
215 3511 373 3572 sentimus.
418 3511 631 3572 Permittamus
645 3512 703 3573 iliis
726 3514 769 3573 uti
780 3511 885 3589 libere,
908 3509 1001 3572 modo

39 3664 45 3676 ι
77 3611 189 3675 pompa
218 3601 250 3654 et
272 3594 363 3655 luxus
392 3594 480 3656 absit.
522 3592 633 3674 Neque
661 3596 740 3658 euim
765 3595 863 3675 magis
883 3594 1000 3675 places,

80 3676 154 3737 siin
178 3675 314 3737 vestibus
337 3676 540 3755 benedixeris,
563 3697 621 3739 nec
642 3679 741 3740 miuus
753 3677 869 3760 places,
893 3678 920 3737 si
934 3677 1001 3738 siue

80 3759 211 3824 vestibus
232 3759 436 3823 benedixeris.
479 3757 590 3843 Neque
607 3762 692 3825 enirn
715 3767 817 3825 uestes
832 3762 924 3824 etiam
942 3777 1000 3822 nos
