2348 4162
196 262 259 331 222
437 263 479 318 De
497 277 579 317 servo
600 262 717 318 arbitrio
736 263 771 317 D.
789 262 825 335 il.
845 264 874 319 L.
951 292 954 297 -

195 455 288 518 supra
299 434 399 496 Deum
420 452 482 495 non
506 433 629 512 oultum,
652 453 711 496 neo
731 433 952 516 praedieatum,
975 440 1067 496 utsst
1086 436 1119 496 in

195 538 252 579 sua
273 525 382 579 natura
413 524 444 579 et
473 516 649 598 maiestate,
681 519 756 579 nihil
776 525 880 598 potest
901 518 1027 600 extolli,
1062 517 1118 580 sed

196 604 300 663 omnia
322 608 392 662 eunt
414 599 468 661 sub
492 600 610 679 potenti
634 620 725 662 mann
748 603 821 662 eius.

276 682 507 763 Relinquendus
537 689 584 743 est
614 684 706 764 igitur
727 684 812 746 Deus
844 685 876 744 io
904 684 1066 745 maiestate
1089 688 1122 744 et

195 775 303 829 natura
339 787 411 845 sua,
446 768 490 826 sio
512 766 593 826 enim
624 768 699 828 nihil
721 786 778 829 nos
801 787 869 829 oum
892 767 946 828 illo
967 765 1120 828 habemus

195 872 296 932 egere,
320 870 378 911 neo
399 851 444 910 sio
467 849 562 910 voluit
584 869 602 909 a
624 849 713 911 nobis
736 852 785 931 agi
808 870 876 911 oum
894 869 943 927 eo,
965 848 1020 910 sed
1043 868 1120 933 qua-

195 944 282 996 tenus
304 934 427 994 indutus
450 934 481 993 et
501 931 639 1013 proditus
662 940 709 994 est
731 933 823 995 verbo
847 953 920 1010 suo,
942 952 1003 1012 quo
1028 932 1121 993 nobis

193 1038 262 1078 sese
284 1016 402 1095 obtulit,
425 1035 494 1076 oum
516 1034 554 1076 eo
577 1017 705 1097 agimus,
728 1016 811 1097 quod
834 1024 881 1078 est
902 1015 1122 1097 deooretglo·

193 1103 239 1161 ria
261 1102 335 1179 eius,
358 1118 418 1178 quo
443 1098 604 1159 Psalmista
626 1118 695 1159 eum
719 1101 854 1161 celebrat
874 1098 1023 1164 indutum.
1068 1098 1122 1160 Sio

195 1184 338 1261 dicimus,
362 1183 444 1242 Deus
476 1183 544 1261 pius
574 1201 634 1243 oon
665 1181 807 1262 deplorat
835 1189 963 1243 mortem
998 1181 1119 1262 populi,

195 1286 286 1346 quam
309 1266 502 1345 operatorio
525 1265 596 1342 illo,
618 1265 672 1326 sed
695 1264 836 1346 deplorat
857 1271 1001 1344 mortem,
1024 1282 1121 1344 quam

193 1350 310 1409 invenit
331 1351 360 1407 in
389 1347 524 1428 populo,
560 1354 591 1407 et
612 1368 757 1410 amovere
790 1348 902 1410 studet.
944 1348 1014 1409 Hoo
1036 1349 1121 1408 enim

195 1432 349 1512 agitDeus
372 1431 575 1510 praedicatus,
600 1437 632 1491 ut
654 1430 758 1493 ablato
773 1434 802 1511 ¹)
827 1438 956 1513 peooato
973 1438 1003 1491 et
1018 1437 1122 1492 morte

194 1516 271 1576 salvi
294 1518 397 1576 simus.
420 1514 501 1573 Misit
523 1514 604 1573 enirn
627 1514 752 1575 verbum
776 1515 1122 1577 suumetsanaviteos.

195 1598 337 1660 Ceterum
360 1597 443 1656 Deus
466 1595 665 1660 absconditus
688 1598 718 1657 in
755 1601 915 1659 maiestate
944 1615 1044 1677 oeque
1067 1595 1121 1659 de·

194 1682 308 1761 plorat,
349 1699 448 1758 neque
480 1679 561 1740 tollit
583 1686 732 1758 mortem,
766 1681 821 1743 sed
844 1687 989 1761 operatur
1010 1681 1121 1761 vitam,

195 1774 338 1843 mortem,
374 1772 404 1823 et
433 1764 537 1823 omnia
565 1764 596 1822 in
626 1764 777 1829 omnibus.
820 1765 928 1845 Neque
949 1764 1030 1823 enim
1054 1769 1121 1824 tum

71 1906 80 1917 ,
193 1847 288 1909 verbo
311 1865 368 1907 suo
391 1844 527 1907 definivit
548 1864 627 1927 sese,
650 1847 703 1907 sed
726 1847 853 1910 liberum
865 1865 933 1908 sese
949 1848 1124 1909 reservavit

195 1930 423 2010 superomnia.

276 2011 381 2075 Illudit
402 2017 504 2071 autem
523 2029 592 2072 sese
615 2010 743 2072 diatriba
760 2012 935 2091 ignorantia
957 2032 1023 2093 sna,
1047 2012 1121 2074 dum

194 2097 267 2157 nihil
295 2096 452 2175 distinguit
475 2095 554 2154 inter
575 2094 673 2155 Deum
696 2095 903 2175 praedioetum
927 2102 958 2155 et
988 2095 1122 2158 absoon·

195 2180 305 2257 ditum,
334 2179 395 2239 hoo
417 2184 478 2254 est,
501 2179 580 2237 inter
601 2178 727 2238 verbum
750 2178 806 2238 Dei
829 2184 860 2239 et
881 2175 983 2239 Deum
1006 2180 1120 2259 ipsum.

192 2263 288 2324 Multa
310 2262 382 2322 iacit
404 2261 495 2337 Deus,
519 2278 598 2339 quse
621 2262 716 2321 verbo
739 2280 796 2321 suo
819 2281 881 2322 nou
906 2261 1042 2323 ostendit
1065 2281 1120 2325 no·

193 2347 249 2427 bis,
271 2346 366 2405 multa
388 2362 512 2423 quoque
534 2342 606 2419 vult,
629 2362 708 2423 qnae
730 2344 824 2405 verbo
846 2362 905 2406 suo
928 2364 991 2406 non
1016 2352 1118 2406 osten·

194 2430 238 2491 dit
266 2449 335 2490 sose
369 2427 457 2491 velle.
499 2425 550 2487 sie
581 2445 642 2486 non
677 2427 741 2487 vult
774 2433 903 2488 mortem
933 2430 1118 2509 peooatoris,

193 2513 288 2573 verbo
311 2510 446 2588 soilioet,
483 2513 546 2569 vult
574 2517 676 2570 autern
703 2510 787 2570 illam
811 2512 969 2571 voluntate
991 2511 1045 2573 illa
1067 2514 1117 2572 im·

193 2595 414 2677 perscrutabili,
437 2593 526 2653 Nune
548 2599 650 2653 autem
675 2592 764 2655 nobis
776 2594 975 2674 spectandum
989 2602 1038 2655 est
1055 2614 1118 2656 rer-

193 2681 263 2741 bum
298 2676 557 2772 relinquendaqpe
585 2676 639 2736 illa
670 2677 812 2737 voluntas
834 2677 1119 2756 imperscrutabilis,

192 2762 289 2824 verbo
313 2763 394 2822 enim
418 2778 475 2820 nos
499 2760 596 2839 origi,
618 2778 681 2820 non
706 2760 1117 2823 voluntateillainsrutabili

193 2852 325 2926 oportet.
369 2845 470 2922 Atque
492 2841 589 2921 adeo,
619 2843 686 2922 quis,
714 2862 783 2903 sese
812 2842 941 2924 dirigere
963 2850 1059 2924 queat
1079 2843 1117 2905 ad

193 2929 382 2989 voluntatem
404 2943 529 3005 prorsus
549 2926 846 3006 imperscrutabilem
869 2935 900 2987 et
921 2927 1116 3007 inooguosoi-

194 3009 307 3071 bilem?
341 3009 421 3070 Satis
445 3015 505 3086 est,
529 3027 620 3069 nosse
642 3016 775 3090 tantum,
799 3007 880 3089 quod
904 3010 942 3069 sit
964 3010 1116 3089 quaedam

192 3097 222 3154 in
245 3093 311 3152 Deo
334 3093 476 3153 voluntas
498 3091 778 3172 impersorutabilis,
801 3091 874 3172 quid
896 3111 987 3173 vero,
1012 3111 1067 3154 our
1088 3096 1117 3153 et

192 3184 343 3257 quatenus
365 3176 418 3235 illa
440 3175 528 3254 velit,
550 3175 610 3235 hoo
631 3194 755 3260 prorsus
779 3194 840 3236 non
863 3174 936 3249 lieet
958 3192 1114 3255 quaerere,

193 3267 319 3342 optare,
342 3278 448 3321 aurare
477 3264 530 3320 aut
549 3264 697 3339 tangere,
729 3256 785 3319 sed
815 3264 933 3319 tentum
955 3260 1066 3321 timere
1087 3264 1116 3320 et

192 3341 331 3406 adorare.

273 3427 368 3506 lgitnr
389 3430 472 3485 reete
494 3422 617 3484 dieitur:
640 3423 672 3485 Si
695 3424 777 3487 Deus
799 3443 863 3485 non
885 3423 950 3484 vult
973 3431 1112 3503 mortem,

191 3517 316 3573 nostrae
351 3508 500 3569 voluntati
535 3506 746 3587 imputandum
770 3514 833 3586 est,
865 3506 948 3587 quod
971 3509 1112 3588 perimus.

191 3595 302 3673 Recte,
324 3594 465 3671 inquam,
487 3590 513 3649 si
534 3588 572 3651 de
595 3590 662 3650 Deo
685 3590 863 3670 praedicato
886 3589 1020 3671 dixeris,
1043 3608 1112 3652 nam

266 3778 291 3843 1)
312 3775 341 3827 ln
360 3774 403 3828 ou
424 3775 493 3830 1525
512 3777 540 3828 er
558 3774 640 3830 rrae:
659 3772 764 3829 obtato.
