2348 4162
177 242 259 311 ,380
301 312 304 317 Ι
393 244 599 303 cordunculas
616 245 754 316 quasdam
771 247 806 302 D.
824 246 859 302 ll.
876 248 908 303 L.

197 419 351 480 nascituro
374 425 436 480 tem
460 424 552 494 certe,
575 439 612 481 so
633 421 659 480 si
680 421 741 481 ism
763 438 867 482 uorem
891 419 992 482 ooulis
1014 439 1118 482 eorum

197 507 279 563 esset
300 509 399 568 natus.
442 503 511 568 oen
531 503 625 584 tldnlg
652 503 830 583 introlvit,
858 506 913 567 bot
935 503 1021 582 {liridi
1050 504 1118 568 tuiti

196 585 243 659 tto
276 589 334 650 mol
354 587 464 668 doben!
500 592 532 647 ut
566 606 641 648 mox
674 586 761 648 dioit:
805 586 904 667 Super
926 587 1040 648 solium
1063 587 1119 649 Du·

196 667 247 730 vid
270 675 328 731 eto.

277 753 439 834 Emphesis
454 759 555 814 nutem
567 755 666 834 prims
687 759 734 814 est
752 754 782 813 in
798 755 995 833 pronomine,
1012 753 1117 818 Nobis.

198 836 256 912 Qui
279 843 351 898 sunt
362 838 421 915 isti,
442 837 562 899 Nobis?
589 837 736 919 Oppressi
760 837 877 897 seilicet
898 838 929 897 in
953 836 1118 915 mundo‚e

195 919 339 998 diabolo,
371 940 477 997 earne,
500 928 644 1001 peceato,
674 927 708 981 ut
729 939 807 1000 quos
828 938 891 981 non
914 925 1035 981 tontum
1057 940 1117 1002 pre

196 1005 250 1064 mit
271 1010 431 1084 pennatum
455 1010 484 1064 et
507 1023 600 1079 mors,
622 1004 676 1064 sed
691 1006 782 1065 etiem
797 1002 903 1064 odium
923 1003 1117 1066 diabolorum

196 1093 227 1147 et
247 1086 416 1163 homiuum,
440 1087 657 1166 quisuoluit1)
683 1107 740 1149 nos
753 1086 1052 1148 redimisservitute
1066 1106 1116 1148 sun

195 1169 377 1252 perditionis
402 1177 527 1230 aeterna
537 1168 582 1252 ²).

275 1252 382 1314 Altera
402 1253 556 1334 emphasis
578 1260 625 1314 est
645 1255 675 1313 in
698 1254 808 1330 verbo,
843 1253 958 1332 Natus,
993 1252 1116 1326 soilioet

195 1336 277 1415 qnod
300 1337 339 1396 nit
371 1343 496 1397 nostrae
518 1342 659 1409 naturae,
694 1355 755 1397 nou
777 1336 921 1417 angelus,
957 1355 1017 1397 neo
1040 1334 1115 1397 eliud

195 1425 347 1498 oresium,
380 1420 435 1480 sed
456 1421 551 1481 homo
580 1419 686 1480 similis
708 1419 798 1481 nobis
820 1420 998 1480 exsemine
1020 1424 1114 1481 nutus.

195 1500 264 1564 lion
288 1504 368 1564 enim
391 1502 593 1583 apprehendit
614 1503 753 1583 angelos,
777 1501 830 1564 sed
853 1522 960 1563 semen
976 1500 1116 1564 Abmhse

195 1593 253 1647 eto.
297 1586 382 1647 llaec
403 1593 449 1647 est
470 1586 632 1647 ineffabilis
658 1585 795 1666 dignatio
817 1591 848 1646 et
865 1584 984 1647 laetitio
1007 1585 1116 1647 habers

194 1688 299 1748 regem
331 1676 457 1731 nostrae
480 1671 563 1730 carni
587 1669 734 1748 similem,
763 1676 794 1729 et
827 1670 954 1730 omnino
984 1668 1116 1749 perleote

19 1812 24 1823 ,
91 1772 94 1777 ·
193 1752 333 1833 fratrem,
366 1754 503 1832 socium,
543 1753 593 1831 qui
617 1754 779 1847 partioipet
800 1771 892 1812 onrne
916 1758 948 1812 et
966 1752 1114 1833 sanguiue

194 1843 310 1898 nostro.

276 1919 438 1979 Tertiaest
458 1919 488 1978 in
501 1917 606 1997 verbo,
628 1919 736 1999 Datus,
759 1916 840 1996 quod
864 1916 984 1978 scilieet
1006 1916 1115 1979 donum

194 2006 225 2060 et
247 2003 376 2079 pretinm
409 2008 545 2062 nostrum
569 2003 625 2077 sit,
660 2003 690 2062 in
726 2020 787 2080 quo
821 2000 971 2062 hebemus
1007 2001 1116 2075 omnin,

194 2084 282 2145 Rom.
307 2087 343 2150 8:
368 2085 532 2159 Quomodo
554 2104 616 2145 non
640 2083 767 2145 donavit
783 2083 873 2146 nobis
896 2084 1002 2144 omnin
1025 2084 1055 2143 in
1066 2082 1115 2144 illo

195 2168 319 2246 proprio
342 2166 426 2227 filio?
469 2168 554 2228 Hseo
576 2172 646 2227 sunt
668 2166 769 2227 sdhuo
796 2168 923 2243 maiore,
946 2165 1031 2245 quod
1057 2185 1115 2227 om·

193 2250 244 2309 uia
267 2269 336 2310 oum
359 2251 412 2310 illo
436 2257 542 2311 nostro
565 2251 655 2310 fratre
678 2256 709 2311 et
731 2256 874 2311 consorte
896 2247 1058 2310 hebemus.

277 2334 401 2413 Quarta,
424 2334 506 2412 quod
529 2334 620 2394 Filius
643 2342 698 2413 est,
721 2334 837 2394 soilioet
858 2332 948 2393 heres
971 2338 1003 2392 et
1026 2331 1115 2392 domi·

194 2436 250 2476 uus
275 2419 427 2496 omnium,
450 2417 500 2476 hio
522 2423 553 2477 et
573 2418 604 2477 in
627 2424 795 2478 aeternum.
838 2416 907 2476 Non
931 2421 981 2476 est
1004 2432 1114 2487 servus,

193 2500 272 2560 siout
293 2501 412 2573 llloses,
434 2499 488 2560 sed
511 2501 561 2579 qni
585 2501 688 2560 omnia
709 2500 803 2560 hebet
825 2501 856 2559 in
878 2518 972 2558 manu
995 2517 1066 2575 sne,
1086 2500 1115 2556 ut

104 2591 107 2597 '
192 2583 270 2644 hseo
290 2584 402 2643 Paulus
431 2585 559 2662 copiose
582 2583 671 2644 Rom.
695 2585 715 2647 8
743 2589 832 2659 urget
854 2581 976 2642 dicens:
1020 2581 1114 2655 Quem

193 2667 376 2728 timeamus?
399 2665 477 2740 Quid
502 2685 562 2727 non
585 2666 738 2726 feremus?
769 2666 876 2726 Filium
898 2663 1051 2724 hebemus
1067 2662 1114 2722 do·

193 2756 254 2810 tum
279 2750 383 2826 nobis,
418 2768 456 2808 en
479 2748 614 2828 gladius,
647 2749 744 2808 fames
767 2749 849 2810 ete?
893 2745 972 2821 Quid
998 2745 1114 2826 gladius

193 2832 232 2895 ad
256 2831 375 2892 lilium?
397 2831 476 2906 Quid
499 2832 619 2892 lomes?
641 2831 719 2906 Quid
738 2832 841 2892 mors?
863 2828 943 2904 Quid
967 2825 1115 2891 altitudo?

193 2914 317 2975 Summe
341 2933 543 2993 summarum,
579 2933 640 2975 uno
663 2915 723 2975 hoo
745 2915 857 2991 verbo,
884 2911 997 2992 Filius,
1020 2910 1115 2972 haurit

193 3003 255 3058 tam
285 2998 394 3057 Esaias
427 3016 517 3076 quam
542 2998 655 3057 Paulus
687 2999 791 3057 omnia
822 3004 853 3056 et
886 2996 1115 3074 comparatione

194 3079 348 3159 amplifico
371 3082 474 3141 omnia
489 3081 562 3142 lsoit
583 3079 658 3140 nihil
680 3100 763 3158 esse3
786 3078 912 3140 ridiculo
934 3097 984 3138 reo
1008 3078 1052 3138 illi
1074 3080 1116 3137 eol

106 3204 110 3209 -
194 3182 293 3239 mors,
315 3164 399 3224 furor
421 3163 542 3242 mundi,
576 3163 679 3224 odium
703 3163 834 3237 diaboti,
858 3179 976 3241 vorago
1000 3159 1114 3232 inferni,

193 3244 238 3310 (it
261 3247 292 3321 ip
315 3247 385 3309 olleo
407 3247 477 3319 uidit
499 3248 542 3309 sin
563 3245 683 3325 ntipun,
708 3248 779 3325 quia
801 3246 891 3306 Filius
914 3243 1007 3304 dotus
1030 3242 1114 3303 nobis

193 3337 239 3390 est
261 3331 290 3389 in
313 3329 439 3390 infinitis
463 3329 607 3403 modis³l
631 3331 848 3408 superomnia
870 3329 930 3388 iste
953 3327 1038 3387 male
1059 3344 1113 3385 me·

193 3413 267 3492 lior,
301 3414 413 3485 maior,
443 3412 546 3487 altior,
573 3412 689 3474 fortior.
733 3413 822 3475 Hune
844 3412 936 3472 etiem
959 3409 1113 3471 habemus.

267 3684 296 3743 ll
317 3683 347 3735 In
363 3682 490 3738 ed.Ien.:
511 3684 615 3739 nolunt.
652 3682 685 3751 2)
706 3679 790 3736 Ibid.:
810 3688 951 3738 aeternae,
990 3678 1110 3751 3)1oi‹1.:

192 3747 307 3809 infinitis
325 3753 424 3809 modis.
