2348 4162
267 262 305 319 ad
328 264 356 319 D.
376 264 519 319 Erasmum
537 265 762 321 Roterodamum.
917 266 974 332 181

51 436 148 517 ciunt,
171 435 223 517 qui
246 431 418 516 Scripturas
433 441 546 515 negant
569 454 637 496 esse
650 436 854 497 lucidissimas
866 442 897 498 et
918 437 978 498 evi·

51 518 261 581 deotissimas.

137 602 179 663 At
200 601 251 661 hic
272 600 366 679 dices,
390 600 463 661 nihil
478 600 518 661 ad
540 620 589 661 me
604 602 663 661 ista
685 603 798 680 omnia,
823 622 885 663 non
909 602 977 663 dico

52 685 230 765 Scripturas
252 683 364 764 ubique
387 682 534 745 obscuras
557 702 625 744 esse
655 682 738 766 [quis
767 685 846 744 enim
869 686 911 745 ita
933 686 976 746 in-

51 765 201 848 saniattl,
225 764 278 827 sed
301 768 331 826 in
354 765 413 826 hac
435 771 550 826 tantum
567 773 653 846 parte
676 774 707 827 et
728 766 887 829 similibus.
921 767 979 828 Re·

52 849 208 932 spondeo,
231 868 289 910 nec
312 857 419 909 contra
441 855 472 909 te
492 851 552 910 ista
570 850 668 910 solum
693 850 772 930 dic'o,
795 849 849 910 sed
873 857 979 911 contra

53 953 175 1009 ornnes,
197 934 247 1011 qui
270 933 312 993 ita
334 934 476 992 sentiunt.
529 932 647 993 Deinde
672 939 778 993 contra
801 939 830 992 te
853 932 891 993 de
913 935 979 993 tota
1071 992 1074 1003 ,

53 1016 213 1097 Scriptura
235 1015 324 1093 dico,
348 1015 461 1074 nullam
486 1017 551 1075 eius
575 1023 691 1095 partem
722 1016 793 1077 volo
817 1016 978 1076 obscuram

54 1099 125 1179 dici,
147 1098 273 1179 statibi,
297 1095 378 1177 quod
395 1117 435 1157 ex
452 1096 592 1178 Petro*)
616 1099 784 1178 retulimus,
807 1098 978 1180 lampadem

53 1184 208 1244 lucentem
232 1181 320 1242 nobis
343 1199 412 1241 esse
434 1179 558 1241 verbum
583 1181 639 1241 Dei
660 1183 690 1242 in
714 1182 784 1242 loco
799 1183 979 1262 caliginoso.

55 1263 146 1342 Quod
170 1265 195 1324 si
219 1283 290 1343 pars
313 1263 401 1324 huius
415 1263 565 1344 lampadis
587 1283 648 1325 non
671 1264 763 1345 lucet,
785 1267 887 1345 potius
907 1284 980 1346 para

55 1348 222 1429 caliginosi
245 1347 315 1425 loci,
339 1364 429 1426 quam
452 1348 549 1427 ipsius
572 1346 723 1427 lampadis
746 1349 811 1411 erit.
846 1347 981 1411 Nausic

53 1430 238 1493 illuminavit
259 1448 316 1490 nos
339 1428 491 1509 Christus,
520 1437 553 1490 ut
574 1430 705 1510 aliquam
729 1437 848 1510 partem
871 1430 979 1492 obscu-

55 1534 120 1575 ram
145 1513 277 1574 voluerit
298 1512 435 1573 relictam
457 1511 546 1573 nobis
567 1514 597 1572 in
621 1532 677 1572 auo
702 1513 807 1591 verbo,
830 1512 900 1573 dum
925 1531 981 1573 nos

55 1596 94 1658 ad
107 1594 183 1658 illud
195 1594 290 1738 ¹iubet
301 1595 473 1674 attendere,
493 1595 603 1656 frustra
619 1596 698 1655 enim
713 1596 871 1656 attendere
887 1594 981 1675 iubet,

57 1682 171 1742 sinon
205 1684 285 1739 ucet.
917 1716 922 1723 .

139 1760 272 1822 Proinde
305 1761 329 1819 si
351 1759 464 1840 dogma
487 1761 524 1820 de
547 1760 643 1821 libero
671 1759 795 1821 arbitrio
818 1760 998 1827 obscurum,

57 1845 105 1906 vel
130 1843 307 1925 ambiguum
331 1849 387 1922 est,
409 1843 448 1904 ad
472 1843 661 1905 christianos
684 1851 714 1904 et
725 1842 896 1923 Scripturas
918 1860 980 1904 non

58 1928 200 2009 pertinet,
222 1946 260 1987 ac
284 1924 517 2007 relinquendum
544 1934 589 1986 est
602 1945 726 2007 prorsus
749 1925 982 1986 numerandum·

58 2029 117 2091 que
138 2011 220 2071 inter
241 2028 293 2069 eas
316 2009 443 2088 fabulas,
467 2028 543 2089 quas
564 2010 690 2070 damnat
716 2010 828 2070 Paulus
849 2010 879 2069 iu
899 2007 982 2069 Obri-

57 2094 164 2155 stianis
185 2091 362 2155 rixantibus.
398 2091 428 2153 si
443 2099 544 2152 autem
567 2092 605 2151 ad
625 2090 817 2156 Christianos
841 2099 871 2153 et
882 2088 982 2173 Scrip-

58 2184 140 2238 tures
162 2177 314 2256 pertinet,
337 2174 462 2254 clarum,
480 2181 617 2255 apertum
641 2181 671 2236 et
693 2175 818 2236 evidens
841 2194 910 2236 esse
933 2174 983 2234 de·

59 2261 119 2339 bet,
142 2275 330 2341 prorsusque
358 2258 465 2317 similis
495 2260 603 2318 ceteris
626 2258 768 2318 omnibus
795 2257 983 2319 evidentissi-

59 2344 115 2404 mis
143 2341 289 2404 artioulis.
345 2340 466 2403 Debent
488 2342 567 2400 euim
605 2360 713 2401 omnes
743 2341 982 2402 Christianorum

59 2424 178 2487 articuli
216 2424 293 2485 tales
321 2442 412 2502 esse,
447 2428 480 2483 ut
508 2442 569 2484 uon
601 2422 694 2484 modo
720 2424 795 2504 ipsis
824 2424 983 2484 certissimi

60 2509 138 2606 sint,
169 2506 224 2567 sed
255 2507 346 2567 etiam
376 2506 522 2567 adversus
552 2507 629 2567 alios
662 2512 723 2566 tam
759 2506 926 2567 manifestis
955 2512 986 2566 et

61 2592 152 2655 claris
175 2589 337 2670 Scriplnris
366 2588 493 2670 firmati,
521 2596 553 2648 nt
581 2588 722 2649 omnibus
750 2607 785 2650 os
815 2588 984 2665 obstruant,

61 2693 97 2735 ne
116 2673 240 2756 possint
262 2674 424 2753 quicquam
449 2670 669 2751 contradicere,
692 2673 769 2731 sicut
791 2670 879 2732 nobis
903 2670 986 2731 chri-

63 2763 125 2818 stus
147 2757 330 2837 promittens
347 2754 495 2835 dicit**):
505 2755 593 2816 Dabo
608 2753 696 2836 vobis
708 2774 742 2815 os
752 2762 781 2816 et
794 2755 986 2835 sapientiam,

62 2842 107 2901 cui
126 2851 197 2901 non
214 2845 360 2919 poterunt
387 2840 529 2899 resistere
553 2857 662 2901 omnes
694 2837 860 2899 adversarii
884 2838 985 2899 vestri.

63 2921 91 2985 Si
115 2923 211 3003 igilur
253 2940 288 2981 os
312 2927 448 2981 nostrum
484 2922 514 2981 in
550 2921 609 2981 hac
642 2927 728 3002 parte
755 2921 908 2982 infirmum
931 2927 986 2993 est,

63 3013 93 3066 ut
114 3004 287 3067 adversarii
303 3006 445 3064 resistere
467 3005 603 3084 possint,
632 3004 742 3089 falsum
772 3003 922 3084 estquod
946 3003 986 3061 di·
1082 3022 1085 3027 ·

63 3090 122 3168 cil,
145 3086 262 3148 nullum
287 3086 494 3148 adversarium
518 3088 562 3146 ori
584 3093 691 3147 nostro
721 3088 862 3148 resistere
883 3104 987 3167 posse.

64 3171 126 3232 Aut
149 3188 226 3249 ergo
248 3171 278 3229 in
302 3169 446 3251 dogmate
469 3170 555 3230 liberi
582 3169 697 3231 ‘arbitrii
722 3170 823 3230 nullos
846 3171 987 3230 adversa·

64 3255 124 3315 rios
147 3251 337 3333 habebimus,
361 3252 443 3333 qnod
467 3252 535 3331 liet,
558 3253 582 3312 si
606 3251 644 3313 ad
667 3272 725 3313 nos
748 3251 820 3312 nihil
844 3254 986 3333 pertinet,

66 3343 117 3398 aut
138 3337 163 3396 si
186 3336 225 3396 ad
247 3354 304 3396 nos
326 3337 473 3416 pertinet,
500 3335 693 3396 adversarios
717 3334 838 3416 quidem
861 3333 987 3395 habebi·

66 3438 145 3499 mus,
168 3419 223 3480 sed
246 3420 298 3498 qui
319 3420 462 3479 resistere
485 3437 547 3479 non
569 3419 698 3497 possint.

148 3502 260 3564 Verum
281 3502 335 3562 illa
357 3502 539 3582 impotentia
560 3500 720 3562 resistendi
744 3499 986 3561 adversariorum

137 3767 168 3838 *)
184 3769 208 3826 2.
228 3768 300 3825 aaa.
319 3751 362 3826 1.'
383 3768 430 3837 ⁰)
450 3768 542 3824 aucae
560 3768 605 3824 21.
658 3804 661 3809 .
