2348 4162
197 226 260 297 516
488 222 680 284 Praelationes
696 224 732 285 D.
749 222 786 282 il.
804 222 834 282 L.

197 399 360 463 atinentias
382 406 414 460 et
435 395 616 478 disciplinae
643 396 848 478 inreligiosis
871 396 1009 478 ipsorum
1033 412 1122 476 quem

197 504 260 546 uon
306 482 503 545 udeiaoerent
534 481 767 558 monachorum,
800 481 866 540 sive
888 481 927 540 sit
950 479 1123 541 chartaria·

197 586 255 629 uus
281 504 351 649 dqui
375 564 482 627 volunt
519 565 625 644 optimi
655 563 769 638 videri)
794 563 859 624 sive
880 560 1123 624 Benedictinusi

198 649 333 713 Umbrae
355 659 426 708 aunt
448 648 545 708 nostri
567 647 703 727 religiosi
724 646 764 707 ad
785 645 856 706 illos
881 642 985 707 collati
1009 653 1039 705 et
1062 645 1123 705 vul·

198 753 255 814 gns
273 741 411 793 nostrum
434 730 526 810 plane
548 730 708 809 profanum
732 730 770 790 ad
791 729 912 790 illorum
928 728 1039 808 vulgus
1061 728 1122 788 eol·

198 817 301 880 latum.
342 815 409 876 Neo
429 815 487 894 ipsi
509 831 582 874 vere
604 812 784 890 Christiani,
814 831 873 873 neo
896 811 1035 874 Christus
1057 812 1123 891 ipse

199 918 257 961 neo
279 897 424 978 apostoli,
446 914 546 974 neque
568 896 737 976 prophetae
760 903 874 956 tautam
899 895 1035 975 speeiem
1070 914 1121 953 un·

199 1000 289 1060 quam
310 980 542 1060 praestiterunt3
572 984 664 1058 atque
685 980 745 1039 hoe
768 987 823 1055 est,
846 978 930 1060 quod
952 978 1039 1038 multi
1062 984 1121 1039 tam

198 1064 323 1125 faoilea
347 1063 457 1125 Olrristi
479 1060 539 1121 fide
561 1060 707 1122 deficiunt
739 1061 778 1121 ad
800 1061 1010 1122 Mahometum
1043 1066 1074 1120 et
1095 1061 1121 1131 ei

198 1146 475 1227 iampertinaniter
505 1144 682 1209 adhaerent.
726 1143 794 1224 ligo
816 1144 910 1225 pl'ans
927 1144 1034 1223 oredo,
1056 1143 1120 1203 nul·

199 1230 261 1291 lnm
284 1230 447 1309 papistarn,
470 1227 670 1308 monaahum,
703 1227 817 1287 olerum
848 1234 900 1287 nui
922 1246 1029 1288 eorum
1051 1225 1121 1286 fidei

198 1313 326 1390 socium,
360 1312 385 1370 si
406 1312 485 1370 inter
505 1309 625 1372 Tureos
648 1311 748 1371 triduo
771 1319 908 1391 agerent,
931 1312 961 1370 in
985 1329 1042 1371 sua
1063 1308 1121 1370 fida

199 1413 391 1473 mansurum,
426 1393 538 1472 loquor
561 1392 599 1453 de
621 1395 673 1470 iis,
708 1394 757 1474 qui
790 1395 871 1455 serio
905 1392 997 1453 fidem
1020 1392 1121 1473 Papae

199 1478 306 1556 nolunt
341 1484 372 1538 et
404 1476 510 1556 optimi
540 1477 619 1537 inter
640 1495 693 1536 eos
716 1483 802 1553 suut,
838 1484 942 1537 setara
975 1475 1067 1537 turba
1094 1481 1122 1535 et

199 1562 298 1622 maior
319 1578 424 1620 eorum
447 1578 528 1639 pars,
551 1561 730 1640 praesertim
754 1555 834 1637 Itali,
856 1559 1030 1639 quiaporoi
1052 1562 1122 1627 sunt

199 1643 237 1705 de
257 1663 354 1724 grege
375 1642 518 1724 Epicuri,
551 1642 626 1702 nihil
654 1660 778 1722 prorsus
814 1641 992 1719 oredentes,
1024 1639 1121 1703 seonri

199 1725 329 1788 suntab
353 1726 435 1786 omni
458 1726 577 1787 haeresi
600 1733 631 1786 et
650 1743 755 1786 errore
786 1725 942 1804 fortesque
964 1732 996 1785 et
1017 1723 1120 1786 invioti

198 1811 228 1870 in
251 1827 308 1869 sua
335 1807 396 1868 tide
417 1808 571 1888 Epicurea
603 1815 665 1868 tam
697 1814 806 1869 eontra
828 1807 997 1888 Christum,
1031 1824 1121 1887 quam

199 1898 306 1969 eontra
327 1890 536 1952 Mahometum
569 1898 599 1952 et
628 1897 736 1952 eontra
768 1891 870 1972 ipsum
892 1899 1048 1952 suummst
1068 1887 1121 1953 Pa·

220 1995 283 2038 am.

199 1995 239 2134 p,
281 2056 383 2135 Atque
410 2055 471 2117 hoo
492 2056 621 2118 oonsilio
656 2056 739 2117 huno
765 2054 875 2127 librum
898 2056 1017 2117 edimus
1041 2061 1073 2115 et
1091 2055 1120 2115 in

198 2139 308 2203 faeiem
321 2139 548 2199 adversantium
560 2139 732 2219 Evangelio
747 2139 964 2220 protendimus,
987 2144 1020 2199 nt
1031 2137 1121 2199 stulta

199 2242 255 2285 sua
287 2223 433 2301 opinione
467 2222 586 2282 eonfusi
608 2242 640 2282 re
662 2225 730 2303 ipsa
753 2224 950 2302 experiantur
973 2230 1003 2284 et
1027 2221 1120 2282 mani·

200 2305 254 2367 bns
277 2306 408 2386 propriis
430 2304 572 2384 palpent,
607 2305 667 2365 hoo
698 2305 781 2384 qnod
804 2305 1008 2386 Evangelium
1032 2305 1122 2365 dooet

198 2408 303 2448 verum
326 2407 411 2466 esse,
447 2408 558 2468 nempe
579 2388 783 2449 Christianam
805 2389 996 2469 religionem,
1030 2388 1120 2467 longe

198 2471 279 2533 aliud
304 2479 334 2531 et
355 2470 513 2531 sublimius
550 2471 664 2550 aliquid
687 2491 772 2549 esse,
796 2491 886 2551 quam
910 2471 1120 2533 caeremonias

198 2555 366 2635 speciosas,
380 2573 526 2634 rasuram,
540 2554 686 2631 euoullos,
708 2550 857 2636 pallorem
877 2555 986 2634 vultus,
998 2554 1119 2631 ieiunia,

197 2637 285 2716 festa,
309 2637 401 2697 horas
424 2637 597 2698 Canonieas
632 2644 664 2697 et
695 2639 868 2698 universam
904 2638 987 2697 illam
1011 2637 1119 2697 faoiem

198 2721 348 2795 ecelesiae
368 2719 528 2781 Romanae
563 2739 617 2799 per
649 2720 766 2782 orbem.
809 2719 888 2784 Nam
924 2722 954 2781 in
988 2720 1037 2781 his
1060 2738 1120 2780 om·

197 2803 286 2873 nibus
308 2809 453 2883 superant
485 2804 665 2882 longissime
685 2804 791 2882 Turni,
828 2806 878 2883 qui
908 2809 1013 2865 tamen
1037 2802 1120 2864 Chri·

196 2880 277 2949 ‘stum
300 2893 331 2947 et
353 2892 467 2965 negant
496 2894 526 2946 et
547 2885 761 2948 ardentissime
782 2895 1021 2968 persequuntur,
1060 2903 1119 2946 non

198 2969 297 3028 minus
321 2986 412 3046 quam
435 2970 530 3029 nostri
549 2968 692 3049 Papistae
714 2969 846 3030 eundem
867 2976 981 3053 negant
1004 2976 1036 3031 et
1057 2987 1120 3050 per·

164 3069 168 3079 ⁴
197 3057 373 3130 sequuntur.
418 3050 537 3112 Deinde
559 3059 589 3112 et
611 3053 671 3112 hoo
692 3053 820 3132 palpent
834 3072 903 3114 esse
926 3071 1044 3130 rerum,
1067 3051 1120 3112 soi·

197 3133 268 3193 lieet
289 3132 491 3195 Christianam
511 3135 694 3216 religionem
716 3135 811 3217 louge
832 3135 915 3198 aliud
936 3155 1007 3197 esse
1030 3152 1119 3216 quam

197 3215 297 3283 bonos
321 3237 421 3279 mores
455 3238 510 3279 seu
532 3218 615 3279 bona
637 3237 748 3298 opera,
781 3239 849 3280 nam
873 3220 902 3281 in
928 3218 974 3279 his
998 3236 1121 3300 quoqne

196 3299 378 3361 ostenditis
401 3299 487 3382 liber,
510 3301 627 3378 'Furens
650 3302 744 3382 longe
758 3305 933 3383 superiores
956 3300 1121 3366 esseOhri·

196 3384 304 3444 stiauis
326 3384 449 3446 nostris.

277 3466 323 3528 Ite
344 3486 426 3528 nuno
446 3467 566 3547 tyranni
589 3474 619 3528 et
647 3467 811 3529 Pontifices
835 3474 865 3528 et
886 3475 1015 3549 propter
1031 3467 1121 3530 fldem

196 3548 319 3626 Christi,
341 3549 371 3609 id
394 3555 450 3627 est,
475 3553 954 3631 proptereaeremoniasvestras
978 3551 1121 3630 oeoidite,

195 3634 332 3711 exurite,
355 3631 522 3715 suffocate,
556 3632 738 3714 proscribite
767 3643 798 3696 et
819 3635 912 3715 pleno
935 3636 1055 3717 impetu
1075 3637 1121 3697 in·

194 3717 311 3795 sanite,
348 3733 416 3779 oum
439 3716 490 3778 hio
513 3716 642 3781 videatis
665 3724 833 3782 vestrarum
856 3721 1119 3785 caeremoniarum
