2348 4162
202 273 266 340 166
453 273 497 330 De
517 288 599 330 servo
617 271 732 329 arbitrio
750 273 786 329 D.
804 272 839 328 ti.
856 267 887 328 t.

201 444 288 509 vobis
311 445 544 526 praeferemus,
580 445 632 525 qui
663 444 737 507 Hoet
768 451 800 505 et
819 445 878 525 ipsi
901 440 1130 523 descripserunt

201 530 384 610 sapientem,
411 529 534 608 qualem
554 546 712 607 nunquam
739 526 900 608 viderunt,
935 533 1039 588 tamen
1060 545 1129 607 par·

200 619 261 673 tem
285 612 417 691 aliquam
442 613 544 673 eonati
577 618 649 672 sunt
671 612 852 692 exprimere.
909 606 974 672 Vos
1001 628 1129 691 prorsus

200 694 295 775 nihil,
326 715 366 756 ne
395 695 533 756 umbram
558 695 681 774 quidem
716 695 809 756 vestri
839 693 993 775 dogmatis
1029 692 1129 773 expri-

201 798 284 839 mere
306 779 443 877 potestis.

284 861 335 923 Suo
357 860 396 922 de
420 861 526 942 spiritu
541 859 626 922 dieo:
651 860 682 922 Si
705 879 745 921 ex
769 859 910 921 omnibus
922 858 1129 923 assertoribus

201 945 288 1007 liberi
310 944 428 1006 arbitrii
450 943 615 1005 ostendere
628 944 757 1024 potestis
774 962 877 1021 unum,
902 944 954 1023 qui
975 942 1129 1004 tantillum

201 1026 293 1090 robur
315 1028 409 1088 animi
430 1027 481 1089 vel
502 1026 630 1088 affectus
657 1026 807 1105 habuerit,
832 1034 864 1087 ut
889 1028 921 1087 iu
949 1027 1077 1088 nomine
1099 1031 1130 1088 el

203 1113 312 1171 virtute
333 1110 421 1171 liberi
444 1108 558 1171 arbitrii
582 1130 675 1170 unum
691 1109 816 1172 obulum
835 1116 1042 1188 contemnere,
1065 1129 1128 1171 nuo

199 1192 274 1255 bolo
297 1212 412 1273 earere,
435 1213 528 1253 unum
543 1192 667 1255 verbum
692 1193 742 1254 vel
765 1193 885 1274 signnm
898 1194 1027 1254 iniuriae
1048 1192 1130 1254 ferre

200 1277 333 1357 potuerit
357 1275 447 1358 (nam
471 1276 509 1336 de
532 1281 710 1357 contemptu
739 1295 854 1357 opum,
883 1276 994 1355 vitae,
1027 1275 1130 1336 famae

200 1358 274 1419 nihil
297 1359 427 1437 dinam),
452 1361 562 1420 iterum
580 1360 715 1440 palmam
731 1359 853 1436 habete,
876 1366 907 1422 et
929 1357 985 1421 sub
1006 1358 1130 1420 hastam

202 1441 331 1504 libenter
365 1443 485 1504 ibimus.
530 1443 631 1522 Atque
664 1442 695 1502 id
721 1444 821 1523 ipsum
850 1461 927 1523 vos,
963 1443 1015 1521 qui
1042 1446 1131 1503 tanta

203 1524 302 1587 buooa
324 1526 488 1587 verborum
522 1527 583 1586 vim
607 1526 691 1586 liberi
723 1525 837 1587 arbitrii
858 1525 1005 1603 iactatis,
1038 1524 1131 1587 nobis

202 1608 347 1670 exhibere
371 1608 513 1690 debetis,
536 1616 589 1669 aut
611 1610 722 1669 iterum
745 1608 783 1669 de
804 1604 876 1670 lana
897 1608 1023 1689 oaprina
1046 1606 1132 1669 vide·

200 1691 305 1754 bimini
327 1699 479 1770 statuere,
502 1699 554 1752 ant
576 1699 608 1752 nt
628 1691 682 1753 ille
714 1693 745 1752 in
767 1710 866 1753 vaouo
896 1692 1016 1753 theatro
1039 1689 1130 1753 ludos

201 1781 352 1837 sectare.

217 1795 236 1855 p
283 1859 353 1939 Ego
386 1875 460 1918 vero
490 1857 673 1918 eontrarium
710 1855 800 1920 vobis
828 1857 920 1919 faoile
955 1856 1130 1936 ostendam,

201 1940 283 2019 quod
304 1939 361 2003 viri
383 1940 491 2021 sanati,
515 1939 622 2020 quales
643 1941 781 2020 iactatis,
812 1941 933 2020 quoties
964 1939 1003 2002 ad
1027 1939 1127 2002 Deum

202 2024 316 2084 oraturi
338 2023 387 2084 vel
410 2024 504 2084 asturi
527 2022 689 2101 aooednnt,
713 2042 804 2102 qnam
826 2024 948 2103 penitus
971 2022 1061 2086 obliti
1084 2024 1129 2083 in-

91 2130 94 2135 ·
202 2106 313 2166 aedunt
334 2105 422 2167 liberi
444 2104 558 2166 arbitrii
571 2108 627 2183 sui,
650 2105 849 2186 desperantes
863 2106 902 2167 ds
923 2107 1129 2187 semetipsis,

201 2207 238 2250 ao
260 2188 335 2249 nihil
371 2190 429 2249 nisi
451 2188 549 2249 solam
584 2198 614 2250 et
641 2209 749 2270 puram
776 2190 905 2270 gratiam
939 2189 1034 2270 longe
1068 2189 1129 2251 alia

202 2272 315 2332 meritis
345 2271 403 2334 sibi
434 2273 635 2351 invocantes,
672 2272 770 2352 qualis
806 2291 899 2353 saepe
927 2272 1128 2353 Augustinus,

201 2355 299 2434 qualis
321 2354 518 2433 Bernartius,
547 2375 615 2416 oum
641 2357 803 2416 moriturus
838 2355 967 2416 diceret:
1005 2355 1128 2418 Perdidi

202 2444 322 2519 tempus
344 2458 464 2517 meum,
495 2438 566 2516 quia
591 2438 710 2518 perdite
731 2438 804 2500 vixi.
857 2438 925 2499 Non
954 2439 1046 2501 video
1079 2439 1128 2500 hie

200 2520 326 2601 allegari
349 2522 409 2582 vim
432 2521 583 2601 aliquam,
611 2541 690 2600 quae
717 2521 756 2582 ad
778 2522 907 2601 gretiam
938 2540 1010 2583 sese
1031 2522 1127 2603 appli-

158 2620 161 2625 ’
200 2611 258 2683 oet,
282 2604 336 2665 sed
360 2605 499 2665 accusari
522 2623 646 2664 omnem
661 2605 732 2678 vim,
755 2604 838 2683 quod
861 2605 995 2666 nonnisi
1018 2625 1127 2666 aversa

199 2687 297 2753 luerit.
352 2687 535 2766 Quanquam
565 2686 609 2747 illi
637 2688 696 2766 ipsi
719 2686 825 2748 Saneli
852 2686 1019 2767 aliquando
1047 2689 1127 2750 inter

199 2769 417 2849 disputandum
451 2771 540 2830 aliter
562 2769 600 2830 de
628 2770 726 2831 libero
764 2769 888 2832 arbitrio
921 2771 1016 2832 locuti
1045 2778 1125 2850 sunt,

203 2853 281 2912 siout
304 2853 394 2913 video
418 2852 730 2933 omnibnsaoeidisse,
754 2859 788 2913 ut
808 2854 859 2914 alli
882 2855 952 2934 sint,
974 2853 1048 2914 dum
1062 2874 1125 2916 ver·

200 2933 247 2996 bis
270 2941 323 2995 ant
344 2935 603 3016 disputationibus
624 2937 734 2997 intenti
746 2941 826 3013 sunt,
849 2943 881 2999 et
902 2936 964 3015 alii,
988 2936 1062 2998 durn
1086 2937 1125 2999 al·

199 3017 329 3078 festibus
353 3024 384 3079 et
406 3018 565 3099 operibus3
586 3019 649 3079 illie
671 3016 777 3081 diount
799 3020 886 3081 aliter
908 3039 1000 3100 quarn
1023 3019 1125 3082 affeeti

198 3101 319 3162 luerunt
341 3108 430 3179 ante,
464 3101 514 3162 hie
535 3102 622 3163 aliter
655 3101 828 3164 afficiuntur
860 3122 952 3183 quam
982 3102 1126 3165 dixerunt

199 3189 280 3245 ante.
329 3185 379 3245 Ex
412 3183 524 3245 affeetu
553 3204 626 3247 vern
649 3188 775 3265 potius,
805 3204 894 3266 quam
919 3206 959 3247 ex
981 3182 1124 3249 sermone

200 3267 344 3328 metiendi
367 3273 440 3328 suut
460 3267 612 3347 homines,
630 3274 692 3329 tam
715 3269 755 3348 pii
779 3287 870 3348 quam
891 3270 989 3350 impii.

281 3350 342 3412 Sed
364 3350 465 3412 adhue
493 3351 624 3431 amplius
654 3351 741 3412 vobis
764 3351 936 3432 donamus,
964 3353 1122 3432 miraoula,

99 3460 101 3465 ·
197 3433 357 3516 spiritum,
390 3435 624 3495 sanctimoniam
656 3453 719 3496 non
746 3435 922 3515 exigimus,
955 3434 1122 3517 adipsum

198 3514 314 3595 dogma
334 3521 543 3597 revertamur3
571 3518 632 3578 hoe
654 3518 753 3578 solum
776 3519 931 3598 petimus,
958 3525 991 3580 ut
1012 3518 1122 3582 saltem

197 3596 228 3659 id
250 3599 340 3660 nobis
362 3599 523 3680 indioetis,
562 3600 717 3681 quodnam
741 3620 836 3682 opus,
869 3600 953 3683 quod
985 3599 1111 3665 verbum

198 3699 289 3761 quem
312 3685 479 3764 eogitatnm
502 3682 555 3745 illa
585 3683 629 3743 vis
652 3684 738 3745 liberi
764 3684 879 3747 arbitrii
901 3686 1048 3763 moveat,
1074 3704 1111 3748 ue

198 3770 336 3846 sonetur,
357 3766 407 3828 vel
419 3765 520 3846 faeiat,
542 3773 576 3827 ut
596 3766 731 3847 applicet
752 3786 821 3830 sese
833 3767 872 3829 ad
894 3769 1038 3850 gratiam,
1059 3787 1119 3831 non
