2348 4162
507 241 544 299 A.
565 242 646 301 1538.
984 238 1045 305 541

511 411 549 472 Α.
573 412 664 477 1538.
717 442 719 446 “

209 577 267 654 21)
292 529 614 642 Praetutianus.
638 576 798 636 notheri
819 575 850 636 ιι
873 573 1003 635 librum:

168 658 309 739 Epistola
331 658 361 722 S.
383 659 562 740 Hieronymi
586 659 624 721 ad
644 659 809 740 Evagrium
834 657 872 719 da
894 662 1047 739 potestate

126 741 240 821 Papae.
283 742 502 824 Vittenbergas
526 745 617 809 roser
640 740 721 825 43⁹).

209 905 304 967 Multa
325 913 396 967 sunt
417 909 447 966 in
470 907 559 986 libro,
581 926 672 987 quam
684 908 884 967 Deoretorum
909 903 1048 966 Gratiani

126 997 257 1071 vocant,
290 990 449 1070 praeclara
470 1008 511 1050 ex
534 991 671 1053 Patribus
700 989 848 1067 eolleota,
880 989 912 1048 in
936 986 1045 1067 quibus

126 1090 254 1132 eernere
275 1080 322 1132 eat
344 1081 497 1152 uteunque
524 1080 635 1134 statum
657 1075 769 1134 veteris
798 1091 853 1132 seu
875 1072 1047 1152 primitivae

125 1155 276 1215 ecelesiae
289 1157 466 1236 longissime
483 1156 635 1217 diversum
649 1163 758 1217 astato
771 1156 938 1235 sequentis,
961 1172 1047 1233 praa·

126 1239 229 1298 sertim
257 1238 434 1319 Romanae,
462 1256 541 1317 quaa
573 1239 631 1300 sibi
658 1246 731 1320 post
756 1258 811 1318 per
839 1235 1046 1298 Sohariotisos

126 1318 289 1401 pontifioes
311 1321 491 1381 universalis
520 1322 671 1382 eeclesiae
692 1341 804 1382 nomen
827 1322 997 1400 arrogavit,
1019 1319 1046 1378 si

127 1414 231 1464 tamen
250 1403 414 1464 ecelesiam
429 1404 500 1465 lieet
511 1404 677 1485 appellare,
695 1423 774 1484 quae
787 1405 847 1464 hoe
863 1403 1044 1483 sacrilegum

124 1485 242 1546 idoium
265 1505 340 1547 ausa
362 1492 408 1547 est
429 1493 563 1548 statuere
573 1488 839 1568 impudentissima
862 1487 947 1549 faeie.
982 1483 1045 1546 Sed

124 1567 291 1629 Gratianus
322 1568 518 1650 pontificibus
546 1573 607 1632 iam
628 1576 701 1631 tuno
733 1569 925 1651 tyrannidem
944 1570 973 1628 in
996 1585 1045 1628 ee·

125 1652 220 1712 alesia
234 1651 344 1713 Christi
367 1652 599 1716 vendicantibus
617 1652 791 1715 adulantior
812 1652 862 1712 vel
876 1652 1045 1730 obsequen·

125 1736 194 1812 tior,
218 1753 309 1813 quam
325 1737 470 1816 oportuit,
493 1738 610 1817 optima
624 1736 707 1797 diota
728 1741 759 1798 et
779 1735 903 1796 deereta
922 1735 1044 1794 Petrum

110 1816 174 1878 val
197 1819 336 1897 antiquat
365 1820 413 1879 vel
435 1818 474 1880 ad
500 1818 658 1881 arbitrium
685 1820 896 1880 Romanorum
925 1814 1045 1898 pontiti·

125 1918 194 1960 oum
218 1901 376 1982 depravat,
394 1903 445 1982 pia
484 1908 517 1963 ut
539 1905 684 1984 apparat)
708 1899 893 1981 intentione,
917 1899 971 1960 sed
994 1917 1045 1978 pe·

123 1982 335 2045 stiientiasimo
359 2003 470 2066 exemp
484 2002 512 2050 o.
561 1985 639 2046 Nam
665 1985 737 2046 inde
759 1986 842 2064 Papa
869 1985 912 2045 ita
939 1999 1044 2062 super·

125 2066 215 2144 bivit,
243 2073 276 2126 ut
295 2067 363 2129 iura
383 2069 502 2148 negarit
523 2069 580 2130 sibi
603 2068 788 2149 nata,·nihil
810 2085 871 2128 non
894 2065 1045 2146 arrogarit

124 2167 181 2209 suo
204 2150 384 2212 nihilissimo
405 2151 549 2231 fulmine,
579 2153 711 2232 denique
732 2152 775 2212 ita
805 2151 901 2211 erevit
921 2148 1046 2211 tandem

124 2242 226 2293 tumor
253 2235 317 2293 eius
343 2236 374 2294 in
407 2236 606 2313 immensum,
638 2244 671 2296 ut
700 2234 746 2295 his
775 2235 863 2294 annis
892 2232 1046 2311 erepuerit

124 2315 253 2396 madius,
275 2316 354 2376 siout
375 2323 553 2378 antecessor
576 2316 641 2380 eius
663 2316 768 2398 Judas,
791 2316 962 2394 diffusaque
984 2315 1045 2374 sint

124 2399 244 2459 viscera
273 2399 408 2459 omnium
437 2400 587 2461 scalarum
622 2406 653 2461 et
679 2399 942 2460 abominationum
966 2398 1042 2477 eius,

122 2482 166 2542 ita
187 2487 221 2541 at
241 2481 391 2544 foetorem
414 2483 479 2543 eius
506 2484 649 2544 universa
670 2489 751 2542 terra
777 2484 838 2542 iam
860 2500 921 2541 non
945 2479 1045 2560 possit

123 2563 255 2643 amplius
282 2565 441 2627 sustinere.
496 2563 548 2626 Sia
568 2572 600 2626 et
627 2567 705 2627 haee
726 2564 757 2625 S.
780 2564 960 2645 Hieronymi
981 2561 1044 2642 epi·

123 2648 204 2708 stola
225 2647 304 2708 inter
323 2655 425 2710 cetera
448 2648 596 2729 opuscula
618 2650 683 2709 eius
704 2655 830 2728 recepta
851 2646 973 2726 quidem
996 2650 1045 2705 ast

123 2737 155 2790 et
176 2728 323 2792 haetenus
346 2730 549 2813 oonsarvata,
571 2731 626 2793 sed
648 2737 680 2792 et
701 2733 770 2811 ipsa
791 2731 959 2809 antiquata,
979 2746 1044 2789 non

122 2820 226 2872 autem
260 2810 437 2894 depravata.
490 2813 571 2878 Nam
611 2815 722 2876 elarior
751 2822 783 2875 et
817 2813 952 2894 apertior
987 2819 1044 2888 est,

122 2913 215 2975 quam
245 2903 278 2956 ut
304 2897 394 2958 ullius
423 2897 634 2980 depravationi
663 2897 766 2959 looum
799 2896 955 2978 praebeat.
1009 2893 1043 2953 ln

122 2997 184 3059 qua
206 2979 263 3039 etsi
298 2979 377 3042 torte
405 2980 434 3045 S.
462 2981 642 3063 Hieronymi
670 2981 827 3042 autoritas·
847 2997 959 3058 magna
981 2994 1044 3037 non

121 3064 170 3140 ait,
193 3069 255 3121 tum
280 3062 360 3143 apud
383 3063 517 3125 latrones
547 3063 717 3146 tyrannidis
737 3063 896 3124 Romanae
918 3077 1043 3140 prorsus

121 3144 212 3224 nihil,
235 3150 336 3206 tamen
359 3147 457 3208 visum
480 3155 527 3208 ast
556 3166 623 3208 eam
649 3148 710 3208 boo
732 3153 872 3227 tempore
893 3146 924 3204 in
947 3142 1044 3222 publi·

121 3246 191 3289 eum
215 3227 326 3290 dusera
347 3236 379 3291 at
399 3232 593 3310 singulariter
613 3229 835 3312 inapioiendam
859 3243 1043 3309 proponere,

122 3318 155 3371 nt
177 3309 289 3373 habeat
309 3313 449 3375 iuventus
472 3315 701 3395 praeteritarum
723 3333 824 3375 rerum
845 3312 986 3392 imperita
1001 3316 1043 3368 te·

199 3613 226 3681 ·)
246 3611 276 3669 ef
291 3614 409 3672 warenn
431 3591 583 3672 rnaourn
607 3617 640 3672 u.
657 3617 723 3674 mv
756 3634 783 3687 p.
809 3619 856 3684 39,
887 3614 1043 3687 germanos

120 3683 224 3740 ibidem
243 3701 271 3754 p.
290 3687 353 3754 362;
371 3703 423 3743 nos
436 3694 543 3749 textum
555 3688 724 3746 reddidimus
733 3691 884 3747 seeundum
893 3695 1042 3755 editionem

120 3758 264 3812 larensem
283 3756 353 3827 Opp.
373 3761 421 3816 lat.
442 3759 551 3816 botheri
569 3775 594 3816 a.
615 3762 693 3818 1558.
730 3762 761 3815 Τ.
782 3762 820 3820 IV
838 3767 964 3835 parab.
1038 3760 1041 3765 ’
1147 3796 1151 3803 ·
