2348 4162
293 264 318 311 c.
336 264 409 326 pap.¹
425 260 455 311 et
472 260 543 324 port.
564 247 612 309 inf.
632 259 720 310 const.
738 250 897 310 maerenda.
985 247 1048 317 477

124 445 218 506 snper
239 426 333 486 alium
356 422 578 488 accumulabat.
613 422 674 485 Sed
697 431 812 505 quanto
833 423 885 483 illc
906 420 975 502 plus
998 440 1049 501 pe·

126 510 236 570 cuniae
258 507 437 586 devorabat,
459 515 546 569 tanto
568 506 641 588 gula
661 507 756 568 fiebat
776 507 917 588 amplior.
939 504 1049 584 Itaque

125 611 252 653 aureum
275 611 388 652 annum
411 592 440 650 in
465 592 542 651 alias
564 593 707 671 regiones
730 610 784 670 per
807 590 927 669 legatos
951 590 1047 648 mitte·
1103 616 1111 649 κ

126 677 186 757 bat,
211 676 311 735 donee
332 692 440 736 omnes
462 673 614 734 ecclesiae
636 693 674 734 ao
695 674 805 735 domus
823 672 1050 752 complerentur
1139 750 1142 755 Ι

125 759 228 820 aureis
251 758 349 818 annis.
394 757 553 818 Postremo
575 757 763 837 irrumpebat
783 757 814 817 iu
838 755 1048 835 purgatorium

124 842 155 903 in
179 849 329 915 mortuos,
354 842 452 920 primo
476 860 530 920 per
546 840 665 919 Missas,
688 841 818 920 vigilias,
842 837 1048 918 fundationes,

126 933 239 1005 postea
271 944 345 984 vero
378 943 434 1003 per
461 923 665 1003 indulgentias
702 933 733 983 et
768 942 880 982 annum
910 940 1048 984 aureum.

126 1006 206 1083 Quid
230 1006 353 1066 multis?
387 1006 475 1066 Adeo
498 1007 686 1067 vilescebant
707 1007 837 1083 animae,
859 1011 892 1064 ut
913 1009 1050 1065 nostrate

125 1109 237 1171 grosso
260 1110 351 1149 unam
376 1090 525 1150 liberaret.
569 1089 677 1168 Neque
710 1108 783 1149 vero
815 1089 893 1149 haec
919 1086 1049 1147 sufficie·

126 1175 210 1254 bant,
233 1192 315 1252 papa
337 1176 428 1249 enim,
451 1174 571 1233 tametsi
592 1174 675 1233 iubet
688 1172 829 1234 homines
846 1173 876 1231 in
891 1172 1048 1250 indulgen-

126 1259 174 1317 tiis
197 1256 341 1316 liduci'am
365 1257 470 1315 salutis
487 1274 613 1336 ponere,
637 1275 740 1315 rursus
755 1266 856 1314 lamen
873 1255 933 1315 lroc
949 1256 1048 1333 ipsum

124 1338 275 1400 reddebat
302 1340 460 1401 incertum.
504 1338 643 1399 Ponebat
673 1339 752 1398 enim
789 1341 819 1396 in
852 1340 914 1397 suis
938 1338 1048 1396 Bnllis:
1139 1402 1142 1409 ,

126 1423 184 1499 Qui
224 1441 259 1483 se
295 1423 473 1501 participem
504 1421 568 1481 lieri
602 1420 694 1481 vellet
725 1421 983 1500 indulgentiarum
1019 1426 1050 1479 et

125 1507 210 1568 aurei
240 1506 329 1582 anni,
362 1504 404 1564 illi
427 1506 510 1584 prius
543 1505 693 1585 agendam
727 1524 795 1564 esse
828 1504 1049 1583 poeniteutiam

124 1609 250 1650 suorum
273 1597 488 1668 peccatorum,
520 1596 551 1647 et
573 1606 610 1648 ea
632 1587 821 1662 confitenda,
844 1595 936 1665 alque
960 1604 1049 1666 pecu-

126 1674 210 1733 niam
234 1672 365 1730 dandam
388 1691 466 1732 esse.
511 1670 565 1730 Est
588 1680 688 1731 autem
711 1677 804 1730 antea
825 1669 953 1749 dictum,
978 1688 1048 1728 con·

124 1757 280 1817 tritionem
314 1761 345 1814 et
376 1753 603 1813 contessionem
631 1755 812 1834 papisticam
847 1753 1050 1813 incertumst
1082 1818 1088 1829 ἱ

123 1839 313 1919 hypocrisim
346 1837 449 1899 fuisse.
494 1836 541 1896 Ad
574 1836 652 1896 haec
682 1855 773 1897 nemo
804 1835 934 1914 sciebat,
970 1853 1050 1913 quae
1143 1894 1146 1899 .

123 1924 230 1983 anima
252 1927 335 1981 esset
355 1922 384 1980 in
408 1922 598 2000 purgatorie,
620 1928 650 1979 et
672 1921 698 1980 si
720 1938 799 1999 quae
828 1926 932 1979 esseut
953 1920 984 1978 in
999 1937 1050 1998 co,
1113 1982 1116 1987 ,

123 2016 229 2066 tamen
251 2014 316 2063 erat
337 2005 543 2082 incognitum,
572 2021 651 2082 quae
674 2002 830 2063 habuisset
852 2021 954 2062 veram
978 2020 1050 2061 con·

122 2089 280 2150 tuitionem
305 2092 335 2147 et
367 2095 450 2146 recte
479 2087 585 2146 luisset
620 2087 769 2147 confessa.
813 2085 870 2146 Hic
898 2104 979 2165 papa
1000 2103 1049 2145 ac·

122 2173 208 2251 cepit
234 2171 415 2252 pecuniam,
449 2178 481 2230 et
501 2171 620 2230 interim
648 2171 738 2233 iussit
756 2189 810 2230 eos
833 2167 989 2229 confidere
1016 2169 1047 2227 in

120 2256 221 2336 ipsius
244 2255 463 2333 poenitentiam
488 2261 518 2313 et
544 2253 765 2332 indulgentias,
800 2261 832 2312 et
853 2260 955 2312 tamen
978 2251 1049 2311 illos

121 2338 239 2398 remisit
262 2336 300 2396 ad
323 2356 378 2395 sua
400 2338 517 2396 incerta
541 2356 650 2415 opera,
673 2338 744 2415 iam,
768 2335 864 2395 sicubi
878 2342 975 2406 erant,
997 2335 1050 2412 qui

122 2420 307 2482 'videbantur
328 2420 385 2478 sibi
408 2438 468 2479 non
492 2438 560 2478 esse
575 2418 702 2479 obnoxii
722 2420 856 2498 peccatis
869 2416 1050 2493 actualibus,

124 2509 160 2564 ul
182 2504 271 2563 malis
294 2502 461 2578 affectibus,
484 2502 571 2561 dictis
594 2509 648 2562 aut
675 2501 773 2580 factis,
796 2504 874 2562 sicut
895 2521 954 2581 ego
978 2501 1050 2560 mei·

123 2607 185 2667 que
209 2586 323 2645 similes
352 2588 382 2645 in
406 2586 597 2645 monasteriis
622 2591 652 2645 et
679 2585 870 2645 sacerdotum
899 2584 1050 2644 sodalitiis

123 2670 269 2730 monachi
292 2676 323 2728 et
344 2669 520 2729 sacerdotes
544 2687 612 2728 esse
635 2668 825 2745 volebamus,
848 2668 898 2745 qui
920 2668 1050 2743 ieiuniis,

123 2752 253 2833 vigiliis,
283 2752 525 2831 precationibus,
560 2751 750 2812 celebrandis
773 2752 890 2830 Missis,
927 2751 1050 2810 duriore

123 2838 236 2897 vestitu
278 2841 309 2894 et
350 2837 451 2895 stratis
487 2843 693 2914 repugnantes
731 2834 832 2913 pravis
880 2833 1049 2893 adfectibus

123 2917 316 2980 conabamur
335 2911 417 2977 serio
442 2927 472 2977 et
494 2919 522 2978 vi
539 2917 669 2997 quadam
686 2917 762 2977 salvi
784 2916 859 2996 fieri,
884 2935 951 2975 cum
975 2917 1050 2976 inta-

122 3022 178 3063 rea
213 3002 362 3081 originale
398 3013 558 3081 peccatum
588 3003 679 3061 eliam
708 3002 738 3059 in
776 3018 886 3060 somno
919 3000 1050 3060 fortasse

124 3087 208 3146 vires
230 3105 301 3144 enas
325 3096 493 3165 exerceret,
519 3092 552 3144 ut
565 3096 686 3144 sanctus
698 3085 886 3163 Augustinus
900 3091 930 3142 et
944 3083 1049 3143 Hiero·

124 3188 238 3248 nymus
262 3188 321 3227 una
345 3186 412 3227 cum
436 3169 502 3227 aliis
526 3167 664 3228 latentur.
690 3167 729 3237 Hi
751 3178 853 3227 tamen
875 3165 1050 3233 sentiebant

122 3254 204 3313 inter
226 3270 270 3331 se,
293 3251 442 3330 quosdam
466 3270 533 3311 esse
558 3258 618 3311 tam
641 3259 775 3328 sanctos,
798 3251 946 3310 siculnos
960 3248 1050 3310 doce·

123 3336 244 3416 bamus,
270 3342 302 3394 nt
323 3335 389 3393 sine
411 3344 539 3413 peceato
559 3341 671 3410 essent,
694 3334 776 3413 pleni
790 3334 878 3393 bonis
894 3331 1049 3412 operibus,
1162 3368 1171 3382 .

124 3417 206 3479 adeo
233 3426 265 3478 nt
288 3418 347 3477 hac
371 3417 483 3478 fidncia
510 3418 577 3477 aliis
607 3417 697 3476 stiam
721 3424 826 3476 nostra
848 3416 930 3478 bona
953 3434 1051 3495 opera

123 3501 215 3562 nobis
237 3501 275 3561 ad
298 3502 443 3561 iustitiam
467 3500 621 3580 superflua
642 3501 866 3578 impartiremur
888 3507 918 3559 et
937 3500 1049 3559 vende·

122 3603 237 3647 remus.
259 3584 346 3645 Haeo
367 3604 440 3644 vera
464 3592 545 3658 sunt,
568 3592 598 3644 et
620 3585 740 3643 suntin
765 3591 908 3665 promptu
931 3583 1048 3663 Sigilla,

122 3668 245 3728 Literae
269 3674 300 3727 et
322 3668 482 3747 Exempla.
526 3668 579 3727 His
611 3674 761 3741 non-crat
789 3684 867 3746 opus
889 3669 1049 3746 poeniten·

122 3754 175 3815 lia.
222 3750 313 3812 Cuius
344 3752 425 3811 enim
454 3752 573 3832 peccati
602 3750 672 3811 illos
694 3751 880 3832 poeniteret,
912 3751 963 3831 qui
986 3768 1048 3811 non
1122 3804 1127 3811 .
