2348 4162
473 255 579 313 Bullas.
962 256 1002 321 67

78 426 226 487 sermonis
247 425 430 506 imperitiam
454 426 648 508 saepiuscule
670 425 709 487 sd
732 426 886 489 levitatem
910 433 1004 508 atque

78 508 244 570 cachinnos
267 510 415 572 concitati
437 514 517 575 sunt.

71 638 75 642 ,
156 591 290 653 Proinde
312 611 368 653 vos
390 611 499 652 omnes
521 593 679 653 hortamur
699 593 729 652 in
753 592 885 670 Christo,
907 593 1005 656 rebel·

77 674 152 735 libus
175 674 325 754 denique,
349 677 374 735 si
396 677 448 754 qui
469 676 579 755 forent,
604 675 685 755 quod
707 674 797 756 sbsit,
822 675 1002 738 mandamus

76 757 243 818 secundum
268 765 466 837 potestatem,
499 778 588 838 quem
615 759 764 818 Dominus
802 759 885 820 dedit
913 760 1003 822 nohis

75 842 103 899 in
126 839 375 903 aedificationem
410 848 443 915 ,et
477 860 538 902 non
573 843 603 901 in
628 842 883 918 destructionem,
919 849 952 902 ut
973 844 1003 904 in

75 924 278 984 concionibus
299 926 409 984 vestris
427 925 647 1004 promissiones
670 926 788 985 divinas
812 929 843 985 et
858 925 1001 1005 baptismi

77 1006 133 1066 vim
157 1007 276 1087 populo
299 1014 442 1067 accurate
472 1007 631 1087 explicetis
661 1015 691 1068 et
712 1008 887 1087 frequenter
908 1009 1002 1068 incul-

75 1090 166 1170 cetis,
202 1096 233 1149 et
254 1087 336 1150 lacte
366 1089 473 1170 populi
504 1091 705 1151 instructione
728 1091 832 1169 lingua
856 1090 1002 1171 deinceps

75 1171 241 1233 vernacula
264 1173 439 1254 bsptisetis,
478 1175 614 1234 maxime
642 1173 722 1254 apud
747 1192 823 1253 quas
846 1175 1004 1234 teutonica

74 1253 179 1334 lingua
201 1255 295 1335 viget.
339 1255 391 1317 Sic
411 1258 515 1335 itaque
537 1255 719 1336 baptisantis
743 1262 773 1316 et
795 1257 1002 1318 exorcisantis

75 1357 135 1397 vox
162 1338 337 1419 penetrabit
374 1341 494 1400 animos
528 1340 724 1402 audientium.
768 1338 836 1399 Hoc
865 1338 1003 1419 proderit

73 1421 185 1480 nedum
207 1421 376 1499 inlantulo,
407 1422 576 1491 sedetiam
600 1421 881 1500 circumstantibus,
917 1429 950 1482 ut
970 1424 1001 1483 in

72 1502 137 1563 dies
160 1502 327 1564 reddantur
348 1503 496 1567 firmiores
531 1523 569 1566 ec
589 1524 624 1565 se
644 1507 719 1585 ipsis
742 1505 894 1565 meliores.
939 1504 1000 1567 Sic·

73 1593 106 1646 ut
128 1588 211 1647 enirn
233 1587 318 1647 Deus
351 1607 406 1668 per
438 1607 545 1649 omnes
568 1590 703 1649 omnium
728 1589 864 1667 gentium
881 1587 1002 1669 linguas

73 1668 139 1730 vult
163 1669 366 1750 Evangelium
397 1677 428 1748 et
450 1672 671 1751 promissiones
694 1679 817 1730 sanctes
841 1670 1001 1752 divulgari,

71 1753 115 1812 ita
137 1771 261 1833 quoque
284 1755 376 1813 variis
397 1754 508 1835 linguis
531 1773 568 1813 ac
583 1753 709 1813 diversis
732 1753 820 1812 labiis
843 1772 899 1812 sua
919 1754 1002 1833 cupit

71 1843 268 1897 sacramenta
289 1836 429 1897 conferri.
472 1836 552 1911 Quid
577 1839 657 1898 enirn
680 1835 805 1917 prodest
827 1854 1001 1897 sacramen·

71 1926 135 1978 tum
157 1919 225 1979 sins
247 1918 341 1981 verbo
365 1918 497 1980 stlido?
541 1921 651 1996 Porro,
684 1919 766 1998 quod
797 1919 836 1980 ad
865 1918 998 1999 reliquas

70 2001 151 2061 sorte
173 2001 294 2081 linguas
317 2003 441 2077 attinet,
464 2010 497 2062 ut
517 2009 590 2063 sunt
610 2003 804 2080 Lithuonica,
837 2001 1002 2062 Prutenica

69 2089 166 2163 atque
187 2085 365 2165 Sarmatica,
389 2084 528 2145 dabimus
551 2105 687 2166 operam,
711 2085 831 2146 Christo
854 2087 1002 2166 propitio,

70 2186 112 2227 ne
131 2168 208 2247 ipsis
231 2185 355 2247 quoque
376 2168 454 2228 desit
476 2169 650 2231 Christiana
672 2169 833 2229 institutio.

98 2291 101 2294 -
155 2249 195 2311 Ut
216 2250 465 2312 vero·Obristum
496 2251 698 2332 praedicaturi
727 2251 998 2312 manuductionem

70 2333 226 2412 quandam
259 2334 290 2393 in
324 2332 443 2394 divinas
476 2335 580 2398 literas
615 2335 770 2412 habeatis,
811 2334 999 2395 consulimus

68 2415 228 2496 vobis*),
269 2422 302 2477 ut
342 2416 570 2478 lucubrationes
610 2418 727 2497 aliquot
765 2417 998 2497 praeclarissimi

67 2499 217 2560 Doctoris
238 2496 361 2572 Martini
388 2500 512 2560 Lutheri
545 2500 705 2580 diligenter
737 2506 768 2558 et
803 2501 855 2579 pio
893 2500 997 2559 animo

70 2582 193 2663 legatis,
216 2601 328 2662 nempe
351 2584 461 2644 veteris
485 2590 517 2644 et
537 2585 609 2643 novi
622 2583 810 2642 Testamenti
832 2582 944 2641 tectam
959 2582 998 2641 ab

68 2684 110 2726 eo
133 2665 382 2744 translationem,
415 2666 486 2726 item
510 2666 549 2727 de
571 2666 712 2726 libertate
735 2663 925 2745 Christiana,
960 2665 998 2724 de

68 2747 161 2808 bonis
183 2746 343 2829 operibus,
365 2749 588 2830 explicationes
611 2748 848 2826 Evangeliorum
873 2754 904 2807 et
925 2747 996 2827 Epi·

67 2831 235 2911 stolarum,
266 2848 342 2910 quas
364 2831 507 2892 Postillas
535 2832 632 2912 vulgo
653 2838 782 2908 vocant,
813 2830 994 2910 opusculum

66 2932 162 2993 super
175 2918 295 2976 cantico
308 2914 452 2994 Virginis,
474 2915 661 2996 Magniflcnt,
683 2933 752 2975 curn
775 2914 899 2993 reliquis
922 2931 993 2993 ope·

65 2998 237 3058 rationibus
269 2997 405 3060 eiusdem
427 2997 548 3058 hut-heri
578 2999 609 3058 in
632 2999 770 3058 Psalmos
798 3004 857 3060 eto.
902 2995 994 3070 Quod

10 3076 12 3081 ’
67 3081 95 3140 si
116 3080 266 3161 feceritis,
297 3081 406 3161 procul
435 3081 527 3144 dubio
556 3081 685 3141 fructum
720 3099 782 3140 non
806 3078 993 3141 mediocrem

66 3164 216 3229 sentietis.
281 3163 388 3225 Gratia
421 3165 478 3225 Dei
520 3165 559 3224 sit
602 3183 669 3225 cum
715 3163 856 3223 omuibus
896 3163 994 3240 vobis,

69 3246 181 3312 Amen.

143 3525 170 3594 ⁸)
190 3526 278 3594 (Nota
307 3543 342 3584 ex
366 3525 410 3582 ed.
430 3527 486 3582 len.
505 3525 653 3596 repetitar)
695 3525 849 3582 Prudenter
868 3524 996 3591 consulit,

67 3613 125 3653 non
152 3595 312 3654 fulminibus
336 3596 447 3654 insanit.
484 3598 566 3654 Forte
594 3599 672 3653 locos
690 3595 810 3669 Philippi
839 3612 894 3650 non
919 3596 996 3663 vidit,

67 3670 260 3798 &graffium
290 3670 423 3742 theologo
451 3669 569 3726 maxims
595 3670 714 3725 omnium
743 3667 903 3738 profuturos
921 3679 998 3725 recte

695 3782 785 3876 ,Ν
