<?xml version="1.0" encoding="UTF-8"?>
<!DOCTYPE html PUBLIC "-//W3C//DTD XHTML 1.0 Transitional//EN"
    "http://www.w3.org/TR/xhtml1/DTD/xhtml1-transitional.dtd">
<html xmlns="http://www.w3.org/1999/xhtml" xml:lang="en" lang="en">
 <head>
  <title>
</title>
<meta http-equiv="Content-Type" content="text/html;charset=utf-8" />
  <meta name='ocr-system' content='tesseract 3.04.00' />
  <meta name='ocr-capabilities' content='ocr_page ocr_carea ocr_par ocr_line ocrx_word'/>
</head>
<body>
  <div class='ocr_page' id='page_1' title='image "./dmartinilutheri02luthgoog_0330.png"; bbox 0 0 2348 4162; ppageno 0'>
   <div class='ocr_carea' id='block_1_1' title="bbox 277 208 990 305">
    <p class='ocr_par' dir='ltr' id='par_1_1' title="bbox 277 208 990 305">
     <span class='ocr_line' id='line_1_1' title="bbox 277 208 990 305; baseline 0.003 -8"><span class='ocrx_word' id='word_1_1' title='bbox 277 240 314 297; x_wconf 91' lang='lat' dir='ltr'><strong>ad</strong></span> <span class='ocrx_word' id='word_1_2' title='bbox 331 241 367 298; x_wconf 89' lang='lat' dir='ltr'><strong>D.</strong></span> <span class='ocrx_word' id='word_1_3' title='bbox 386 208 529 298; x_wconf 74' lang='lat' dir='ltr'><strong>Erasmnm</strong></span> <span class='ocrx_word' id='word_1_4' title='bbox 547 237 773 297; x_wconf 86' lang='lat' dir='ltr'><strong>Roterodamurn.</strong></span> <span class='ocrx_word' id='word_1_5' title='bbox 928 239 990 305; x_wconf 81' lang='grc'><strong>317</strong></span> 
     </span>
    </p>
   </div>
   <div class='ocr_carea' id='block_1_2' title="bbox 70 414 991 497">
    <p class='ocr_par' dir='ltr' id='par_1_2' title="bbox 70 414 991 497">
     <span class='ocr_line' id='line_1_2' title="bbox 70 414 991 497; baseline -0.001 -20"><span class='ocrx_word' id='word_1_6' title='bbox 70 416 250 497; x_wconf 75' lang='lat' dir='ltr'><strong>operatione</strong></span> <span class='ocrx_word' id='word_1_7' title='bbox 271 433 354 477; x_wconf 90' lang='lat' dir='ltr'><strong>nunc</strong></span> <span class='ocrx_word' id='word_1_8' title='bbox 375 414 576 496; x_wconf 80' lang='lat' dir='ltr'><strong>disputamus,</strong></span> <span class='ocrx_word' id='word_1_9' title='bbox 598 435 636 477; x_wconf 90' lang='lat' dir='ltr'><strong>ac</strong></span> <span class='ocrx_word' id='word_1_10' title='bbox 658 435 721 477; x_wconf 93' lang='lat' dir='ltr'><strong>uon</strong></span> <span class='ocrx_word' id='word_1_11' title='bbox 737 417 840 496; x_wconf 90' lang='lat' dir='ltr'><strong>potius</strong></span> <span class='ocrx_word' id='word_1_12' title='bbox 863 415 902 477; x_wconf 93' lang='lat' dir='ltr'><strong>de</strong></span> <span class='ocrx_word' id='word_1_13' title='bbox 922 434 991 496; x_wconf 88' lang='lat' dir='ltr'><strong>pro-</strong></span> 
     </span>
    </p>
   </div>
   <div class='ocr_carea' id='block_1_3' title="bbox 67 499 1112 580">
    <p class='ocr_par' dir='ltr' id='par_1_3' title="bbox 67 499 1112 580">
     <span class='ocr_line' id='line_1_3' title="bbox 67 499 1112 580; baseline 0 -21"><span class='ocrx_word' id='word_1_14' title='bbox 67 500 185 578; x_wconf 80' lang='lat' dir='ltr'><strong>priavi</strong></span> <span class='ocrx_word' id='word_1_15' title='bbox 224 506 255 561; x_wconf 91' lang='lat' dir='ltr'><strong>et</strong></span> <span class='ocrx_word' id='word_1_16' title='bbox 289 499 471 580; x_wconf 80' lang='lat' dir='ltr'><strong>operatione</strong></span> <span class='ocrx_word' id='word_1_17' title='bbox 501 500 587 560; x_wconf 89' lang='lat' dir='ltr'><strong>liberi</strong></span> <span class='ocrx_word' id='word_1_18' title='bbox 619 499 756 560; x_wconf 82' lang='lat' dir='ltr'><strong>arbitrii?</strong></span> <span class='ocrx_word' id='word_1_19' title='bbox 800 499 868 576; x_wconf 81' lang='lat' dir='ltr'><strong>Quo</strong></span> <span class='ocrx_word' id='word_1_20' title='bbox 902 501 993 580; x_wconf 82' lang='lat' dir='ltr'><strong>igitur</strong></span> <span class='ocrx_word' id='word_1_21' title='bbox 1107 522 1112 531; x_wconf 95' lang='lat'>·</span> 
     </span>
    </p>
   </div>
   <div class='ocr_carea' id='block_1_4' title="bbox 15 582 1030 3826">
    <p class='ocr_par' dir='ltr' id='par_1_4' title="bbox 15 582 1030 3826">
     <span class='ocr_line' id='line_1_4' title="bbox 67 582 993 664; baseline 0.001 -22"><span class='ocrx_word' id='word_1_22' title='bbox 67 584 171 644; x_wconf 82' lang='lat' dir='ltr'>rhetor</span> <span class='ocrx_word' id='word_1_23' title='bbox 191 582 244 644; x_wconf 84' lang='lat' dir='ltr'><strong>ille</strong></span> <span class='ocrx_word' id='word_1_24' title='bbox 265 582 358 662; x_wconf 79' lang='lat' dir='ltr'><strong>fugit,</strong></span> <span class='ocrx_word' id='word_1_25' title='bbox 397 584 448 662; x_wconf 88' lang='lat' dir='ltr'><strong>qui</strong></span> <span class='ocrx_word' id='word_1_26' title='bbox 480 582 614 643; x_wconf 88' lang='lat' dir='ltr'><strong>dicturus</strong></span> <span class='ocrx_word' id='word_1_27' title='bbox 637 583 675 643; x_wconf 89' lang='lat' dir='ltr'><strong>de</strong></span> <span class='ocrx_word' id='word_1_28' title='bbox 695 583 800 664; x_wconf 87' lang='lat' dir='ltr'><strong>palme</strong></span> <span class='ocrx_word' id='word_1_29' title='bbox 821 582 895 642; x_wconf 87' lang='lat' dir='ltr'>nihil</span> <span class='ocrx_word' id='word_1_30' title='bbox 920 583 993 644; x_wconf 87' lang='lat' dir='ltr'><strong>dicit</strong></span> 
     </span>
     <span class='ocr_line' id='line_1_5' title="bbox 66 664 992 747; baseline 0.001 -22"><span class='ocrx_word' id='word_1_31' title='bbox 66 667 122 726; x_wconf 87' lang='lat' dir='ltr'><strong>niei</strong></span> <span class='ocrx_word' id='word_1_32' title='bbox 145 665 185 726; x_wconf 95' lang='lat' dir='ltr'><strong>de</strong></span> <span class='ocrx_word' id='word_1_33' title='bbox 207 664 383 727; x_wconf 71' lang='lat' dir='ltr'><strong>cucurbita?</strong></span> <span class='ocrx_word' id='word_1_34' title='bbox 425 665 586 747; x_wconf 77' lang='lat' dir='ltr'><strong>Amphora</strong></span> <span class='ocrx_word' id='word_1_35' title='bbox 608 668 710 747; x_wconf 90' lang='lat' dir='ltr'><strong>coepit</strong></span> <span class='ocrx_word' id='word_1_36' title='bbox 730 665 855 746; x_wconf 89' lang='lat' dir='ltr'><strong>institui,</strong></span> <span class='ocrx_word' id='word_1_37' title='bbox 879 684 992 727; x_wconf 90' lang='lat' dir='ltr'><strong>curur-</strong></span> 
     </span>
     <span class='ocr_line' id='line_1_6' title="bbox 67 748 247 810; baseline -0.006 0"><span class='ocrx_word' id='word_1_38' title='bbox 67 767 138 810; x_wconf 87' lang='lat' dir='ltr'><strong>ceus</strong></span> <span class='ocrx_word' id='word_1_39' title='bbox 161 748 247 810; x_wconf 84' lang='lat' dir='ltr'><strong>exit?</strong></span> 
     </span>
     <span class='ocr_line' id='line_1_7' title="bbox 15 829 990 912; baseline 0.003 -23"><span class='ocrx_word' id='word_1_40' title='bbox 15 884 19 889; x_wconf 93' lang='lat'>.</span> <span class='ocrx_word' id='word_1_41' title='bbox 149 831 269 893; x_wconf 81' lang='lat' dir='ltr'><strong>Scimus</strong></span> <span class='ocrx_word' id='word_1_42' title='bbox 299 838 329 892; x_wconf 92' lang='lat' dir='ltr'><strong>et</strong></span> <span class='ocrx_word' id='word_1_43' title='bbox 352 850 425 912; x_wconf 90' lang='lat' dir='ltr'><strong>nos,</strong></span> <span class='ocrx_word' id='word_1_44' title='bbox 459 829 540 910; x_wconf 90' lang='lat' dir='ltr'><strong>quod</strong></span> <span class='ocrx_word' id='word_1_45' title='bbox 562 829 678 895; x_wconf 86' lang='lat' dir='ltr'><strong>Paulus</strong></span> <span class='ocrx_word' id='word_1_46' title='bbox 717 836 901 911; x_wconf 88' lang='lat' dir='ltr'><strong>cooperatur</strong></span> <span class='ocrx_word' id='word_1_47' title='bbox 923 832 990 892; x_wconf 90' lang='lat' dir='ltr'><strong>Deo</strong></span> 
     </span>
     <span class='ocr_line' id='line_1_8' title="bbox 66 914 991 995; baseline -0.001 -19"><span class='ocrx_word' id='word_1_48' title='bbox 66 916 95 976; x_wconf 92' lang='lat' dir='ltr'><strong>iu</strong></span> <span class='ocrx_word' id='word_1_49' title='bbox 119 914 269 976; x_wconf 88' lang='lat' dir='ltr'><strong>docendis</strong></span> <span class='ocrx_word' id='word_1_50' title='bbox 292 914 467 994; x_wconf 81' lang='lat' dir='ltr'><strong>Corinthiis,</strong></span> <span class='ocrx_word' id='word_1_51' title='bbox 491 914 561 974; x_wconf 93' lang='lat' dir='ltr'><strong>dum</strong></span> <span class='ocrx_word' id='word_1_52' title='bbox 584 914 658 975; x_wconf 86' lang='lat' dir='ltr'><strong>ioris</strong></span> <span class='ocrx_word' id='word_1_53' title='bbox 679 915 840 995; x_wconf 86' lang='lat' dir='ltr'><strong>praedicet</strong></span> <span class='ocrx_word' id='word_1_54' title='bbox 859 916 936 995; x_wconf 88' lang='lat' dir='ltr'><strong>ipee,</strong></span> <span class='ocrx_word' id='word_1_55' title='bbox 960 921 991 975; x_wconf 90' lang='lat' dir='ltr'><strong>et</strong></span> 
     </span>
     <span class='ocr_line' id='line_1_9' title="bbox 66 997 992 1078; baseline -0.002 -19"><span class='ocrx_word' id='word_1_56' title='bbox 66 1000 147 1059; x_wconf 88' lang='lat' dir='ltr'><strong>intus</strong></span> <span class='ocrx_word' id='word_1_57' title='bbox 171 997 368 1077; x_wconf 90' lang='lat' dir='ltr'><strong>docetDeus,</strong></span> <span class='ocrx_word' id='word_1_58' title='bbox 393 998 484 1058; x_wconf 87' lang='lat' dir='ltr'><strong>etiarn</strong></span> <span class='ocrx_word' id='word_1_59' title='bbox 507 999 538 1057; x_wconf 92' lang='lat' dir='ltr'><strong>in</strong></span> <span class='ocrx_word' id='word_1_60' title='bbox 562 998 685 1058; x_wconf 89' lang='lat' dir='ltr'><strong>diverso</strong></span> <span class='ocrx_word' id='word_1_61' title='bbox 709 1016 812 1078; x_wconf 81' lang='lat' dir='ltr'><strong>opere.</strong></span> <span class='ocrx_word' id='word_1_62' title='bbox 846 997 992 1058; x_wconf 79' lang='lat' dir='ltr'><strong>Similiter</strong></span> 
     </span>
     <span class='ocr_line' id='line_1_10' title="bbox 66 1080 989 1161; baseline -0.001 -20"><span class='ocrx_word' id='word_1_63' title='bbox 66 1089 95 1142; x_wconf 88' lang='lat' dir='ltr'><strong>et</strong></span> <span class='ocrx_word' id='word_1_64' title='bbox 118 1080 188 1142; x_wconf 88' lang='lat' dir='ltr'><strong>Deo</strong></span> <span class='ocrx_word' id='word_1_65' title='bbox 211 1091 405 1161; x_wconf 87' lang='lat' dir='ltr'><strong>cooperatur,</strong></span> <span class='ocrx_word' id='word_1_66' title='bbox 429 1100 499 1141; x_wconf 90' lang='lat' dir='ltr'><strong>oum</strong></span> <span class='ocrx_word' id='word_1_67' title='bbox 522 1081 657 1160; x_wconf 82' lang='lat' dir='ltr'><strong>loquitur</strong></span> <span class='ocrx_word' id='word_1_68' title='bbox 678 1082 710 1140; x_wconf 94' lang='lat' dir='ltr'><strong>in</strong></span> <span class='ocrx_word' id='word_1_69' title='bbox 733 1082 838 1161; x_wconf 91' lang='lat' dir='ltr'><strong>spiritu</strong></span> <span class='ocrx_word' id='word_1_70' title='bbox 858 1081 925 1159; x_wconf 88' lang='lat' dir='ltr'><strong>Dei,</strong></span> <span class='ocrx_word' id='word_1_71' title='bbox 946 1082 989 1140; x_wconf 89' lang='lat' dir='ltr'><strong>id·</strong></span> 
     </span>
     <span class='ocr_line' id='line_1_11' title="bbox 66 1163 993 1244; baseline 0.001 -20"><span class='ocrx_word' id='word_1_72' title='bbox 66 1164 179 1243; x_wconf 91' lang='lat' dir='ltr'><strong>quein</strong></span> <span class='ocrx_word' id='word_1_73' title='bbox 203 1164 312 1224; x_wconf 89' lang='lat' dir='ltr'><strong>eodem</strong></span> <span class='ocrx_word' id='word_1_74' title='bbox 342 1182 446 1244; x_wconf 90' lang='lat' dir='ltr'><strong>opere.</strong></span> <span class='ocrx_word' id='word_1_75' title='bbox 489 1163 556 1225; x_wconf 89' lang='lat' dir='ltr'><strong>Hoc</strong></span> <span class='ocrx_word' id='word_1_76' title='bbox 583 1165 664 1225; x_wconf 91' lang='lat' dir='ltr'><strong>enim</strong></span> <span class='ocrx_word' id='word_1_77' title='bbox 694 1183 751 1226; x_wconf 90' lang='lat' dir='ltr'><strong>nos</strong></span> <span class='ocrx_word' id='word_1_78' title='bbox 775 1166 938 1225; x_wconf 81' lang='lat' dir='ltr'><strong>asserimus</strong></span> <span class='ocrx_word' id='word_1_79' title='bbox 962 1169 993 1225; x_wconf 92' lang='lat' dir='ltr'><strong>et</strong></span> 
     </span>
     <span class='ocr_line' id='line_1_12' title="bbox 68 1245 992 1327; baseline -0.002 -19"><span class='ocrx_word' id='word_1_80' title='bbox 68 1245 295 1327; x_wconf 70' lang='lat' dir='ltr'><strong>contendimus,</strong></span> <span class='ocrx_word' id='word_1_81' title='bbox 319 1246 401 1325; x_wconf 90' lang='lat' dir='ltr'><strong>quod</strong></span> <span class='ocrx_word' id='word_1_82' title='bbox 418 1247 512 1326; x_wconf 88' lang='lat' dir='ltr'><strong>Deus,</strong></span> <span class='ocrx_word' id='word_1_83' title='bbox 536 1266 604 1307; x_wconf 91' lang='lat' dir='ltr'><strong>cum</strong></span> <span class='ocrx_word' id='word_1_84' title='bbox 627 1248 703 1307; x_wconf 89' lang='lat' dir='ltr'><strong>citra</strong></span> <span class='ocrx_word' id='word_1_85' title='bbox 717 1248 846 1327; x_wconf 86' lang='lat' dir='ltr'><strong>gratiam</strong></span> <span class='ocrx_word' id='word_1_86' title='bbox 869 1249 992 1327; x_wconf 84' lang='lat' dir='ltr'><strong>spirituc</strong></span> 
     </span>
     <span class='ocr_line' id='line_1_13' title="bbox 68 1329 991 1411; baseline -0.001 -20"><span class='ocrx_word' id='word_1_87' title='bbox 68 1336 222 1411; x_wconf 89' lang='lat' dir='ltr'><strong>operatur,</strong></span> <span class='ocrx_word' id='word_1_88' title='bbox 244 1332 349 1391; x_wconf 87' lang='lat' dir='ltr'><strong>omnia</strong></span> <span class='ocrx_word' id='word_1_89' title='bbox 370 1331 400 1389; x_wconf 92' lang='lat' dir='ltr'><strong>in</strong></span> <span class='ocrx_word' id='word_1_90' title='bbox 420 1329 572 1408; x_wconf 88' lang='lat' dir='ltr'><strong>omnibus,</strong></span> <span class='ocrx_word' id='word_1_91' title='bbox 595 1331 687 1390; x_wconf 87' lang='lat' dir='ltr'><strong>etiam</strong></span> <span class='ocrx_word' id='word_1_92' title='bbox 709 1332 741 1390; x_wconf 91' lang='lat' dir='ltr'><strong>in</strong></span> <span class='ocrx_word' id='word_1_93' title='bbox 751 1332 861 1410; x_wconf 90' lang='lat' dir='ltr'><strong>impiis,</strong></span> <span class='ocrx_word' id='word_1_94' title='bbox 885 1349 991 1410; x_wconf 90' lang='lat' dir='ltr'><strong>opera·</strong></span> 
     </span>
     <span class='ocr_line' id='line_1_14' title="bbox 68 1412 992 1494; baseline -0.001 -20"><span class='ocrx_word' id='word_1_95' title='bbox 68 1423 122 1491; x_wconf 88' lang='lat' dir='ltr'><strong>tur,</strong></span> <span class='ocrx_word' id='word_1_96' title='bbox 146 1412 219 1473; x_wconf 93' lang='lat' dir='ltr'><strong>dum</strong></span> <span class='ocrx_word' id='word_1_97' title='bbox 242 1414 355 1493; x_wconf 87' lang='lat' dir='ltr'><strong>omnia,</strong></span> <span class='ocrx_word' id='word_1_98' title='bbox 378 1432 458 1492; x_wconf 87' lang='lat' dir='ltr'><strong>quae</strong></span> <span class='ocrx_word' id='word_1_99' title='bbox 480 1412 617 1473; x_wconf 89' lang='lat' dir='ltr'><strong>condidit</strong></span> <span class='ocrx_word' id='word_1_100' title='bbox 638 1413 740 1494; x_wconf 88' lang='lat' dir='ltr'><strong>solue,</strong></span> <span class='ocrx_word' id='word_1_101' title='bbox 762 1415 847 1474; x_wconf 85' lang='lat' dir='ltr'><strong>sotus</strong></span> <span class='ocrx_word' id='word_1_102' title='bbox 869 1432 992 1494; x_wconf 93' lang='lat' dir='ltr'><strong>quoque</strong></span> 
     </span>
     <span class='ocr_line' id='line_1_15' title="bbox 70 1497 991 1577; baseline -0.002 -20"><span class='ocrx_word' id='word_1_103' title='bbox 70 1503 185 1574; x_wconf 84' lang='lat' dir='ltr'><strong>movet,</strong></span> <span class='ocrx_word' id='word_1_104' title='bbox 206 1497 271 1577; x_wconf 86' lang='lat' dir='ltr'><strong>agit</strong></span> <span class='ocrx_word' id='word_1_105' title='bbox 293 1503 323 1556; x_wconf 90' lang='lat' dir='ltr'><strong>et</strong></span> <span class='ocrx_word' id='word_1_106' title='bbox 344 1497 424 1575; x_wconf 91' lang='lat' dir='ltr'><strong>rapit</strong></span> <span class='ocrx_word' id='word_1_107' title='bbox 445 1497 687 1576; x_wconf 85' lang='lat' dir='ltr'><strong>omnipotentiae</strong></span> <span class='ocrx_word' id='word_1_108' title='bbox 701 1515 775 1557; x_wconf 90' lang='lat' dir='ltr'><strong>suae</strong></span> <span class='ocrx_word' id='word_1_109' title='bbox 787 1503 882 1571; x_wconf 87' lang='lat' dir='ltr'><strong>motu,</strong></span> <span class='ocrx_word' id='word_1_110' title='bbox 900 1515 991 1575; x_wconf 87' lang='lat' dir='ltr'><strong>quern</strong></span> 
     </span>
     <span class='ocr_line' id='line_1_16' title="bbox 67 1579 991 1659; baseline 0 -20"><span class='ocrx_word' id='word_1_111' title='bbox 67 1580 118 1640; x_wconf 89' lang='lat' dir='ltr'><strong>ille</strong></span> <span class='ocrx_word' id='word_1_112' title='bbox 140 1598 203 1641; x_wconf 93' lang='lat' dir='ltr'><strong>non</strong></span> <span class='ocrx_word' id='word_1_113' title='bbox 227 1586 356 1659; x_wconf 86' lang='lat' dir='ltr'><strong>possunt</strong></span> <span class='ocrx_word' id='word_1_114' title='bbox 377 1580 474 1640; x_wconf 87' lang='lat' dir='ltr'><strong>vitare</strong></span> <span class='ocrx_word' id='word_1_115' title='bbox 495 1598 554 1639; x_wconf 91' lang='lat' dir='ltr'><strong>uec</strong></span> <span class='ocrx_word' id='word_1_116' title='bbox 575 1586 707 1659; x_wconf 88' lang='lat' dir='ltr'><strong>mutare,</strong></span> <span class='ocrx_word' id='word_1_117' title='bbox 740 1579 795 1640; x_wconf 89' lang='lat' dir='ltr'><strong>sed</strong></span> <span class='ocrx_word' id='word_1_118' title='bbox 817 1581 991 1639; x_wconf 86' lang='lat' dir='ltr'><strong>necessario</strong></span> 
     </span>
     <span class='ocr_line' id='line_1_17' title="bbox 68 1661 991 1742; baseline -0.001 -20"><span class='ocrx_word' id='word_1_119' title='bbox 68 1669 236 1742; x_wconf 89' lang='lat' dir='ltr'><strong>sequuntur</strong></span> <span class='ocrx_word' id='word_1_120' title='bbox 257 1668 288 1723; x_wconf 90' lang='lat' dir='ltr'><strong>et</strong></span> <span class='ocrx_word' id='word_1_121' title='bbox 308 1668 426 1742; x_wconf 89' lang='lat' dir='ltr'><strong>parent,</strong></span> <span class='ocrx_word' id='word_1_122' title='bbox 449 1661 609 1742; x_wconf 88' lang='lat' dir='ltr'><strong>quodlibet</strong></span> <span class='ocrx_word' id='word_1_123' title='bbox 630 1681 685 1741; x_wconf 90' lang='lat' dir='ltr'><strong>pro</strong></span> <span class='ocrx_word' id='word_1_124' title='bbox 709 1662 803 1724; x_wconf 91' lang='lat' dir='ltr'><strong>modo</strong></span> <span class='ocrx_word' id='word_1_125' title='bbox 837 1682 912 1722; x_wconf 88' lang='lat' dir='ltr'><strong>suae</strong></span> <span class='ocrx_word' id='word_1_126' title='bbox 935 1664 991 1723; x_wconf 90' lang='lat' dir='ltr'><strong>vir·</strong></span> 
     </span>
     <span class='ocr_line' id='line_1_18' title="bbox 67 1744 991 1825; baseline -0.002 -19"><span class='ocrx_word' id='word_1_127' title='bbox 67 1747 154 1824; x_wconf 89' lang='lat' dir='ltr'><strong>tutis,</strong></span> <span class='ocrx_word' id='word_1_128' title='bbox 178 1746 235 1806; x_wconf 87' lang='lat' dir='ltr'><strong>eibi</strong></span> <span class='ocrx_word' id='word_1_129' title='bbox 255 1766 274 1807; x_wconf 92' lang='lat' dir='ltr'><strong>a</strong></span> <span class='ocrx_word' id='word_1_130' title='bbox 296 1745 363 1806; x_wconf 91' lang='lat' dir='ltr'><strong>Deo</strong></span> <span class='ocrx_word' id='word_1_131' title='bbox 386 1744 490 1825; x_wconf 89' lang='lat' dir='ltr'><strong>datae,</strong></span> <span class='ocrx_word' id='word_1_132' title='bbox 525 1747 571 1805; x_wconf 90' lang='lat' dir='ltr'><strong>aio</strong></span> <span class='ocrx_word' id='word_1_133' title='bbox 593 1747 696 1806; x_wconf 90' lang='lat' dir='ltr'><strong>omnia</strong></span> <span class='ocrx_word' id='word_1_134' title='bbox 717 1747 808 1805; x_wconf 86' lang='lat' dir='ltr'><strong>etiem</strong></span> <span class='ocrx_word' id='word_1_135' title='bbox 832 1747 925 1824; x_wconf 88' lang='lat' dir='ltr'><strong>impia</strong></span> <span class='ocrx_word' id='word_1_136' title='bbox 948 1746 991 1805; x_wconf 91' lang='grc' dir='ltr'>ιΙΙι</span> 
     </span>
     <span class='ocr_line' id='line_1_19' title="bbox 68 1827 992 1910; baseline -0.003 -20"><span class='ocrx_word' id='word_1_137' title='bbox 68 1835 284 1910; x_wconf 87' lang='lat' dir='ltr'><strong>cooperentur.</strong></span> <span class='ocrx_word' id='word_1_138' title='bbox 328 1827 457 1908; x_wconf 90' lang='lat' dir='ltr'><strong>Deinde,</strong></span> <span class='ocrx_word' id='word_1_139' title='bbox 480 1827 530 1890; x_wconf 89' lang='lat' dir='ltr'><strong>ubi</strong></span> <span class='ocrx_word' id='word_1_140' title='bbox 544 1829 651 1908; x_wconf 88' lang='lat' dir='ltr'><strong>spiritu</strong></span> <span class='ocrx_word' id='word_1_141' title='bbox 662 1832 780 1909; x_wconf 88' lang='lat' dir='ltr'><strong>gratiae</strong></span> <span class='ocrx_word' id='word_1_142' title='bbox 794 1830 858 1908; x_wconf 87' lang='lat' dir='ltr'><strong>agit</strong></span> <span class='ocrx_word' id='word_1_143' title='bbox 876 1830 906 1887; x_wconf 93' lang='lat' dir='ltr'><strong>iu</strong></span> <span class='ocrx_word' id='word_1_144' title='bbox 921 1829 992 1908; x_wconf 88' lang='lat' dir='ltr'><strong>illis,</strong></span> 
     </span>
     <span class='ocr_line' id='line_1_20' title="bbox 67 1910 991 1993; baseline -0.001 -21"><span class='ocrx_word' id='word_1_145' title='bbox 67 1929 144 1991; x_wconf 90' lang='lat' dir='ltr'><strong>quos</strong></span> <span class='ocrx_word' id='word_1_146' title='bbox 167 1911 353 1992; x_wconf 82' lang='lat' dir='ltr'><strong>iustificavit,</strong></span> <span class='ocrx_word' id='word_1_147' title='bbox 374 1910 436 1972; x_wconf 89' lang='lat' dir='ltr'><strong>hoe</strong></span> <span class='ocrx_word' id='word_1_148' title='bbox 456 1919 513 1991; x_wconf 84' lang='lat' dir='ltr'><strong>est,</strong></span> <span class='ocrx_word' id='word_1_149' title='bbox 535 1913 565 1971; x_wconf 91' lang='lat' dir='ltr'><strong>in</strong></span> <span class='ocrx_word' id='word_1_150' title='bbox 577 1931 673 1991; x_wconf 86' lang='lat' dir='ltr'><strong>reguo</strong></span> <span class='ocrx_word' id='word_1_151' title='bbox 695 1931 762 1993; x_wconf 84' lang='lat' dir='ltr'><strong>suo,</strong></span> <span class='ocrx_word' id='word_1_152' title='bbox 785 1912 922 1972; x_wconf 83' lang='lat' dir='ltr'><strong>similiter</strong></span> <span class='ocrx_word' id='word_1_153' title='bbox 937 1931 991 1972; x_wconf 90' lang='lat' dir='ltr'><strong>eos</strong></span> 
     </span>
     <span class='ocr_line' id='line_1_21' title="bbox 67 1995 991 2077; baseline 0 -22"><span class='ocrx_word' id='word_1_154' title='bbox 67 1996 131 2075; x_wconf 82' lang='lat' dir='ltr'><strong>agit</strong></span> <span class='ocrx_word' id='word_1_155' title='bbox 151 2002 184 2055; x_wconf 89' lang='lat' dir='ltr'><strong>et</strong></span> <span class='ocrx_word' id='word_1_156' title='bbox 196 2003 310 2066; x_wconf 87' lang='lat' dir='ltr'><strong>movet,</strong></span> <span class='ocrx_word' id='word_1_157' title='bbox 335 2002 365 2055; x_wconf 92' lang='lat' dir='ltr'><strong>et</strong></span> <span class='ocrx_word' id='word_1_158' title='bbox 382 1995 435 2076; x_wconf 90' lang='lat' dir='ltr'><strong>illi,</strong></span> <span class='ocrx_word' id='word_1_159' title='bbox 459 2001 491 2056; x_wconf 93' lang='grc' dir='ltr'><strong>ιιι</strong></span> <span class='ocrx_word' id='word_1_160' title='bbox 504 2001 575 2055; x_wconf 87' lang='lat' dir='ltr'><strong>eunt</strong></span> <span class='ocrx_word' id='word_1_161' title='bbox 597 2014 679 2056; x_wconf 91' lang='lat' dir='ltr'><strong>nova</strong></span> <span class='ocrx_word' id='word_1_162' title='bbox 691 2002 839 2077; x_wconf 85' lang='lat' dir='ltr'><strong>ereatura,</strong></span> <span class='ocrx_word' id='word_1_163' title='bbox 862 2013 991 2075; x_wconf 87' lang='lat' dir='ltr'><strong>sequun-</strong></span> 
     </span>
     <span class='ocr_line' id='line_1_22' title="bbox 65 2078 992 2159; baseline 0 -21"><span class='ocrx_word' id='word_1_164' title='bbox 65 2085 112 2138; x_wconf 92' lang='lat' dir='ltr'><strong>tur</strong></span> <span class='ocrx_word' id='word_1_165' title='bbox 134 2085 168 2139; x_wconf 88' lang='lat' dir='ltr'><strong>et</strong></span> <span class='ocrx_word' id='word_1_166' title='bbox 190 2086 405 2159; x_wconf 88' lang='lat' dir='ltr'><strong>cooperantur,</strong></span> <span class='ocrx_word' id='word_1_167' title='bbox 427 2078 477 2139; x_wconf 92' lang='lat' dir='ltr'><strong>vel</strong></span> <span class='ocrx_word' id='word_1_168' title='bbox 499 2079 611 2158; x_wconf 84' lang='lat' dir='ltr'><strong>potius,</strong></span> <span class='ocrx_word' id='word_1_169' title='bbox 635 2086 666 2138; x_wconf 89' lang='lat' dir='ltr'><strong>ut</strong></span> <span class='ocrx_word' id='word_1_170' title='bbox 688 2078 800 2139; x_wconf 91' lang='lat' dir='ltr'><strong>Paulus</strong></span> <span class='ocrx_word' id='word_1_171' title='bbox 823 2079 875 2158; x_wconf 88' lang='lat' dir='ltr'><strong>ait,</strong></span> <span class='ocrx_word' id='word_1_172' title='bbox 899 2097 992 2158; x_wconf 85' lang='lat' dir='ltr'><strong>agun-</strong></span> 
     </span>
     <span class='ocr_line' id='line_1_23' title="bbox 65 2160 992 2243; baseline -0.001 -21"><span class='ocrx_word' id='word_1_173' title='bbox 65 2171 125 2224; x_wconf 87' lang='lat' dir='ltr'><strong>tur.</strong></span> <span class='ocrx_word' id='word_1_174' title='bbox 169 2160 230 2221; x_wconf 79' lang='lat' dir='ltr'><strong>aed</strong></span> <span class='ocrx_word' id='word_1_175' title='bbox 251 2163 287 2222; x_wconf 90' lang='lat' dir='ltr'><strong>iis</strong></span> <span class='ocrx_word' id='word_1_176' title='bbox 310 2181 392 2222; x_wconf 90' lang='lat' dir='ltr'><strong>nuno</strong></span> <span class='ocrx_word' id='word_1_177' title='bbox 414 2180 477 2223; x_wconf 91' lang='lat' dir='ltr'><strong>non</strong></span> <span class='ocrx_word' id='word_1_178' title='bbox 500 2170 565 2222; x_wconf 88' lang='lat' dir='ltr'><strong>erat</strong></span> <span class='ocrx_word' id='word_1_179' title='bbox 587 2162 683 2240; x_wconf 91' lang='lat' dir='ltr'><strong>locus,</strong></span> <span class='ocrx_word' id='word_1_180' title='bbox 706 2181 767 2223; x_wconf 89' lang='lat' dir='ltr'><strong>non</strong></span> <span class='ocrx_word' id='word_1_181' title='bbox 791 2161 992 2243; x_wconf 87' lang='lat' dir='ltr'><strong>disputamus,</strong></span> 
     </span>
     <span class='ocr_line' id='line_1_24' title="bbox 65 2244 992 2327; baseline -0.001 -22"><span class='ocrx_word' id='word_1_182' title='bbox 65 2244 139 2325; x_wconf 88' lang='lat' dir='ltr'><strong>quid</strong></span> <span class='ocrx_word' id='word_1_183' title='bbox 162 2251 311 2325; x_wconf 86' lang='lat' dir='ltr'><strong>operante</strong></span> <span class='ocrx_word' id='word_1_184' title='bbox 324 2244 391 2306; x_wconf 89' lang='lat' dir='ltr'><strong>Deo</strong></span> <span class='ocrx_word' id='word_1_185' title='bbox 407 2246 571 2325; x_wconf 89' lang='lat' dir='ltr'><strong>possimus,</strong></span> <span class='ocrx_word' id='word_1_186' title='bbox 593 2246 646 2306; x_wconf 90' lang='lat' dir='ltr'><strong>sed</strong></span> <span class='ocrx_word' id='word_1_187' title='bbox 662 2246 733 2324; x_wconf 89' lang='lat' dir='ltr'><strong>quid</strong></span> <span class='ocrx_word' id='word_1_188' title='bbox 756 2264 813 2306; x_wconf 88' lang='lat' dir='ltr'><strong>nos</strong></span> <span class='ocrx_word' id='word_1_189' title='bbox 828 2246 992 2327; x_wconf 79' lang='lat' dir='ltr'><strong>possimus,</strong></span> 
     </span>
     <span class='ocr_line' id='line_1_25' title="bbox 65 2327 991 2408; baseline -0.001 -19"><span class='ocrx_word' id='word_1_190' title='bbox 65 2327 217 2389; x_wconf 86' lang='lat' dir='ltr'><strong>videlicet</strong></span> <span class='ocrx_word' id='word_1_191' title='bbox 238 2348 276 2388; x_wconf 89' lang='lat' dir='ltr'><strong>au</strong></span> <span class='ocrx_word' id='word_1_192' title='bbox 305 2329 365 2387; x_wconf 92' lang='lat' dir='ltr'><strong>iam</strong></span> <span class='ocrx_word' id='word_1_193' title='bbox 389 2329 483 2388; x_wconf 88' lang='lat' dir='ltr'><strong>creati</strong></span> <span class='ocrx_word' id='word_1_194' title='bbox 505 2347 544 2388; x_wconf 86' lang='lat' dir='ltr'><strong>ex</strong></span> <span class='ocrx_word' id='word_1_195' title='bbox 567 2328 661 2388; x_wconf 90' lang='lat' dir='ltr'><strong>nihilo</strong></span> <span class='ocrx_word' id='word_1_196' title='bbox 685 2328 798 2408; x_wconf 88' lang='lat' dir='ltr'><strong>aiiquid</strong></span> <span class='ocrx_word' id='word_1_197' title='bbox 820 2347 878 2388; x_wconf 91' lang='lat' dir='ltr'><strong>nos</strong></span> <span class='ocrx_word' id='word_1_198' title='bbox 901 2329 991 2388; x_wconf 89' lang='lat' dir='ltr'><strong>fecia-</strong></span> 
     </span>
     <span class='ocr_line' id='line_1_26' title="bbox 64 2410 990 2492; baseline -0.002 -20"><span class='ocrx_word' id='word_1_199' title='bbox 64 2430 135 2472; x_wconf 92' lang='lat' dir='ltr'><strong>mua</strong></span> <span class='ocrx_word' id='word_1_200' title='bbox 157 2412 207 2471; x_wconf 88' lang='lat' dir='ltr'><strong>vel</strong></span> <span class='ocrx_word' id='word_1_201' title='bbox 229 2430 376 2472; x_wconf 87' lang='lat' dir='ltr'><strong>conemur</strong></span> <span class='ocrx_word' id='word_1_202' title='bbox 398 2410 451 2471; x_wconf 90' lang='lat' dir='ltr'><strong>illo</strong></span> <span class='ocrx_word' id='word_1_203' title='bbox 474 2410 611 2491; x_wconf 84' lang='lat' dir='ltr'><strong>generali</strong></span> <span class='ocrx_word' id='word_1_204' title='bbox 633 2418 716 2471; x_wconf 92' lang='lat' dir='ltr'><strong>motu</strong></span> <span class='ocrx_word' id='word_1_205' title='bbox 736 2412 990 2492; x_wconf 81' lang='lat' dir='ltr'><strong>omnipotentiae,</strong></span> 
     </span>
     <span class='ocr_line' id='line_1_27' title="bbox 63 2493 991 2574; baseline -0.002 -19"><span class='ocrx_word' id='word_1_206' title='bbox 63 2501 103 2560; x_wconf 71' lang='lat' dir='ltr'><strong>ut,</strong></span> <span class='ocrx_word' id='word_1_207' title='bbox 120 2513 265 2574; x_wconf 89' lang='lat' dir='ltr'><strong>paremur</strong></span> <span class='ocrx_word' id='word_1_208' title='bbox 301 2494 340 2554; x_wconf 89' lang='lat' dir='ltr'><strong>ad</strong></span> <span class='ocrx_word' id='word_1_209' title='bbox 368 2513 480 2555; x_wconf 90' lang='lat' dir='ltr'><strong>novam</strong></span> <span class='ocrx_word' id='word_1_210' title='bbox 504 2499 674 2554; x_wconf 85' lang='lat' dir='ltr'><strong>creaturam</strong></span> <span class='ocrx_word' id='word_1_211' title='bbox 698 2496 838 2574; x_wconf 71' lang='lat' dir='ltr'><strong>spiritus,</strong></span> <span class='ocrx_word' id='word_1_212' title='bbox 874 2493 924 2553; x_wconf 91' lang='lat' dir='ltr'><strong>hic</strong></span> <span class='ocrx_word' id='word_1_213' title='bbox 947 2513 991 2554; x_wconf 92' lang='lat' dir='ltr'><strong>re·</strong></span> 
     </span>
     <span class='ocr_line' id='line_1_28' title="bbox 63 2576 990 2658; baseline 0 -22"><span class='ocrx_word' id='word_1_214' title='bbox 63 2576 283 2658; x_wconf 80' lang='lat' dir='ltr'><strong>spondendum</strong></span> <span class='ocrx_word' id='word_1_215' title='bbox 306 2585 381 2658; x_wconf 89' lang='lat' dir='ltr'><strong>erat,</strong></span> <span class='ocrx_word' id='word_1_216' title='bbox 405 2596 466 2638; x_wconf 91' lang='lat' dir='ltr'><strong>non</strong></span> <span class='ocrx_word' id='word_1_217' title='bbox 491 2576 551 2637; x_wconf 85' lang='lat' dir='ltr'><strong>alio</strong></span> <span class='ocrx_word' id='word_1_218' title='bbox 565 2577 788 2639; x_wconf 88' lang='lat' dir='ltr'><strong>divertendum.</strong></span> <span class='ocrx_word' id='word_1_219' title='bbox 830 2576 888 2637; x_wconf 86' lang='lat' dir='ltr'><strong>Hic</strong></span> <span class='ocrx_word' id='word_1_220' title='bbox 910 2579 990 2636; x_wconf 90' lang='lat' dir='ltr'><strong>enim</strong></span> 
     </span>
     <span class='ocr_line' id='line_1_29' title="bbox 33 2660 991 2741; baseline -0.007 -14"><span class='ocrx_word' id='word_1_221' title='bbox 33 2722 36 2727; x_wconf 88' lang='lat'><em>.</em></span> <span class='ocrx_word' id='word_1_222' title='bbox 62 2679 125 2722; x_wconf 83' lang='lat' dir='ltr'><strong>noe</strong></span> <span class='ocrx_word' id='word_1_223' title='bbox 147 2661 193 2721; x_wconf 88' lang='lat' dir='ltr'><strong>sic</strong></span> <span class='ocrx_word' id='word_1_224' title='bbox 213 2661 453 2741; x_wconf 88' lang='lat' dir='ltr'><strong>respondemus:</strong></span> <span class='ocrx_word' id='word_1_225' title='bbox 487 2660 571 2721; x_wconf 82' lang='lat' dir='ltr'><strong>Siout</strong></span> <span class='ocrx_word' id='word_1_226' title='bbox 591 2660 696 2739; x_wconf 90' lang='lat' dir='ltr'><strong>homo,</strong></span> <span class='ocrx_word' id='word_1_227' title='bbox 720 2666 884 2739; x_wconf 88' lang='lat' dir='ltr'><strong>autequam</strong></span> <span class='ocrx_word' id='word_1_228' title='bbox 909 2679 991 2720; x_wconf 88' lang='lat' dir='ltr'><strong>crea·</strong></span> 
     </span>
     <span class='ocr_line' id='line_1_30' title="bbox 63 2741 992 2822; baseline -0.003 -17"><span class='ocrx_word' id='word_1_229' title='bbox 63 2752 129 2822; x_wconf 89' lang='lat' dir='ltr'><strong>tur,</strong></span> <span class='ocrx_word' id='word_1_230' title='bbox 153 2750 186 2804; x_wconf 92' lang='grc' dir='ltr'><strong>ιιι</strong></span> <span class='ocrx_word' id='word_1_231' title='bbox 207 2746 247 2805; x_wconf 82' lang='grc' dir='ltr'><strong>ιιι</strong></span> <span class='ocrx_word' id='word_1_232' title='bbox 267 2745 379 2821; x_wconf 84' lang='lat' dir='ltr'><strong>homo,</strong></span> <span class='ocrx_word' id='word_1_233' title='bbox 414 2743 488 2803; x_wconf 90' lang='lat' dir='ltr'><strong>nihil</strong></span> <span class='ocrx_word' id='word_1_234' title='bbox 516 2742 588 2803; x_wconf 80' lang='lat' dir='ltr'><strong>tacit</strong></span> <span class='ocrx_word' id='word_1_235' title='bbox 611 2751 663 2803; x_wconf 89' lang='lat' dir='ltr'><strong>aut</strong></span> <span class='ocrx_word' id='word_1_236' title='bbox 685 2751 830 2821; x_wconf 87' lang='lat' dir='ltr'><strong>conatur,</strong></span> <span class='ocrx_word' id='word_1_237' title='bbox 854 2761 915 2822; x_wconf 93' lang='lat' dir='ltr'><strong>quo</strong></span> <span class='ocrx_word' id='word_1_238' title='bbox 938 2741 992 2803; x_wconf 85' lang='lat' dir='ltr'><strong>fiat</strong></span> 
     </span>
     <span class='ocr_line' id='line_1_31' title="bbox 62 2827 992 2905; baseline -0.003 -17"><span class='ocrx_word' id='word_1_239' title='bbox 62 2836 223 2905; x_wconf 83' lang='lat' dir='ltr'><strong>ereatura,</strong></span> <span class='ocrx_word' id='word_1_240' title='bbox 260 2828 372 2890; x_wconf 90' lang='lat' dir='ltr'><strong>deiude</strong></span> <span class='ocrx_word' id='word_1_241' title='bbox 400 2828 498 2887; x_wconf 83' lang='lat' dir='ltr'><strong>iactus</strong></span> <span class='ocrx_word' id='word_1_242' title='bbox 526 2833 557 2887; x_wconf 90' lang='lat' dir='ltr'><strong>et</strong></span> <span class='ocrx_word' id='word_1_243' title='bbox 590 2835 711 2886; x_wconf 85' lang='lat' dir='ltr'><strong>creatus</strong></span> <span class='ocrx_word' id='word_1_244' title='bbox 742 2827 817 2886; x_wconf 87' lang='lat' dir='ltr'><strong>nihil</strong></span> <span class='ocrx_word' id='word_1_245' title='bbox 845 2829 917 2886; x_wconf 90' lang='lat' dir='ltr'><strong>t&#39;acit</strong></span> <span class='ocrx_word' id='word_1_246' title='bbox 939 2834 992 2887; x_wconf 89' lang='grc' dir='ltr'>ιιιι</span> 
     </span>
     <span class='ocr_line' id='line_1_32' title="bbox 62 2909 992 2991; baseline -0.003 -19"><span class='ocrx_word' id='word_1_247' title='bbox 62 2917 209 2989; x_wconf 89' lang='lat' dir='ltr'><strong>conatur,</strong></span> <span class='ocrx_word' id='word_1_248' title='bbox 232 2928 293 2989; x_wconf 91' lang='lat' dir='ltr'><strong>quo</strong></span> <span class='ocrx_word' id='word_1_249' title='bbox 316 2917 493 2991; x_wconf 89' lang='lat' dir='ltr'><strong>perseveret</strong></span> <span class='ocrx_word' id='word_1_250' title='bbox 514 2918 674 2987; x_wconf 85' lang='lat' dir='ltr'><strong>creatura,</strong></span> <span class='ocrx_word' id='word_1_251' title='bbox 696 2909 751 2970; x_wconf 90' lang='lat' dir='ltr'><strong>sed</strong></span> <span class='ocrx_word' id='word_1_252' title='bbox 774 2917 935 2989; x_wconf 90' lang='lat' dir='ltr'><strong>utrumque</strong></span> <span class='ocrx_word' id='word_1_253' title='bbox 957 2909 992 2969; x_wconf 87' lang='lat' dir='ltr'><strong>tit</strong></span> 
     </span>
     <span class='ocr_line' id='line_1_33' title="bbox 64 2993 991 3074; baseline -0.001 -21"><span class='ocrx_word' id='word_1_254' title='bbox 64 2993 137 3055; x_wconf 90' lang='lat' dir='ltr'><strong>sole</strong></span> <span class='ocrx_word' id='word_1_255' title='bbox 158 2994 320 3056; x_wconf 85' lang='lat' dir='ltr'><strong>voluntate</strong></span> <span class='ocrx_word' id='word_1_256' title='bbox 342 2994 561 3073; x_wconf 90' lang='lat' dir='ltr'><strong>omnipotentis</strong></span> <span class='ocrx_word' id='word_1_257' title='bbox 573 2994 693 3053; x_wconf 89' lang='lat' dir='ltr'><strong>virtutis</strong></span> <span class='ocrx_word' id='word_1_258' title='bbox 718 3001 752 3053; x_wconf 79' lang='lat' dir='ltr'><strong>et</strong></span> <span class='ocrx_word' id='word_1_259' title='bbox 765 2994 909 3055; x_wconf 87' lang='lat' dir='ltr'><strong>bonitatis</strong></span> <span class='ocrx_word' id='word_1_260' title='bbox 923 2993 991 3074; x_wconf 91' lang='lat' dir='ltr'><strong>Dei,</strong></span> 
     </span>
     <span class='ocr_line' id='line_1_34' title="bbox 64 3076 990 3156; baseline -0.001 -19"><span class='ocrx_word' id='word_1_261' title='bbox 64 3095 123 3138; x_wconf 92' lang='lat' dir='ltr'><strong>nos</strong></span> <span class='ocrx_word' id='word_1_262' title='bbox 147 3078 214 3137; x_wconf 90' lang='lat' dir='ltr'><strong>siue</strong></span> <span class='ocrx_word' id='word_1_263' title='bbox 247 3078 337 3138; x_wconf 89' lang='lat' dir='ltr'><strong>nobis</strong></span> <span class='ocrx_word' id='word_1_264' title='bbox 373 3077 504 3137; x_wconf 80' lang='lat' dir='ltr'><strong>creantis</strong></span> <span class='ocrx_word' id='word_1_265' title='bbox 529 3083 560 3136; x_wconf 90' lang='lat' dir='ltr'><strong>et</strong></span> <span class='ocrx_word' id='word_1_266' title='bbox 581 3079 810 3156; x_wconf 85' lang='lat' dir='ltr'><strong>conservantia,</strong></span> <span class='ocrx_word' id='word_1_267' title='bbox 845 3076 898 3137; x_wconf 93' lang='lat' dir='ltr'><strong>sed</strong></span> <span class='ocrx_word' id='word_1_268' title='bbox 928 3096 990 3136; x_wconf 92' lang='lat' dir='ltr'><strong>uon</strong></span> 
     </span>
     <span class='ocr_line' id='line_1_35' title="bbox 64 3159 1018 3243; baseline 0 -23"><span class='ocrx_word' id='word_1_269' title='bbox 64 3166 212 3241; x_wconf 90' lang='lat' dir='ltr'><strong>operatur</strong></span> <span class='ocrx_word' id='word_1_270' title='bbox 231 3161 263 3221; x_wconf 94' lang='lat' dir='ltr'><strong>in</strong></span> <span class='ocrx_word' id='word_1_271' title='bbox 286 3160 375 3223; x_wconf 89' lang='lat' dir='ltr'><strong>nobis</strong></span> <span class='ocrx_word' id='word_1_272' title='bbox 410 3160 475 3220; x_wconf 89' lang='lat' dir='ltr'><strong>sine</strong></span> <span class='ocrx_word' id='word_1_273' title='bbox 498 3159 597 3238; x_wconf 87' lang='lat' dir='ltr'><strong>uobis,</strong></span> <span class='ocrx_word' id='word_1_274' title='bbox 619 3170 651 3219; x_wconf 88' lang='grc' dir='ltr'><strong>ιιι</strong></span> <span class='ocrx_word' id='word_1_275' title='bbox 674 3178 751 3239; x_wconf 91' lang='lat' dir='ltr'><strong>quos</strong></span> <span class='ocrx_word' id='word_1_276' title='bbox 774 3160 886 3221; x_wconf 87' lang='lat' dir='ltr'><strong>adhoc</strong></span> <span class='ocrx_word' id='word_1_277' title='bbox 910 3178 1018 3243; x_wconf 31' lang='lat' dir='ltr'><strong>crea-¹</strong></span> 
     </span>
     <span class='ocr_line' id='line_1_36' title="bbox 63 3243 990 3326; baseline -0.001 -23"><span class='ocrx_word' id='word_1_278' title='bbox 63 3245 110 3304; x_wconf 89' lang='lat' dir='ltr'><strong>vit</strong></span> <span class='ocrx_word' id='word_1_279' title='bbox 132 3250 165 3304; x_wconf 91' lang='lat' dir='ltr'><strong>et</strong></span> <span class='ocrx_word' id='word_1_280' title='bbox 187 3246 338 3326; x_wconf 87' lang='lat' dir='ltr'><strong>servavit,</strong></span> <span class='ocrx_word' id='word_1_281' title='bbox 374 3250 406 3303; x_wconf 88' lang='grc' dir='ltr'><strong>ιιι</strong></span> <span class='ocrx_word' id='word_1_282' title='bbox 428 3243 460 3302; x_wconf 91' lang='lat' dir='ltr'><strong>iu</strong></span> <span class='ocrx_word' id='word_1_283' title='bbox 490 3243 578 3304; x_wconf 91' lang='lat' dir='ltr'><strong>nobis</strong></span> <span class='ocrx_word' id='word_1_284' title='bbox 601 3251 795 3323; x_wconf 87' lang='lat' dir='ltr'><strong>operaretur,</strong></span> <span class='ocrx_word' id='word_1_285' title='bbox 830 3250 861 3303; x_wconf 90' lang='lat' dir='ltr'><strong>et</strong></span> <span class='ocrx_word' id='word_1_286' title='bbox 883 3261 940 3303; x_wconf 87' lang='lat' dir='ltr'><strong>nos</strong></span> <span class='ocrx_word' id='word_1_287' title='bbox 963 3245 990 3302; x_wconf 94' lang='lat' dir='ltr'><strong>ei</strong></span> 
     </span>
     <span class='ocr_line' id='line_1_37' title="bbox 65 3326 990 3407; baseline -0.001 -21"><span class='ocrx_word' id='word_1_288' title='bbox 65 3344 316 3407; x_wconf 88' lang='lat' dir='ltr'><strong>cooperaremur,</strong></span> <span class='ocrx_word' id='word_1_289' title='bbox 339 3328 405 3387; x_wconf 85' lang='lat' dir='ltr'><strong>sive</strong></span> <span class='ocrx_word' id='word_1_290' title='bbox 426 3326 487 3388; x_wconf 91' lang='lat' dir='ltr'><strong>hoo</strong></span> <span class='ocrx_word' id='word_1_291' title='bbox 509 3326 563 3387; x_wconf 87' lang='lat' dir='ltr'><strong>fiat</strong></span> <span class='ocrx_word' id='word_1_292' title='bbox 583 3332 671 3387; x_wconf 87' lang='lat' dir='ltr'><strong>extra</strong></span> <span class='ocrx_word' id='word_1_293' title='bbox 692 3345 818 3405; x_wconf 84' lang='lat' dir='ltr'><strong>reguum</strong></span> <span class='ocrx_word' id='word_1_294' title='bbox 837 3345 924 3386; x_wconf 89' lang='lat' dir='ltr'><strong>suum</strong></span> <span class='ocrx_word' id='word_1_295' title='bbox 940 3345 990 3405; x_wconf 84' lang='lat' dir='ltr'><strong>ge·</strong></span> 
     </span>
     <span class='ocr_line' id='line_1_38' title="bbox 65 3409 1030 3491; baseline -0.001 -22"><span class='ocrx_word' id='word_1_296' title='bbox 65 3410 165 3470; x_wconf 87' lang='lat' dir='ltr'><strong>nernli</strong></span> <span class='ocrx_word' id='word_1_297' title='bbox 187 3411 421 3491; x_wconf 90' lang='lat' dir='ltr'><strong>omnipotentia,</strong></span> <span class='ocrx_word' id='word_1_298' title='bbox 443 3411 508 3471; x_wconf 91' lang='lat' dir='ltr'><strong>sive</strong></span> <span class='ocrx_word' id='word_1_299' title='bbox 529 3411 609 3470; x_wconf 85' lang='lat' dir='ltr'><strong>intre</strong></span> <span class='ocrx_word' id='word_1_300' title='bbox 629 3428 758 3488; x_wconf 84' lang='lat' dir='ltr'><strong>reguum</strong></span> <span class='ocrx_word' id='word_1_301' title='bbox 780 3428 867 3469; x_wconf 87' lang='lat' dir='ltr'><strong>suurn</strong></span> <span class='ocrx_word' id='word_1_302' title='bbox 890 3409 991 3488; x_wconf 83' lang='lat' dir='ltr'><strong>singu·</strong></span> <span class='ocrx_word' id='word_1_303' title='bbox 1027 3450 1030 3455; x_wconf 89' lang='lat'><em>-</em></span> 
     </span>
     <span class='ocr_line' id='line_1_39' title="bbox 65 3493 843 3575; baseline 0 -23"><span class='ocrx_word' id='word_1_304' title='bbox 65 3493 120 3553; x_wconf 85' lang='lat' dir='ltr'><strong>lari</strong></span> <span class='ocrx_word' id='word_1_305' title='bbox 145 3494 256 3554; x_wconf 90' lang='lat' dir='ltr'><strong>virtute</strong></span> <span class='ocrx_word' id='word_1_306' title='bbox 278 3495 400 3575; x_wconf 90' lang='lat' dir='ltr'><strong>spiritus</strong></span> <span class='ocrx_word' id='word_1_307' title='bbox 423 3495 480 3555; x_wconf 90' lang='lat' dir='ltr'><strong>sui.</strong></span> <span class='ocrx_word' id='word_1_308' title='bbox 833 3508 843 3535; x_wconf 71' lang='lat'>⁸</span> 
     </span>
     <span class='ocr_line' id='line_1_40' title="bbox 150 3575 990 3657; baseline -0.005 -20"><span class='ocrx_word' id='word_1_309' title='bbox 150 3575 203 3640; x_wconf 82' lang='lat' dir='ltr'><strong>Sic</strong></span> <span class='ocrx_word' id='word_1_310' title='bbox 226 3578 371 3657; x_wconf 91' lang='lat' dir='ltr'><strong>deinceps</strong></span> <span class='ocrx_word' id='word_1_311' title='bbox 395 3575 540 3639; x_wconf 87' lang='lat' dir='ltr'><strong>dicimus:</strong></span> <span class='ocrx_word' id='word_1_312' title='bbox 572 3575 690 3655; x_wconf 89' lang='lat' dir='ltr'><strong>Homo,</strong></span> <span class='ocrx_word' id='word_1_313' title='bbox 714 3582 877 3654; x_wconf 88' lang='lat' dir='ltr'><strong>autequam</strong></span> <span class='ocrx_word' id='word_1_314' title='bbox 900 3592 990 3634; x_wconf 89' lang='lat' dir='ltr'><strong>reno·</strong></span> 
     </span>
     <span class='ocr_line' id='line_1_41' title="bbox 18 3657 990 3743; baseline -0.003 -23"><span class='ocrx_word' id='word_1_315' title='bbox 18 3736 22 3743; x_wconf 30' lang='lat'>¹</span> <span class='ocrx_word' id='word_1_316' title='bbox 65 3666 154 3720; x_wconf 86' lang='lat' dir='ltr'><strong>vetur</strong></span> <span class='ocrx_word' id='word_1_317' title='bbox 176 3662 206 3721; x_wconf 93' lang='lat' dir='ltr'><strong>in</strong></span> <span class='ocrx_word' id='word_1_318' title='bbox 229 3681 342 3723; x_wconf 90' lang='lat' dir='ltr'><strong>novam</strong></span> <span class='ocrx_word' id='word_1_319' title='bbox 365 3667 535 3721; x_wconf 86' lang='lat' dir='ltr'><strong>creaturam</strong></span> <span class='ocrx_word' id='word_1_320' title='bbox 559 3660 645 3740; x_wconf 88' lang='lat' dir='ltr'><strong>regni</strong></span> <span class='ocrx_word' id='word_1_321' title='bbox 657 3660 790 3740; x_wconf 86' lang='lat' dir='ltr'><strong>spiritus,</strong></span> <span class='ocrx_word' id='word_1_322' title='bbox 813 3657 990 3737; x_wconf 87' lang='lat' dir='ltr'><strong>nihilfecit,</strong></span> 
     </span>
     <span class='ocr_line' id='line_1_42' title="bbox 66 3743 992 3826; baseline -0.001 -24"><span class='ocrx_word' id='word_1_323' title='bbox 66 3744 141 3805; x_wconf 88' lang='lat' dir='ltr'><strong>nihil</strong></span> <span class='ocrx_word' id='word_1_324' title='bbox 163 3755 301 3826; x_wconf 83' lang='lat' dir='ltr'><strong>conatur,</strong></span> <span class='ocrx_word' id='word_1_325' title='bbox 327 3763 388 3824; x_wconf 92' lang='lat' dir='ltr'><strong>quo</strong></span> <span class='ocrx_word' id='word_1_326' title='bbox 413 3750 536 3824; x_wconf 91' lang='lat' dir='ltr'><strong>paretur</strong></span> <span class='ocrx_word' id='word_1_327' title='bbox 557 3743 596 3804; x_wconf 92' lang='lat' dir='ltr'><strong>ad</strong></span> <span class='ocrx_word' id='word_1_328' title='bbox 620 3763 688 3803; x_wconf 91' lang='lat' dir='ltr'><strong>eam</strong></span> <span class='ocrx_word' id='word_1_329' title='bbox 711 3743 945 3804; x_wconf 89' lang='lat' dir='ltr'><strong>renovationem</strong></span> <span class='ocrx_word' id='word_1_330' title='bbox 960 3748 992 3801; x_wconf 87' lang='lat' dir='ltr'><strong>et</strong></span> 
     </span>
    </p>
   </div>
   <div class='ocr_carea' id='block_1_5' title="bbox 0 0 1178 4162">
    <p class='ocr_par' dir='ltr' id='par_1_5' title="bbox 0 0 1178 4162">
     <span class='ocr_line' id='line_1_43' title="bbox 0 0 1178 4162; baseline 0 0"><span class='ocrx_word' id='word_1_331' title='bbox 0 0 1178 4162; x_wconf 95' lang='lat' dir='ltr'><strong> </strong></span> 
     </span>
    </p>
   </div>
  </div>
 </body>
</html>
