2348 4162
192 236 255 311 276
437 235 480 302 De
497 256 578 302 servo
598 242 712 300 arbitrio
730 236 765 299 D.
782 237 818 300 u.
836 236 867 300 t.

195 417 250 476 mis
274 391 400 475 dueibus
424 420 454 475 et
475 413 631 475 autoribus
656 414 848 475 Christianae
876 413 1052 492 doetrinae,
1085 411 1117 493 iq

194 517 254 579 qua
272 497 386 578 pendet
407 499 576 558 animarum
600 497 704 558 salus?
726 498 904 578 praesertim
928 496 980 557 ubi
1003 514 1042 557 ee
1065 494 1117 556 do-

94 602 96 607 ’
195 588 275 656 nent,
299 599 377 659 quae
400 587 470 641 sunt
492 583 595 661 oapita
625 580 706 645 fidei.
750 579 811 643 Sed
835 581 895 641 ista
917 580 1031 640 deoent
1052 595 1117 656 eos,

195 666 245 744 qui
270 663 432 744 seripturis
456 662 566 724 divinis
589 665 669 724 serio
692 683 754 724 non
777 661 959 728 alliciuntur.

277 747 352 808 lllud
377 765 451 807 vero
476 746 657 828 Malaehiae‚
681 746 763 826 quod
785 745 900 808 Paulus
923 746 1050 806 attexit:
1073 744 1117 806 la·

195 831 253 891 aob
276 830 386 909 dilexi,
419 830 502 890 Esau
525 836 626 890 autem
650 830 722 891 odio
755 829 865 911 habui,
898 829 1009 910 triplioi
1030 825 1118 888 indu·

195 915 268 974 stria
290 915 414 992 torquet
429 912 473 996 ¹).
517 913 616 973 Prima
638 921 699 973 est:
722 911 755 973 si
776 912 895 973 literam
917 918 1030 994 urgeas
1054 910 1118 992 (in-

196 998 291 1079 quit),
315 997 398 1056 Deus
420 1015 483 1056 non
497 1004 590 1074 amat,
613 1015 652 1075 qu
674 995 870 1057 madmodum
893 1012 951 1056 nos
966 1012 1119 1075 amamus,

196 1097 255 1140 neo
276 1078 342 1139 odit
365 1097 548 1158 quenquam,
570 1099 638 1140 eum
655 1017 692 1140 ln
706 1079 803 1140 Deum
821 1096 883 1140 non
897 1077 1011 1139 eadent
1028 1075 1120 1139 offae

196 1171 243 1223 tus
265 1161 448 1224 huiusmodi.

278 1242 357 1319 Quid
389 1243 501 1306 audio?
543 1245 591 1305 An
635 1264 717 1306 nune
753 1246 925 1325 quaeritur,
959 1242 1118 1325 quomodo

197 1327 280 1388 Deus
305 1335 387 1388 amet
409 1334 441 1389 et
462 1328 563 1405 odiat,
586 1347 623 1393 ae
645 1347 707 1390 non
719 1326 747 1411 ²)
770 1329 883 1409 potius,
907 1346 961 1388 our
982 1331 1066 1388 amet
1089 1331 1120 1386 et

197 1409 303 1471 odiat?
327 1429 388 1491 quo
412 1412 519 1472 merito
541 1420 648 1473 nostro
671 1418 818 1473 ametaut
835 1410 929 1492 odiat,
953 1411 1118 1491 quaeritur.

196 1492 325 1553 Pulchre
359 1495 488 1573 seimus,
517 1494 599 1574 quod
633 1496 718 1556 Deus
751 1513 813 1556 non
846 1500 928 1555 amat
961 1500 1016 1554 aut
1042 1491 1118 1572 odit,

197 1576 455 1655 quemadmodum
481 1596 556 1657 nos,
594 1578 745 1658 siquidem
784 1596 841 1639 nos
875 1576 1062 1638 mutabiliter
1088 1582 1119 1636 et

197 1680 335 1721 amamus
369 1669 400 1721 et
422 1660 561 1737 odimus,
590 1661 642 1722 ille
664 1669 789 1723 aeterna
811 1668 842 1721 et
863 1659 1045 1721 immutabili
1067 1677 1118 1720 na·

196 1750 264 1803 tura
285 1751 368 1804 amat
389 1750 419 1803 et
440 1743 514 1825 odit,
537 1746 583 1805 sie
604 1763 665 1806 uon
681 1745 796 1806 eadunt
817 1745 848 1805 in
870 1744 955 1805 illum
978 1741 1118 1805 aedideu·

196 1828 239 1887 tia
260 1835 291 1886 et
312 1826 448 1889 affectus.

280 1909 382 1987 Atque
404 1910 464 1971 hoo
485 1912 584 1991 ipsum
607 1918 668 1988 est,
700 1909 782 1990 quod
813 1910 940 1972 liberum
962 1908 1118 1969 arbitrium

197 1993 281 2073 aegit
303 1992 376 2052 nihil
400 2012 487 2073 esse,
521 1993 604 2073 quod
626 2002 767 2055 aeternus
791 1998 822 2053 et
854 1992 1053 2054 immutabilia
1080 1991 1119 2052 sit

197 2093 294 2154 amor,
318 2081 476 2137 aeternum
499 2077 603 2138 odium
617 2078 673 2138 Dei
690 2095 764 2158 erga
777 2076 927 2155 homiues,
952 2083 1116 2159 antequam

197 2159 328 2218 mundus
361 2158 464 2237 fieret,
498 2179 559 2220 non
588 2160 688 2221 solum
722 2167 794 2221 ante
816 2161 955 2221 meritum
988 2164 1117 2238 etopus

197 2241 283 2302 liberi
305 2241 436 2323 arbitrii,
471 2245 636 2323 omniaque
667 2244 844 2304 necessario
870 2244 902 2303 in
930 2241 1020 2305 nobis
1043 2240 1116 2316 fieri,

196 2325 364 2385 seeundum
398 2326 479 2405 quod
506 2325 558 2386 ille
598 2327 647 2387 vel
678 2334 761 2387 amat
793 2327 842 2386 vel
874 2345 936 2387 non
963 2334 1048 2387 amat
1079 2323 1116 2385 ab

198 2416 334 2487 aeterno,
358 2416 474 2470 utnon
497 2410 596 2470 solum
620 2429 706 2470 amor
724 2410 792 2488 Dei,
814 2409 869 2470 sed
893 2411 984 2471 etiam
1008 2406 1117 2470 modus

198 2492 322 2552 amandi
344 2494 558 2554 nenessitatem
581 2492 670 2554 nobis
692 2493 812 2572 inferat,
834 2500 867 2552 ut
889 2493 1004 2572 videas,
1028 2509 1116 2571 quam

197 2577 316 2656 prosint
339 2575 487 2637 diatribae
510 2596 566 2637 sua
589 2575 717 2656 effugia,
754 2581 786 2636 ut
812 2576 923 2656 ubique
946 2576 1046 2656 magis
1067 2576 1117 2642 im·

197 2661 314 2738 pingat,
337 2675 397 2737 quo
421 2660 518 2740 magis
542 2659 673 2720 evadere
695 2661 808 2740 nititur,
831 2658 910 2720 adeo
932 2677 996 2720 uon
1016 2676 1117 2719 suoee·

199 2740 242 2802 dit
263 2743 383 2802 veritati
405 2742 556 2806 reluctari.
602 2742 662 2804 Sed
686 2751 770 2824 esto,
803 2743 905 2803 valeat
925 2741 981 2804 tibi
1004 2748 1118 2822 tropus,

199 2831 232 2885 ut
253 2843 340 2884 amor
360 2823 421 2885 Dei
443 2828 482 2886 sit
503 2824 629 2886 effeetus
658 2827 786 2905 amoris,
819 2834 851 2886 et
877 2825 981 2886 odium
1002 2825 1060 2886 Dei
1082 2825 1119 2884 eit

198 2906 324 2967 effeetus
348 2907 419 2984 odii,
451 2907 588 2988 nunquid
622 2908 666 2969 illi
689 2909 816 2970 effeetus
840 2911 916 2969 eitra
944 2914 976 2970 et
998 2916 1119 2990 praeter

198 2991 387 3051 voluntatem
408 2992 465 3051 Dei
487 2991 587 3052 liunt?
632 3000 676 3053 An
701 2993 750 3071 hie
772 2994 863 3053 etiam
888 2992 989 3071 diaes,
1022 2991 1117 3053 Deum

198 3091 260 3133 uon
286 3072 364 3133 velle
386 3074 645 3154 quemadmodum
668 3093 737 3156 nos,
760 3095 817 3136 neo
834 3075 977 3136 aflectum
996 3072 1118 3136 volendi

135 3182 141 3196 ·
198 3156 229 3216 in
250 3156 336 3217 illum
359 3158 493 3218 eadere?
536 3158 567 3220 st
600 3158 677 3220 fiunt
703 3160 796 3240 igitur
816 3158 944 3220 effeetus
967 3158 1028 3240 illi,
1059 3175 1118 3219 nou

199 3240 256 3299 nisi
279 3239 401 3301 volente
424 3241 494 3302 Deo
517 3242 602 3305 fiunt.
645 3240 711 3303 Iam
735 3240 818 3322 quod
841 3242 905 3303 vult
927 3242 1029 3323 Deus,
1062 3241 1119 3303 hoo

199 3329 252 3383 aut
285 3330 367 3384 amat
392 3331 445 3385 aut
475 3324 547 3387 odit.
591 3325 758 3407 Responde
787 3327 891 3407 igitur,
927 3344 990 3407 quo
1014 3326 1119 3388 merito

201 3511 619 3526 Q...-

271 3611 301 3681 1)
324 3613 355 3667 ln
374 3615 417 3668 ed.
436 3613 492 3670 Ian.
511 3613 556 3669 hio
573 3612 692 3685 margini
718 3614 880 3685 inseriptum
899 3619 956 3671 est:
981 3614 1118 3673 Erasrm

199 3680 228 3750 2)
249 3682 280 3737 ln
298 3684 342 3740 ed.
363 3686 432 3742 1526
452 3687 543 3742 deest:
562 3701 630 3755 nom
658 3701 710 3742 nos
734 3684 788 3744 hoe
807 3683 974 3745 vocabulum
994 3688 1118 3760 repetivi·

199 3768 260 3810 mus
278 3770 312 3811 ex
330 3755 372 3811 sd.
392 3759 462 3816 1525
481 3763 510 3815 et
527 3756 572 3816 ed.
590 3758 647 3814 Ieu.
