2348 4162
205 242 251 311 76
533 245 827 302 massonus

205 416 381 499 allegorias.
422 417 526 498 Atque
547 417 626 479 haee
646 417 711 480 iere
731 418 876 499 Origenis
896 426 929 482 et
948 417 1129 498 Hieronymi

204 502 361 562 sententia
393 509 495 563 estet
522 500 651 562 aliorum
680 501 853 563 multorum.
909 503 1023 563 Verum
1044 501 1130 563 Ghri·

200 590 271 646 stus
291 584 401 647 lobon.
422 588 452 649 5.
475 583 564 646 aliter
583 587 698 665 sentit,
727 587 773 646 sio
793 588 874 645 enim
896 587 1008 666 inquit:
1038 583 1129 647 floru-

203 668 312 729 morini
338 668 533 748 Scripturas,
563 667 635 728 illae
663 669 745 730 enim
776 669 817 729 de
838 688 887 730 me
915 674 1076 743 testantur,
1096 672 1130 729 et

203 751 318 813 Paulus
340 758 447 812 monet
466 750 682 832 Timotheum,
710 758 743 812 ut
763 753 804 812 sit
824 751 948 814 sedulus
968 769 1127 812 sacrorum

202 833 360 897 literarum
383 834 502 915 leetor,
524 834 614 894 etad
636 835 726 898 Rom.
750 836 779 899 1.
812 835 961 916 gloriatur
983 834 1128 914 Evange-

203 917 276 979 lium
315 918 346 977 in
368 916 531 997 Scripturis
558 936 578 976 a
600 917 666 978 [leo
693 920 878 996 promissum
911 937 991 981 esse.
1043 913 1126 978 Item

111 1066 114 1071 ,
202 1003 231 1066 1.
253 998 390 1063 corinth.
415 1004 462 1065 15.
485 1001 559 1062 dicit
567 1047 578 1080 ,
601 1001 777 1079 Christum,
805 1005 885 1062 siout
911 1003 942 1061 iu
967 1000 1127 1080 Soripturs

202 1082 393 1165 praediolum
416 1091 473 1161 est,
494 1104 535 1145 ex
555 1085 673 1144 semine
686 1084 812 1144 Davidis
833 1090 949 1157 natum,
972 1090 1125 1144 mortuum

203 1185 274 1229 asse
302 1173 334 1226 et
361 1169 574 1228 resurrexisse.
631 1165 673 1226 Et
703 1167 813 1228 Petrus
850 1185 975 1246 quoque
1003 1168 1126 1246 saepius

203 1250 352 1311 lectorem
372 1248 412 1310 ad
429 1248 615 1332 Scriptorum
638 1252 772 1310 remittit.
807 1250 929 1311 Dooent
948 1252 1053 1310 sutem
1067 1267 1124 1310 nos

204 1350 314 1394 omnes
335 1331 366 1391 bi
388 1332 468 1413 looi,
490 1352 582 1413 quam
604 1352 668 1394 nou
690 1332 908 1394 contemnendi
930 1333 992 1392 sint
1012 1333 1126 1393 veteris

202 1415 393 1477 Testamenti
418 1415 508 1496 libri,
534 1415 589 1476 sed
617 1415 701 1496 quod
724 1435 845 1477 summo
868 1415 970 1476 studio
1003 1415 1067 1475 sint
1087 1414 1125 1476 ls-

202 1497 306 1580 geudi,
328 1516 397 1558 oum
419 1499 477 1579 ipsi
499 1499 632 1578 apostoli
659 1500 834 1559 testimonia
865 1517 941 1558 suae
963 1496 1122 1561 dootriuus

204 1600 245 1643 ex
266 1581 361 1643 veteri
383 1581 583 1643 Testameuto
609 1589 770 1643 aosersant
791 1583 934 1661 illiusque
955 1581 1121 1643 sutoritets
1146 1588 1149 1593 '

204 1663 406 1746 Evangelium
445 1664 637 1727 confirment.
689 1663 774 1726 Siout
801 1664 832 1727 S.
866 1665 964 1726 huoas
998 1682 1121 1744 quoque

203 1747 328 1827 sorihit,
350 1751 420 1813 Aut.
449 1752 509 1827 17,
542 1748 624 1828 quod
657 1747 952 1810 Thessalonicenses
983 1747 1123 1826 quotidie

202 1831 419 1893 sorutabsntur
449 1830 641 1911 Scripturas,
668 1851 739 1893 num
774 1851 843 1891 oum
872 1830 957 1891 Pauli
984 1830 1125 1891 dootrins

203 1913 413 1975 eonvenirent.
455 1913 559 1994 Magni
591 1915 683 1994 igitur
711 1914 893 1975 aestimandi
921 1922 993 1974 sunt
1013 1912 1124 1975 veteris

204 1996 392 2058 Testamenti
409 1995 487 2076 libri,
509 1995 591 2077 quod
613 1998 674 2057 sint
697 2015 755 2057 seu
776 1997 1006 2057 fundamentum
1029 1994 1124 2076 quod·

203 2079 285 2159 dam,
308 2098 369 2159 quo
391 2076 512 2140 novum'
525 2080 754 2141 Testamentum
777 2081 897 2156 nititur,
927 2079 1007 2140 unde
1041 2085 1125 2139 oerta

203 2169 384 2243 argumenta
406 2164 477 2224 novi
493 2163 681 2225 Testamenti
702 2165 765 2244 pati
786 2164 915 2243 possint.
947 2161 987 2222 lut
1008 2180 1122 2223 novum

202 2245 432 2307 Testamentum
456 2245 527 2325 quid
551 2265 667 2327 quaeso
686 2246 771 2307 ‘aliud
796 2250 867 2325 est,
904 2264 995 2325 quam
1018 2251 1125 2325 aperto

203 2327 353 2409 quaedam
377 2328 566 2409 praedieatio
589 2332 806 2390 sententiarum
833 2337 863 2389 et
884 2329 1123 2409 promissionum

204 2412 542 2556 vleteris,Testamenti,
575 2431 654 2493 quae
689 2433 745 2498 per
773 2412 924 2474 Christum
946 2416 1018 2472 sunt
1040 2428 1125 2473 oom-

237 2503 306 2558 etae
1001 2535 1007 2545 -

203 2515 223 2578 p
286 2578 378 2639 Volui
407 2578 498 2660 igitur
529 2577 662 2640 breviter
695 2579 725 2639 in
756 2577 850 2639 libros
886 2576 998 2637 veteris
1019 2575 1124 2638 Testa·

205 2662 298 2724 menti
335 2662 487 2742 praefari,
521 2668 552 2722 ut
580 2660 815 2741 simplicioribus
856 2659 936 2722 viam
970 2660 1124 2739 quandem

204 2746 375 2826 aperirem,
403 2762 493 2823 quam
522 2745 619 2805 seouti
653 2746 770 2805 maiore
792 2763 859 2804 oum
881 2742 980 2804 fructu
1013 2742 1072 2805 hos
1093 2742 1125 2803 li·

207 2827 279 2890 bros
303 2826 450 2908 legerent.
500 2827 546 2886 Ao
578 2828 729 2908 principio
759 2826 880 2906 quidem
909 2843 1018 2886 omues
1057 2826 1126 2906 pios

204 2910 367 2992 diligenter
387 2907 564 2972 admonitos
586 2910 746 2990 volo,-ue
768 2908 961 2971 offenduntur
983 2909 1126 2990 simpliei-

206 2999 269 3055 tste
289 2993 462 3070 orationis,
496 2993 567 3054 item
591 2991 730 3055 absurdis
761 2993 792 3053 in
822 2992 957 3072 speeiem
980 2990 1127 3072 historiis,

205 3096 285 3158 quas
306 3077 429 3156 saepius
450 3075 559 3138 leuiori
582 3082 753 3138 ooourrent.
784 3075 943 3137 Sintenim
967 3081 1126 3154 quantum-

204 3161 251 3222 vis
273 3160 424 3240 simplicia
445 3165 476 3220 et
498 3159 605 3236 stulta,
628 3178 708 3240 quae
729 3159 779 3219 hio
801 3157 989 3235 scribuntur,
1023 3166 1126 3222 tamen

206 3251 275 3303 sunt
298 3243 419 3303 divinae
442 3243 632 3320 maiestatis,
660 3242 817 3322 potentiae
836 3247 867 3300 et
888 3240 1060 3319 sapientiae
1081 3240 1126 3301 di·

205 3327 296 3388 vinae
318 3326 429 3404 verba,
458 3344 575 3406 opera,
613 3324 727 3386 iudicis
749 3332 780 3386 et
812 3325 902 3384 iaota.
945 3320 1013 3384 Hie
1047 3324 1128 3384 euim

205 3409 276 3472 illae
298 3416 368 3470 sunt
391 3409 496 3470 literae
509 3456 517 3488 ,
541 3427 620 3488 quse
643 3427 682 3468 ex
705 3407 893 3497 sapientibus
921 3413 952 3467 et
973 3407 1129 3486 prudenti·

206 3492 262 3555 bus
285 3492 394 3553 stultos
415 3492 545 3567 iaoiunt,
568 3510 644 3571 quas
667 3510 727 3552 non
752 3492 810 3552 nisi
844 3490 960 3572 parvuli
991 3499 1023 3549 et
1043 3490 1129 3551 stulti

206 3583 418 3655 assequuntur,
429 3572 1128 3655 sioutchristusquoquehlatth.11.Ergooum

207 3657 264 3720 hos
277 3657 370 3720 libros
383 3657 469 3738 legis,
484 3676 546 3720 oon
558 3665 641 3719 tuum
653 3656 798 3718 iudioium
811 3674 869 3717 neo
881 3656 1033 3719 rationem
1044 3663 1131 3720 tuam

207 3741 359 3820 sequeris,
392 3740 447 3802 sed
469 3742 513 3802 sio
534 3741 664 3818 senties,
686 3748 717 3801 te
747 3741 881 3802 omnium
917 3739 1070 3801 maximas
1091 3758 1131 3800 so
