2348 4162
342 223 371 277 et
390 210 533 279 doetrinae
550 220 713 292 papistioae.
961 221 1002 290 23

164 390 313 472 Loquitur
339 391 419 453 enim
448 390 486 452 de
508 391 669 473 tyrannide
691 391 929 456 abominationis
951 386 1003 476 pa*-

79 474 172 554 palis,
195 481 226 536 et
248 474 452 562 longelalite‘r
472 475 617 555 loquitur,
640 495 731 556 quam
750 478 781 556 ii,
804 478 854 557 qui
877 486 1003 539 eonten-

81 556 174 638 dunt,
208 577 269 619 non
293 578 362 619 esse
385 562 535 638 perpetuo
563 560 593 619 in
617 559 765 638 Papatum
788 560 1001 622 invehendum.
1104 572 1108 579 '

81 641 166 701 Dioit
191 643 287 704 enim:
322 640 565 722 Duplioate’illi‚
597 643 714 703 reddite
737 643 765 703 ei
799 643 922 724 duplum
945 652 1003 705 eto.

79 724 193 784 volens
214 725 331 786 seilicet
359 725 419 787 hae
441 725 655 786 exhortatione
678 725 802 788 sedulos
823 746 881 788 nos
902 728 1004 788 faeere

80 813 113 867 et
135 807 276 869 assiduos
298 809 329 869 in
353 808 524 888 torquenda
547 818 577 870 et
599 809 749 870 vastanda
768 807 1004 872 abominatione
1097 822 1100 828 ’

79 891 152 953 ista.

167 972 244 1034 Cum
266 978 367 1034 autem
391 979 501 1055 elego
525 975 581 1034 sim
604 994 682 1035 unus
705 975 743 1035 de
765 975 938 1057 Antipapis‚
960 996 1004 1038 re-

78 1056 239 1118 velatione
261 1056 364 1118 divina
386 1057 424 1133 ad
446 1058 509 1118 hoo
528 1067 672 1138 vooatus,
701 1065 734 1119 ut
754 1058 915 1140 dissipem,
939 1079 1004 1140 per·

80 1139 155 1200 dam
179 1146 211 1200 et
232 1139 385 1201 destruam
403 1160 530 1220 regnum
547 1140 620 1201 illud
636 1136 870 1223 maledietibnis,
895 1142 1005 1224 cupide

80 1230 113 1284 et
141 1223 272 1293 libenter
303 1242 340 1283 eo
371 1223 481 1304 fungor
511 1224 631 1305 oflioio,
666 1227 744 1285 siout
765 1225 914 1287 haetenus
937 1227 1004 1289 leoi.
1059 1285 1062 1288 ι

79 1304 159 1368 Ideo
183 1306 274 1368 statui
296 1305 378 1367 hune
399 1305 595 1386 Sermonem,
618 1327 671 1367 seu
693 1316 869 1388 portentum
892 1311 1005 1390 potius,

78 1392 112 1450 in
133 1387 291 1470 publicum
314 1389 419 1467 edere,
454 1397 485 1451 et
510 1392 540 1451 in
563 1391 672 1451 faeiem
695 1393 802 1452 sistere
822 1393 1007 1472 impudenti·

78 1472 139 1534 bus
161 1472 221 1533 illis
243 1473 393 1534 frontibus
423 1480 454 1534 et
474 1474 688 1534 inverecundis
710 1474 845 1536 iaoiebus
867 1474 1005 1557 Papista·

79 1575 160 1620 rum.
203 1554 263 1631 Qui
286 1576 354 1617 oum
382 1562 477 1617 totam
501 1556 662 1617 eoolesiam
685 1559 835 1639 eiusmodi
855 1560 1006 1639 portentis

78 1639 268 1720 repleverint
301 1641 422 1718 sintque
453 1641 518 1700 e'ius
545 1639 782 1701 abominationis
810 1642 911 1722 palam
934 1661 1005 1704 oon·

81 1723 172 1801 vinti,
199 1724 307 1794 ,tamen
339 1723 418 1784 adeo
446 1730 517 1783 snut
539 1722 633 1783 durae
657 1725 784 1784 eerviois
806 1730 837 1786 et
858 1725 1006 1804 impoeni·
1075 1753 1077 1758 ·

81 1807 177 1866 tentis
206 1805 325 1885 eordis,
362 1813 453 1866 uteo
481 1824 541 1866 non
566 1805 660 1867 modo
693 1807 792 1868 nolint
825 1826 1006 1889 agnoscere,

84 1888 225 1951 confiteri
248 1896 278 1948 et
300 1882 475 1965 emendare,
498 1888 552 1949 sed
575 1892 716 1950 studeant
737 1891 828 1951 etiam
852 1892 1007 1953 oeoultare
1071 1944 1072 1948 ,

83 1979 115 2034 et
138 1977 262 2052 tegere,
285 1971 453 2033 deindese
474 1973 559 2052 ipsos
582 1991 692 2034 ornare
713 1980 744 2033 et
765 1973 883 2050 colere,
907 1973 1007 2035 doneo

84 2053 146 2136 (uti
167 2054 309 2136 sperant)
342 2054 444 2135 adepti
474 2062 608 2115 veterem
636 2061 667 2116 et
688 2057 846 2136 pristinam
870 2058 1006 2138 speeiem

15 2198 18 2207 ,
84 2138 310 2200 sanctimoniae
341 2156 445 2200 rursus
468 2137 575 2199 eadem
607 2144 744 2200 monatra
766 2160 821 2220 per
842 2140 1005 2202 eeclesiam
1055 2210 1072 2217 ..

84 2221 205 2302 erigant
227 2226 258 2281 et
279 2225 424 2282 statuant.

168 2302 324 2384 Oogemus
345 2305 450 2383 itaque
472 2323 527 2364 eos
549 2303 653 2377 videre
675 2323 730 2364 sua
752 2311 902 2383 monstra,
923 2323 1008 2366 reve·
1047 2333 1051 2344 =

84 2385 279 2466 labimusque
308 2386 510 2467 turpitudines
541 2391 572 2448 et
600 2383 744 2468 pudenda
770 2406 892 2464 eornm,
924 2396 955 2449 at
976 2393 1010 2449 ut
1031 2437 1044 2452 ..

85 2469 242 2550 Propheta
263 2469 350 2530 dieit:
373 2470 571 2536 Proiioiemus
592 2473 622 2530 in
645 2471 739 2531 lanies
761 2490 866 2532 eorum
890 2477 1009 2530 stereus

85 2552 305 2615 solennitatum
328 2555 481 2632 ipsorum,
515 2558 632 2613 uttam
664 2553 752 2613 huius
781 2573 872 2634 quam
894 2553 1010 2632 posteri

86 2636 183 2697 sonuli
210 2635 352 2697 homines
393 2635 533 2712 videant,
572 2642 603 2696 et
635 2641 784 2715 perpetuo
817 2636 1011 2695 meminerint

88 2718 177 2779 huius
200 2725 386 2799 purpuratae
414 2718 582 2779 meretricis
618 2724 662 2798 et,
692 2736 760 2778 eum
783 2716 925 2798 viderint,
943 2737 1010 2799 per-

87 2802 167 2863 lecto
191 2801 264 2863 odio
289 2794 418 2879 oderint,
442 2808 471 2862 et
485 2802 655 2862 ooniunoti
667 2801 775 2862 studiis
787 2799 1010 2876 abominandas
1097 2830 1107 2845 .

87 2884 307 2962 lornioationaa
330 2886 394 2944 eius
417 2884 605 2945 detestentur
627 2903 664 2944 aa
685 2891 914 2964 persequantur.

172 2966 230 3027 Est
250 2972 353 3027 autem
376 2962 426 3026 hie
448 2986 549 3028 sermo
572 2967 741 3046 aquodam
760 2969 861 3048 magni
877 2967 1010 3033 nominis

89 3049 316 3111 Dominieastro
349 3051 379 3110 in
414 3050 566 3111 ooenobio
592 3049 726 3129 quodam
756 3050 845 3110 huius
877 3051 1011 3130 regionis

90 3133 268 3194 miserrimis
288 3132 347 3192 illis
368 3133 496 3212 puellis,
519 3151 595 3212 quae
617 3133 745 3194 Nonnas
769 3152 926 3207 vooamus,
948 3152 1010 3193 non

90 3215 186 3277 multo
222 3220 293 3276 aute
320 3215 378 3275 hoe
408 3214 474 3275 dies
502 3216 697 3296 praedicatus
729 3215 768 3275 ad
796 3215 1012 3277 commendan-

59 3350 63 3355 .
90 3296 160 3359 dum
182 3297 362 3359 Nonnarum
384 3299 554 3359 institutum
587 3304 618 3358 et
638 3318 735 3379 usque
764 3294 1012 3359 admiraeulu'm

90 3399 108 3440 a
134 3381 253 3442 eunetis
281 3379 423 3442 laudatus
431 3429 440 3461 ,
474 3381 605 3461 denique
633 3382 771 3443 sertatim
803 3381 841 3441 ab
872 3380 1013 3442 omnibus

37 3469 40 3477 '
92 3463 173 3524 velut
194 3465 376 3525 sacerrimus
398 3464 558 3526 thesaurus
582 3462 698 3525 tantum
729 3483 791 3525 non
817 3463 961 3525 adoratus
984 3469 1016 3523 et
1070 3472 1076 3484 ¹

91 3545 169 3608 inter
190 3565 295 3607 saeros
310 3547 453 3626 reliquias
477 3546 662 3626 reconditus,
685 3547 756 3608 lieet
768 3548 807 3607 sit
818 3546 1014 3624 frustillatim,

92 3633 125 3689 ut
145 3636 284 3711 apparet,
307 3649 347 3690 ex
361 3649 414 3691 ore
434 3630 565 3690 dicentis
582 3636 754 3709 exeerptue.
777 3627 813 3690 In
831 3648 893 3710 quo
909 3628 1015 3690 videre
1124 3665 1127 3668 <

93 3710 164 3775 lieet
191 3713 364 3798 papistioae
391 3712 567 3802 theologiae
600 3713 721 3801 insigne
751 3713 946 3806 exemplum,
983 3717 1015 3777 et
