2348 4162
310 240 401 299 amico
419 241 529 299 cuidam
547 242 749 315 praescriptae·
926 242 989 309 403

88 408 219 489 ropriae.
251 409 311 473 Hic
332 413 442 494 pascit,
463 412 494 473 id
518 418 574 493 est,
597 431 672 475 oves
694 419 781 476 curat
802 419 834 474 et
854 412 991 476 defendit

88 508 162 572 sque
183 491 224 553 ad
248 500 388 560 mortem.
491 520 498 531 ⁴
727 520 731 531 ¹

148 572 234 637 Haeo
255 585 326 639 sunt
351 580 410 640 tria
438 577 542 640 officia
567 578 640 641 boni
671 579 817 661 pastoris,
850 598 990 660 pascere,

88 658 153 736 reri,
175 676 291 743 curare,
313 661 345 723 id
369 668 425 744 est,
448 680 573 742 sanare·
590 663 723 743 mederi,
746 681 908 742 quaerere,
937 683 990 725 un·

88 759 146 819 erc,
170 742 288 823 fovere,
309 751 433 826 portare
456 747 552 824 ete.¹)

147 825 236 886 Hunc
257 837 414 908 pastorem
436 831 592 891 imitantur
613 847 721 891 omnes
743 830 808 890 veri
832 828 988 910 praedica-

88 926 157 987 trea,
179 928 252 970 nem
273 917 305 973 et
325 913 462 994 ipsorum
485 919 556 974 sunt
578 931 653 974 oves
665 914 819 994 propriae,
841 920 987 992 tauquam

88 990 203 1053 tembra
224 1012 281 1055 sua
301 995 333 1057 in
357 994 479 1057 Christo
501 1003 560 1061 etc.

144 1073 306 1159 Secundo,
335 1081 539 1140 mercenarius
567 1080 687 1159 quaerit
706 1099 795 1160 ¹quae
824 1098 881 1139 sua
908 1085 988 1156 sunt,

88 1176 151 1238 pes,
184 1159 327 1241 gloriam,
361 1162 508 1225 favorem.
557 1163 686 1225 Etiamsi
719 1169 827 1243 pascat
853 1169 886 1224 et
906 1167 989 1222 recte

88 1239 164 1301 adut
185 1243 377 1325 doctrinam,
406 1252 593 1307 tamennon
617 1246 752 1307 defendit
781 1265 858 1307 ovee
881 1253 989 1317 contra

88 1342 172 1404 ipos,
202 1326 257 1387 sed
280 1328 392 1389 deserit
414 1348 467 1389 eas
490 1336 520 1390 et
544 1347 646 1391 curam
675 1349 778 1390 earnm
802 1347 864 1391 uun
886 1328 988 1390 babet.

89 1413 102 1467 t
128 1407 180 1468 hic
201 1413 323 1491 proprie
352 1413 486 1491 loquitur
514 1419 624 1473 contra
655 1418 751 1473 totam
785 1411 987 1493 Synagogam

88 1507 117 1558 su
140 1487 342 1574 Pharisaeos,
365 1497 416 1573 qui
439 1502 580 1576 pastores
609 1514 679 1557 esse
706 1495 822 1557 volunt.
866 1495 905 1555 nt
927 1495 989 1555 hoc

88 1575 143 1653 git,
166 1584 198 1634 ut
220 1595 277 1638 nos
299 1578 412 1638 relictis
436 1579 578 1639 omuibus
600 1580 666 1639 aliis
689 1579 864 1659 pastoribus
886 1579 987 1638 sotum

88 1675 161 1717 »sum
190 1677 246 1738 pro
269 1666 395 1742 pastore
423 1680 655 1742 agnoscamus,
685 1667 802 1722 utnon
824 1679 988 1741 sequamur

88 1742 202 1801 iver‘sos
224 1749 278 1804 aut
303 1744 406 1825 plures
428 1746 608 1825 magistros,
637 1744 690 1806 sed
714 1764 792 1806 uuus
820 1745 860 1805 sit
881 1752 987 1805 noster

88 1828 180 1902 ustor,
200 1845 278 1887 unus
298 1827 411 1907 Rabbi,
432 1847 510 1889 unns
533 1827 684 1909 dominus,
708 1834 738 1889 et
760 1847 868 1889 omnes
890 1829 921 1887 in
942 1828 986 1908 ip-

88 1926 128 1967 ιιι]
153 1926 246 1970 unum
274 1912 430 1991 rapiamur
459 1919 490 1973 et
517 1911 636 1991 solum,
669 1913 712 1972 ita
730 1918 764 1971 ut
793 1912 884 1972 etiam
907 1911 985 1991 legis

88 1996 205 2053 setores
228 2010 351 2054 cessare
373 1994 507 2057 debeant
529 2001 561 2056 et
582 1997 640 2076 ipsi
662 1995 764 2056 locum
788 1993 870 2059 dara.
905 1993 985 2054 Nam

90 2094 112 2133 x
135 2080 167 2134 et
188 2076 394 2139 sacerdotium
421 2078 495 2141 Levi
517 2078 585 2141 Deo
615 2077 792 2140 serviebant
821 2096 877 2139 ceu
905 2096 985 2138 mer-

88 2157 193 2238 enurii,
220 2167 346 2242 propter
370 2167 481 2223 terram
511 2162 676 2242 Chanaan,
711 2161 782 2223 ideo
817 2160 987 2243 pascebant

88 2249 188 2322 rupter
209 2242 393 2307 mercedem.

145 2323 185 2385 Et
206 2325 256 2386 hic
282 2334 329 2388 est
350 2326 402 2387 ille
434 2328 537 2409 iocus,
566 2328 649 2408 quod
672 2328 775 2388 omnia
802 2327 915 2388 debent
937 2345 984 2387 ce-

88 2426 138 2468 ere
160 2408 298 2491 Christo,
319 2410 466 2490 quidquid
489 2429 551 2472 non
574 2411 643 2491 tuit,
667 2416 730 2488 est,
754 2411 811 2471 erit
833 2409 982 2487 Christus,

88 2491 137 2551 uie
164 2495 269 2554 omnia
297 2492 382 2555 dedit
402 2494 492 2555 Pater
522 2496 553 2554 in
577 2513 668 2554 manu
692 2494 773 2573 aius,
803 2500 833 2554 et
853 2495 885 2553 in
916 2494 984 2573 ipso

88 2575 278 2655 ecapitulavit
299 2578 404 2638 omnia
425 2577 529 2655 Pater,
559 2584 592 2637 ut
617 2577 686 2656 ipse
714 2574 804 2637 unus'
820 2577 860 2636 sit
882 2578 986 2637 omnia

88 2678 93 2717 ι
116 2659 259 2722 omuibus
281 2679 379 2740 nsque
401 2662 431 2721 in
455 2661 536 2721 diem
558 2660 653 2724 iilum.

146 2742 265 2822 Tertio,
293 2744 357 2824 lupi
379 2752 450 2805 sunt
471 2748 643 2805 vastatores
666 2741 833 2818 ecclesiae,
862 2742 983 2885 {procui

88 2844 119 2886 er
140 2827 218 2907 vim,
245 2827 392 2888 haeretici
412 2847 467 2910 per
488 2827 602 2890 dolum.
651 2825 709 2886 Hic
729 2823 863 2886 definien
886 2843 921 2885 us
943 2823 986 2885 lu·
1092 2904 1099 2913 ,

88 2928 132 2975 w
146 2993 222 3056 Post
247 2995 400 3055 istasunt
425 2993 519 3056 verba
541 2992 652 3054 Christi
682 2991 844 3073 diligenter
873 3009 986 3071 expen-

88 3075 197 3241 Badiit,
218 3159 298 3241 Ego,
319 3159 349 3220 id
374 3167 430 3241 est,
452 3159 552 3221 nuilus
574 3159 651 3219 alius
674 3163 721 3218 est
737 3163 852 3239 pastor,
875 3155 914 3218 sd
937 3175 987 3218 me
1042 3134 1044 3138 Ι

88 3246 168 3304 mnia
189 3245 353 3326 pertinent.
402 3242 498 3323 Item,
528 3241 655 3323 Pastor,
682 3239 799 3320 idest,
832 3259 984 3301 nonaum

88 3346 164 3408 rpus,
186 3346 249 3389 non
270 3327 471 3388 formidabilis
495 3326 583 3387 bonis
606 3324 803 3385 conscientiis
825 3331 857 3385 et
877 3341 986 3403 pecsa-

88 3410 190 3490 ›ribus,
212 3409 266 3471 sed
289 3416 405 3491 pastor,
428 3416 520 3491 tutor,
543 3415 665 3469 curator
689 3414 745 3467 etc.
769 3405 844 3467 item
868 3407 985 3487 Bonus,

88 3495 92 3554 i
115 3501 172 3574 est,
194 3494 307 3573 suavis,
330 3494 477 3573 clemens,
498 3493 644 3571 tolerans,
666 3490 778 3565 ferens,
800 3508 861 3550 non
884 3496 984 3551 auste-
1031 3552 1035 3559 ,

133 3763 162 3832 1)
182 3760 213 3816 In
231 3757 274 3817 ed.
294 3762 348 3818 len.
366 3756 412 3816 hic
429 3758 554 3818 additum
575 3764 632 3817 este
653 3752 819 3895 iizeplffd.
