2348 4162
122 253 187 321 450
263 328 268 335 ¹
312 253 367 311 cur
384 252 572 325 ecquomodo
591 252 775 311 Christianum
793 252 880 311 (lonc.

123 427 284 488 iuramenti
305 427 429 488 vinculo
452 446 507 507 per
529 427 642 507 Papam
665 427 786 489 liberari
802 445 897 508 posse
920 423 1043 486 credidit

124 517 155 571 et
175 511 272 591 petiit,
294 530 392 590 eaque
413 510 593 571 liberatione
616 511 709 570 lretus
719 513 924 570 iuramentum
947 510 1042 569 sciens

124 601 155 654 at
176 592 310 673 prudens
332 594 478 674 neglexit,
501 596 558 655 etsi
570 595 774 673 ignorantiam
798 600 984 673 praetexere
997 610 1042 652 vo·

124 676 223 755 luerit,
246 683 405 756 sequetur,
443 686 475 736 ut
507 677 611 739 limina
639 676 850 757 apostolorum
880 675 1041 756 quotannis

124 761 247 820 visitare
268 760 369 820 adhuc
392 766 545 837 teneatur,
584 760 666 839 quod
691 761 716 819 si
738 761 828 840 lacit,
851 759 892 820 ad
915 759 1042 820 certissi-

125 863 204 903 mam
228 850 357 904 mortem
382 844 489 923 pergit.

206 926 308 1005 Ergo,
345 932 378 986 nt
399 924 583 1006 compendio
605 933 760 1006 repetam,
798 925 938 1005 quisquis
970 926 1042 988 bano

124 1009 290 1070 clausulam
314 1011 439 1085 iuravit,
474 1010 594 1088 cogitur
617 1008 795 1069 Pontificiae
829 1008 987 1088 tyrannidi
1017 1016 1043 1070 et

124 1090 240 1153 libidini
263 1112 317 1172 per
338 1093 455 1166 omnia,
489 1094 579 1152 etiarn
603 1093 799 1152 iniustissima
837 1100 869 1152 et
901 1092 1042 1173 indignis·

123 1177 210 1256 sima,
235 1175 376 1255 obedire,
407 1183 459 1235 ant
491 1174 626 1236 liberatis
655 1194 711 1255 per
731 1175 845 1254 Papam
878 1173 1042 1237 subditisa

123 1260 309 1318 necessitate
344 1258 506 1319 obediendi
545 1258 583 1319 ab
617 1260 797 1339 episcopatu
832 1257 964 1335 cadere,
997 1263 1043 1319 snt

123 1340 306 1402 incurrendo
339 1342 461 1421 periurii
494 1342 650 1401 inldmiam
690 1360 724 1402 se
754 1340 854 1421 ipsum
880 1340 1040 1402 inhabilem

123 1423 270 1500 reddere,
309 1431 361 1484 aut
397 1425 549 1485 servando
581 1426 783 1485 iuramentum
821 1443 891 1484 sese
915 1429 1040 1504 tyranno

18 1574 30 1593 ,
124 1506 336 1568 crudelissimo
370 1507 408 1567 ad
443 1508 600 1588 indignum
630 1508 814 1587 supplicium
849 1508 970 1569 sistere.
1017 1503 1040 1569 0

123 1589 246 1651 fraudes
275 1592 457 1670 plusquam
481 1592 651 1669 satanicas,
675 1610 693 1651 o
718 1592 887 1670 episcopos
912 1590 1041 1651 effoemi-

124 1682 224 1747 natos,
247 1676 298 1753 qui
321 1680 382 1734 taur
407 1673 561 1734 crudelem
585 1672 778 1753 tyrannidem
802 1675 849 1734 tot
871 1674 963 1733 annis
985 1680 1040 1735 tam

123 1757 272 1817 serviliter
294 1757 503 1836 pertulerunt,
536 1759 710 1817 sexcenties
730 1757 832 1836 potius
857 1758 937 1817 mori
960 1776 1042 1838 opor·

123 1842 194 1915 tnit,
234 1859 324 1918 quarn
357 1840 519 1900 ecclesiam
559 1847 620 1901 tam
662 1843 789 1919 turpiter
825 1838 985 1919 deserere,
1016 1845 1042 1899 et

122 1923 310 1983 Antichristo
355 1922 582 1986 dilacerandam
628 1930 659 1984 et
702 1922 937 2004 opprimendam
981 1941 1041 2003 per·

124 2008 255 2068 mittere.

207 2086 389 2149 Consideret
409 2089 501 2170 igitur
524 2088 713 2149 Christianus
735 2089 848 2166 lector,
881 2088 954 2168 quid
978 2087 1043 2148 boni

126 2191 165 2231 ex
204 2171 335 2232 concillo
360 2171 512 2251 Papistico
536 2172 720 2251 sperandum
743 2173 798 2250 sit,
830 2173 861 2231 in
887 2190 949 2251 quo
972 2172 1042 2232 tales

125 2256 276 2315 Doctores
308 2254 521 2335 disputabunt,
556 2255 632 2314 tales
662 2255 781 2315 Notarii
821 2261 891 2315 acta
926 2255 1042 2336 publica

124 2338 301 2415 conficient,
336 2337 411 2398 tales
443 2340 579 2418 episcopi
614 2345 645 2398 et
666 2337 843 2399 cardinales
878 2341 1042 2399 sententias

124 2420 275 2482 decisivo-s
299 2421 409 2482 dicent.
455 2420 530 2481 Nam
550 2428 670 2501 praeter
693 2422 769 2481 tales
792 2441 884 2482 nemo
907 2420 1042 2483 aliusad·

125 2506 202 2564 mitti
225 2504 319 2582 solet,
349 2510 381 2563 ul·
404 2505 572 2564 clarissime
595 2504 735 2564 scribitur
756 2506 786 2563 in
810 2504 888 2565 libro
913 2523 1043 2565 ceremo-

124 2590 241 2648 niarum
264 2586 485 2666 Papisticarum
518 2588 563 2646 his
595 2587 711 2647 verbis:
753 2586 789 2648 In
814 2587 962 2648 Conciliis
984 2606 1041 2648 non

125 2671 254 2750 legimns
277 2671 477 2730 intervenisse
500 2671 651 2730 statuendi
674 2689 776 2750 causa,
800 2672 856 2731 nisi
882 2673 1041 2751 episcopos

125 2762 155 2814 et
183 2753 326 2831 abbates,
360 2762 390 2813 el
425 2752 455 2813 hi
493 2761 607 2814 tantum
640 2754 769 2814 decretis
804 2753 1041 2816 subscribebant

126 2837 298 2917 Episcopus
338 2843 439 2896 autem
473 2837 664 2917 appellamus
704 2838 795 2897 etiarn
829 2838 1040 2919 episcoporum

123 2921 294 2999 principes,
331 2921 474 2997 quoniam
507 2921 585 2980 haec
618 2928 663 2979 est
685 2938 829 3000 suprema
862 2922 891 2980 in
917 2921 1042 2981 ecclesia

125 3003 183 3063 Dei
205 3007 352 3080 potestas,
391 3003 543 3063 interioris
576 3010 677 3063 auteur
716 3001 829 3083 gradus
863 3002 1042 3063 ecclesiasti·

125 3104 179 3144 cos
204 3085 285 3144 viros
307 3092 337 3144 et
359 3088 512 3166 principes
535 3087 710 3161 seculares,
742 3085 926 3146 consulendi
949 3106 985 3146 ac
1004 3087 1042 3145 in-

125 3167 259 3228 struendi
282 3170 389 3248 gratia,
420 3189 481 3229 non
515 3175 616 3229 autern
652 3168 836 3230 decernendi
870 3170 1042 3247 intererant,

125 3253 191 3330 qui,
223 3259 254 3310 nt
275 3251 362 3331 periti
385 3253 487 3328 aiunt,
510 3252 712 3312 consultlvam
736 3270 844 3313 vocem
867 3252 984 3315 habent
1015 3254 1042 3312 in

124 3334 280 3411 conciliis,
303 3354 365 3395 non
388 3334 586 3411 definitivam,
609 3336 662 3395 sed
685 3334 928 3399 deliberativam.

206 3418 346 3478 Adcrunt
366 3419 457 3497 igitur
479 3421 509 3479 in
534 3418 679 3480 Consiliis
707 3419 746 3478 ad
769 3419 965 3480 statuendum
989 3420 1042 3480 Ro·

124 3520 232 3561 manus
255 3501 396 3561 Pontifex
419 3509 562 3581 tanquam
586 3510 686 3562 rector
708 3507 738 3561 et
756 3502 935 3564 moderator
956 3504 1043 3564 totius

125 3583 282 3661 ecclesiae,
305 3591 411 3663 pastor
439 3587 540 3666 gregis
567 3584 726 3666 dominici,
756 3592 786 3645 et
809 3587 947 3647 omnium
984 3586 1043 3665 epi·

124 3685 287 3746 scaporum
306 3669 480 3747 episcopus,
503 3688 590 3729 sacer
602 3667 810 3730 cardinalium
834 3677 971 3747 senatus,
994 3669 1043 3728 Pa-

124 3750 285 3829 triarcbae,
306 3749 465 3831 Primates,
489 3752 740 3833 Archiepiscopi‚
764 3752 914 3834 Episcopi
937 3763 968 3815 et
988 3750 1042 3814 Ab
