2348 4162
185 254 246 320 168
428 252 472 308 De
489 267 571 308 servo
590 249 707 306 arbitrio
724 251 760 306 D.
777 251 813 306 u.
831 250 863 306 L.
930 304 940 320 ,

184 423 275 485 davit.
315 423 509 485 Postulamus
523 428 624 482 autem
640 420 876 501 modestissime,
895 419 1109 503 scilicetquod

183 525 245 567 non
269 507 420 587 exigimus
448 507 665 583 sanctimonia,
687 505 810 584 spiritu,
833 505 986 566 miraculis
1007 505 1109 586 ipsum

182 589 326 670 probari,
359 590 442 668 quod
467 592 570 669 utiquc
602 607 763 669 possemus
789 589 855 648 iure
875 592 1007 665 vestro,
1038 606 1109 648 curn

184 673 242 754 ipsi
264 672 324 732 hoc
353 672 391 733 ab
413 673 481 734 aliis
509 673 649 751 exigatis.
694 671 775 748 Quin
798 677 829 732 et
850 670 913 733 hoc
944 669 1107 750 donamus,

183 775 222 816 ne
243 755 338 815 ullum
361 756 536 836 exemplum
559 756 631 816 facti
648 755 698 815 val
720 752 805 815 verbi
840 754 890 814 vel
911 755 1109 834 cogitationis

182 840 214 899 in
237 845 339 899 vestro
363 839 510 922 dogmate
531 838 721 914 exhibeatis,
743 836 798 897 sed
819 837 849 897 id
871 838 972 898 solum
994 838 1110 898 docea-

184 923 234 998 tis,
254 923 355 1000 ipsum
378 922 493 1003 dogma
515 923 623 984 saltem
637 921 810 1000 declaretis,
834 920 905 1000 quid
928 940 984 1002 per
1004 922 1107 1002 ipsum

183 1005 312 1084 intelligi
333 1005 455 1067 velitis?
488 1025 548 1085 qua
569 1005 685 1080 forma,
718 1005 745 1064 si
767 1023 824 1064 vos
845 1023 908 1064 nnn
930 1002 1041 1065 vultis·
1058 1003 1110 1065 vel

183 1106 245 1148 non
267 1090 420 1168 potestis,
444 1089 552 1150 saltem
575 1108 632 1149 nos
660 1107 807 1149 conemur
829 1086 1008 1168 exemplum
1042 1088 1110 1148 eius

183 1169 285 1232 cdere.

266 1253 429 1314 lmitamini
464 1255 513 1314 vel
545 1256 661 1335 Papam
694 1273 761 1314 cum
785 1254 868 1332 suis,
901 1253 954 1334 qui
987 1251 1110 1314 dicunt:

183 1336 271 1413 Quae
293 1335 432 1417 dicimus,
453 1337 554 1418 facite,
578 1335 745 1398 secundum
770 1355 866 1417 opera
885 1355 971 1398 ,vero
1001 1341 1111 1398 nostra

98 1459 105 1463 -
183 1420 279 1480 nolite
300 1420 420 1499 facere,
440 1421 484 1481 ita
505 1426 536 1482 et
557 1440 615 1482 vos
637 1420 748 1481 dicite:
772 1418 862 1495 Quod
886 1438 964 1500 opus
984 1418 1039 1481 illa
1061 1420 1109 1480 vis

183 1503 319 1584 requirat
340 1502 417 1583 lieri,
440 1522 496 1563 nos
519 1505 735 1585 accingemus,
773 1503 862 1564 vobis
890 1504 954 1563 otio
987 1500 1109 1568 relicto.

183 1586 233 1647 An
256 1605 319 1647 non
342 1585 403 1647 hoc
437 1587 547 1647 saltem
578 1585 810 1666 impetrabimus
832 1606 851 1646 a
872 1584 984 1647 vobis?
1037 1583 1109 1661 Quo

183 1668 285 1749 plnres
309 1671 392 1746 estis,
415 1688 475 1749 quo
499 1672 704 1751 antiquiores,
728 1688 789 1749 quo
811 1669 967 1749 maiores,
993 1674 1025 1729 ct
1046 1687 1111 1748 quo

183 1751 326 1813 omnibus
348 1751 523 1815 nominibus
545 1755 682 1834 potiores
704 1772 795 1834 quam
818 1770 886 1830 nos,
907 1752 969 1813 hoc
989 1752 1110 1832 turpius

184 1834 272 1895 robis
294 1841 350 1910 est,
373 1835 517 1913 utnobis,
539 1838 590 1916 qui
613 1836 755 1897 omnibus
772 1835 872 1896 modis
895 1835 979 1896 nihili
1003 1853 1110 1895 sumus

184 1937 288 1979 coram
310 1917 410 1996 vobis,
433 1918 546 2000 dogma
568 1925 702 1981 vestrum
729 1919 846 1979 discere
878 1924 911 1979 et
932 1918 1035 1979 iacere
1056 1936 1110 1980 vo·

182 2000 314 2061 lentibus
345 2019 407 2062 non
431 2003 555 2081 possitis
585 2002 735 2064 miraculo
764 2000 814 2061 vel
842 1998 976 2080 pediculi
1000 2001 1110 2081 occisi,

182 2083 231 2144 vel
266 2084 389 2163 spiritus
411 2084 475 2144 ullo
498 2084 665 2164 affectulo,
698 2085 747 2146 rel
784 2083 1010 2147 sanctimoniae
1044 2083 1108 2146 ullo

184 2166 335 2245 opusculo
368 2167 518 2248 probare,
549 2169 603 2230 sed
627 2188 685 2229 uec
720 2168 809 2228 ullius
846 2167 917 2228 facti
952 2166 1000 2228 vel
1023 2166 1111 2229 verbi

184 2249 358 2329 exemplum
382 2250 569 2330 ostendere,
592 2250 723 2328 deiude,
751 2249 834 2330 quod
856 2249 1029 2311 inauditum
1052 2256 1110 2331 est,

183 2351 242 2393 uec
261 2333 361 2412 ipsam
385 2332 538 2414 dogmatis
571 2335 700 2396 formam
722 2341 776 2394 aut
797 2333 1035 2415 intelligentiam
1058 2332 1111 2395 de-

183 2415 310 2495 clarare,
333 2421 366 2477 ut
376 2417 484 2478 saltem
508 2437 565 2478 nos
587 2419 785 2478 imitaremur.
842 2415 868 2478 0
890 2417 992 2477 festivi
1013 2416 1109 2496 ltlagi·

182 2499 235 2559 stri
258 2497 344 2560 liberi
361 2499 485 2560 arbitrii.
521 2499 600 2575 Quid
622 2501 684 2561 iam
698 2519 754 2561 ros
767 2501 840 2560 estis
854 2501 911 2560 nisi
924 2519 999 2578 vox,
1022 2519 1110 2579 prae·

183 2586 267 2644 terea
288 2581 386 2643 nihil?
430 2582 489 2659 Qui
509 2603 591 2643 nunc
614 2589 693 2656 sunt,
715 2583 870 2662 Erasme,
891 2582 950 2661 illi,
974 2583 1027 2662 qui
1050 2584 1110 2664 spi·

181 2664 270 2725 ritum
293 2665 418 2745 iactant,
441 2671 472 2725 et
492 2666 566 2726 nihil
590 2666 847 2745 ostendunt,.qui
870 2664 975 2726 dicunt
997 2665 1109 2746 solum,

182 2767 220 2808 ac
241 2766 314 2808 mox
337 2747 394 2810 sibi
417 2748 499 2808 credi
524 2749 654 2815 volunt?
696 2750 808 2811 Nonne
830 2749 873 2808 tui
895 2748 939 2809 illi
961 2749 1110 2826 sunt„sic

181 2831 213 2890 in
236 2830 357 2890 coelum
379 2832 484 2891 vecti?
515 2834 566 2913 qui
589 2852 628 2894 ue
659 2830 759 2893 dicitis
788 2831 933 2912 quidem,
958 2839 990 2892 et
1022 2838 1108 2893 tanta

180 2913 302 2974 iactatis
325 2918 356 2973 et
378 2914 510 2994 exigitis.

264 2994 423 3076 Rogamus
445 2997 549 3077 itaque
570 3017 625 3078 per
647 2996 821 3076 Christum,
843 2999 884 3057 mi
906 2997 1055 3076 Erasme,
1077 3003 1109 3059 tu

181 3096 250 3138 cum
272 3080 332 3138 tuis
364 3078 453 3140 nobis
476 3081 584 3141 saltem
608 3080 791 3160 concedite,
822 3086 855 3141 ut
875 3081 1015 3161 periculo
1037 3100 1109 3144 con·

181 3162 329 3224 scientiae
357 3169 482 3224 nostrae
504 3164 676 3243 absterriti,
706 3164 799 3224 liceat
826 3171 910 3224 metu
943 3164 1108 3244 trepidare,

181 3244 230 3305 vel
253 3244 361 3306 saltem
385 3266 544 3308 assensum
564 3247 684 3308 differre
705 3246 868 3328 dogmatis,
891 3245 974 3328 quod
987 3254 1019 3307 tu
1041 3249 1108 3329 ipse

180 3327 265 3388 vides
308 3347 376 3389 esse
404 3329 479 3391 nihil
507 3331 565 3392 uisi
595 3331 718 3391 inanem
749 3349 856 3391 vocem
891 3335 922 3392 at
949 3331 1108 3411 strepitum

180 3410 378 3491 syllabarum,
401 3413 534 3475 seilicet:
557 3415 612 3474 Vis
635 3413 721 3474 liberi
744 3414 857 3474 arbitrii
871 3420 928 3492 est,
951 3414 997 3475 vis
1019 3413 1108 3477 liberi

180 3494 295 3555 arbitrii
318 3502 374 3572 est,
399 3496 491 3557 etiam
514 3499 539 3559 si
553 3496 592 3558 ad
607 3516 758 3557 summum
771 3498 927 3575 veneritis,
950 3501 981 3557 et
1004 3498 1108 3558 omnia

181 3583 283 3637 vestra
304 3577 435 3658 probata
459 3580 520 3640 sint
541 3586 573 3641 et
594 3584 745 3641 constent.
801 3579 920 3641 Deinde
941 3578 1044 3640 adhuc
1065 3581 1106 3641 in·

181 3665 296 3721 certum
321 3661 402 3742 apud
425 3664 510 3743 ipsos
533 3671 613 3739 tuos,
635 3681 673 3722 an
687 3681 725 3722 ea
747 3681 809 3724 vox
831 3664 878 3742 sit,
902 3662 951 3724 vel
973 3681 1037 3724 non
1059 3664 1107 3742 sit,

180 3761 249 3803 cum
276 3743 334 3824 ipsi
355 3745 435 3807 inter
456 3765 526 3808 sese
548 3748 691 3824 variam,
718 3750 750 3806 et
771 3745 828 3808 sibi
850 3747 925 3827 ipsis
947 3764 1012 3810 uon
1036 3765 1106 3809 con·
