2348 4162
181 234 241 298 1οἳ
479 230 584 288 Concio
602 232 638 286 D.
657 232 692 287 M.
713 231 826 287 Lutheri

175 404 245 459 runt
270 393 338 458 Deo
363 415 431 456 esse
448 394 667 471 obediendum,
689 394 785 455 Deum
800 413 868 456 esse
881 394 1098 474 invocandum,

175 476 377 540 honorandos
399 485 553 560 parentes,
579 477 792 550 abstinendum
814 496 833 537 a
856 477 975 558 caede,
1002 480 1098 540 etiu-

174 563 253 623 iur'ia
275 560 405 622 aliorum
428 569 497 640 etc,
520 561 593 640 quia
615 560 693 622 haec
712 559 780 622 Deo
804 561 988 642 displiceant
1010 568 1048 622 et·
1059 560 1098 624 ab

174 663 214 705 eo
237 645 413 723 puniantur.

257 725 326 788 Hoc
342 727 442 808 ipsum
456 732 605 788 testantur
628 727 765 787 omnium
776 726 912 807 gentium
925 726 1097 789 idolatriae.

176 808 268 871 Nulla
289 811 370 870 enim
395 829 528 890 unquam
551 829 627 889 gens
649 809 728 884 fuit,
766 827 844 888 quae
874 829 936 871 uon
957 809 1101 871 habuerit

176 892 294 972 aliquas
316 891 502 974 religiones,
526 911 605 972 quae
627 910 690 952 non
712 892 864 953 invocarit
897 892 1022 972 aliquod
1043 913 1098 953 nu·

177 996 258 1053 men,
280 975 400 1037 etiamsi
415 995 435 1036 a
447 995 521 1038 vero
538 977 605 1037 Deo
628 974 816 1054 aberrarunt,
840 975 1098 1055 quemadmodum

177 1066 207 1119 et
234 1055 343 1120 Iudaei
373 1060 435 1119 suis
463 1065 584 1141 praeter
614 1058 673 1118 Dei
703 1056 828 1120 verbum
863 1065 893 1119 et
921 1058 1098 1120 mandatum

172 1140 317 1202 ,confictis
341 1140 471 1208 cultibus
494 1161 556 1203 non
580 1141 680 1202 minus
701 1140 852 1202 idolatrae
874 1142 1019 1219 fuerunt,
1041 1143 1098 1202 eti-

176 1225 253 1286 amsi
275 1225 376 1304 legem
404 1225 566 1286 manifesta
592 1224 801 1306 patefactione
823 1243 841 1284 a
864 1225 931 1285 Deo
955 1225 1098 1285 traditam

179 1313 374 1388 acceperant.
897 1366 899 1371 .

261 1389 350 1465 Quod
378 1390 470 1470 igitur
492 1388 531 1450 ad
554 1389 694 1450 notitiam
728 1389 837 1450 horum
860 1395 1094 1469 praeceptorum

177 1492 231 1534 seu
263 1472 341 1554 legis
366 1469 475 1554 (quarn
498 1477 611 1532 vocant
643 1471 789 1534 moralem
818 1491 872 1532 seu
895 1470 1097 1553 decalogum)

178 1555 297 1638 attinet,
319 1555 393 1616 nihil
425 1562 473 1616 est
492 1553 685 1616 discriminis.
742 1555 818 1616 Tam
851 1561 923 1615 sunt
944 1574 981 1617 ca
1003 1556 1100 1635 genti-

178 1638 235 1699 bus
258 1644 433 1719 praecepta,
456 1644 517 1698 tam
537 1644 648 1698 norunt
670 1656 740 1699 esse
762 1636 923 1716 servanda,
946 1636 1099 1717 quemlu-

178 1721 258 1800 daei,
280 1721 335 1782 sed
357 1740 418 1782 non
448 1720 540 1799 ideo,
569 1722 640 1800 quia
672 1739 727 1800 per
748 1720 856 1783 Mosen
880 1719 1010 1802 tradita,
1045 1719 1102 1782 sed

179 1806 250 1884 quia
282 1805 418 1885 ipsorum
453 1802 596 1864 cordibus
629 1810 737 1863 natura
770 1805 919 1885 impressa
952 1811 1042 1883 sunt,
1065 1810 1100 1864 ut

180 1886 292 1947 Paulus
316 1886 356 1947 ad
376 1887 485 1950 Roma.
508 1887 537 1949 Q.
560 1886 673 1965 inquit:
696 1885 831 1967 Gentes,
863 1906 942 1967 quae
964 1905 1026 1949 non
1048 1886 1102 1948 ha-

182 1969 255 2029 bent
276 1969 388 2049 lege‘m,
410 1987 477 2028 cum
492 1975 600 2029 natura
622 1968 698 2048 legis
716 1988 810 2049 opera
832 1969 955 2048 faciunt,
977 1970 1008 2030 hi
1030 1988 1101 2031 cum

185 2052 284 2131 legem
307 2071 369 2112 non
391 2051 550 2128 habeant,
572 2050 724 2132 sibiipsis
747 2057 817 2113 aunt
848 2052 921 2131 lex,
960 2052 1104 2114 videlicet

183 2134 380 2195 ostendentes
397 2151 474 2214 opus
497 2134 575 2215 legis
599 2133 741 2195 cordibus
753 2135 889 2215 ipsorum
911 2136 1101 2216 inscriptum.

180 2216 237 2277 Est
257 2217 349 2297 igitur
370 2218 402 2277 in
423 2217 561 2296 utrisque
583 2215 691 2278 eadem
714 2218 824 2279 notitia
835 2265 844 2298 ,
873 2237 892 2279 a
913 2236 974 2297 qua
995 2223 1099 2279 tamen

180 2300 318 2378 utrique,
348 2307 379 2360 et
411 2306 518 2382 gentes
552 2305 583 2359 et
607 2298 738 2378 Iudaei,
775 2319 870 2380 saepe
911 2300 1100 2364 deerrarunt.

179 2381 247 2443 Non
272 2383 364 2463 igitur
385 2383 518 2462 aliquam
540 2401 654 2443 novam
669 2381 840 2444 doctrinam
862 2384 964 2445 attulit
984 2383 1101 2460 Moses,

180 2484 249 2524 cum
277 2465 356 2527 haec
382 2470 549 2546 praecepta
577 2463 676 2545 dedit,
703 2465 758 2526 sed
788 2465 868 2526 idem
896 2465 987 2545 illud,
1016 2466 1100 2546 quod

179 2547 262 2608 Deus
284 2567 364 2610 voce
397 2547 436 2609 de
464 2546 553 2608 coelo
590 2551 721 2609 sonante
755 2568 810 2628 per
841 2545 950 2611 Mosen
979 2549 1098 2630 populo

179 2629 302 2692 ludaico
326 2630 430 2709 tradit,
453 2631 515 2691 iam
537 2636 608 2691 ante
637 2631 773 2691 omnium
795 2631 937 2693 cordibus
967 2632 1098 2713 inscrip-

179 2713 219 2773 sit
238 2713 270 2773 in
293 2716 360 2794 ipsa
373 2712 560 2791 conditione,
581 2715 639 2773 nisi
662 2712 744 2793 quod
766 2713 887 2774 ludaeis
903 2722 1100 2776 accesserunt

181 2797 342 2857 manifesta
364 2797 540 2857 testimonia
567 2801 598 2855 et
620 2797 819 2857 ministerium
841 2797 936 2878 Mori,
959 2815 1021 2876 quo
1045 2796 1099 2860 lex

180 2887 210 2939 et
231 2881 346 2958 scripto
369 2885 401 2939 et
422 2897 500 2939 voce
523 2886 756 2940 conservaretur
779 2887 810 2940 et
830 2878 1040 2942 illustraretur.

264 2960 339 3022 Dico
370 2962 461 3042 igitur
487 2960 638 3025 servanda
660 2980 729 3022 esse
755 2962 833 3023 haec
859 2970 1026 3043 praecepta
1047 2963 1099 3026 de·

180 3043 291 3125 calogi,
315 3063 375 3105 non
399 3045 470 3123 quia
492 3040 596 3106 Moses
619 3064 658 3105 ca
679 3044 801 3106 tradidit
826 3044 927 3126 (quod
950 3045 989 3106 ad
1011 3044 1099 3121 illum

178 3125 326 3206 populum
349 3132 465 3187 tantum
487 3124 700 3210 pertinebat),
721 3127 775 3188 sed
799 3130 870 3207 quia
891 3128 946 3190 has
969 3129 1097 3190 notitias

179 3216 305 3269 naturae
328 3208 493 3290 impressas
506 3229 613 3271 omnes
630 3209 772 3271 homines
794 3208 918 3294 habent,
941 3230 1010 3272 cum
1033 3211 1098 3292 qui·

179 3289 235 3351 bus
266 3293 357 3352 etiam
380 3293 483 3355 Moses
514 3294 672 3374 congruit,
708 3313 746 3355 ac
773 3292 933 3373 pulchrum
968 3300 1099 3356 sancet

178 3373 252 3434 utile
274 3382 320 3435 est
341 3374 547 3454 considerare,
570 3375 653 3455 quod
674 3374 728 3436 illa
748 3377 817 3457 ipsa
840 3377 1003 3439 manifesta
1025 3396 1097 3460 pro-

178 3456 325 3536 mulgatio
348 3457 490 3539 decalogi
513 3454 602 3520 facta
617 3459 785 3520 ministerio
807 3460 887 3522 lllosi
914 3461 946 3523 in
969 3459 1022 3522 illo
1043 3479 1097 3542 po·

177 3538 250 3618 pulo
284 3546 315 3600 et
337 3541 446 3603 tradit-a
468 3542 637 3603 manifestis
660 3540 814 3603 miraculis
848 3551 895 3604 est
917 3542 1044 3605 evidens
1067 3550 1099 3604 et

177 3624 370 3767 perincuum
405 3624 610 3687 testimouium
645 3624 810 3688 voluntatis
844 3622 905 3688 Dei
943 3625 982 3689 de
1016 3626 1098 3708 lege,

177 3722 238 3785 quo
283 3705 426 3777 videlicet
452 3707 530 3781 hacc
552 3709 620 3788 ipsa
652 3708 764 3779 notitia
784 3708 861 3791 legis
897 3711 937 3771 ait
957 3711 1097 3775 immuta·
