2348 4162
220 286 245 331 o.
263 287 330 344 pap.
348 279 377 331 ot
396 279 468 344 port
487 271 536 329 ini.
555 276 644 330 oonat
663 271 823 330 asserenda.
912 267 976 339 459

52 444 120 524 ipae
145 443 327 523 Concilium,
350 443 506 505 stredime
529 448 598 504 tuos
613 448 762 522 pertuum
781 441 977 523 magnifieum

53 526 229 589 adventum.
273 525 323 589 De
354 525 500 606 pontiiioe
531 534 562 587 et
583 527 648 586 eius
670 526 870 586 sectatoribus
893 525 977 587 nulla

53 629 126 690 spes
149 615 204 670 est.
247 610 292 671 Ilii
316 618 346 671 ta
361 611 469 671 nolunt
487 610 633 689 resipere.
677 608 779 684 Quare
792 608 903 669 adiuva
919 627 976 669 nos

56 712 210 775 pauperes
233 700 263 753 et
287 695 424 772 miseros,
448 693 498 772 qui
521 693 561 753 ad
584 700 613 752 te
635 694 821 771 suspiramus
845 698 875 752 et
896 693 976 752 serio

53 786 84 837 te
107 777 296 856 quaerimus,
329 795 384 855 pro
407 777 521 855 gratio,
559 794 649 854 quam
680 775 789 835 dedisti
812 775 901 836 nobis
923 792 978 854 por

54 869 193 921 sanatum
227 868 311 919 tuum
334 856 496 938 Spiritum,
529 859 580 937 qui
612 865 712 918 tenum
743 867 772 918 et
795 877 863 918 oum
886 856 977 920 Patre

56 944 131 1002 vivit
153 961 191 1002 aa
212 951 322 1024 regnat
345 942 487 1005 laudatus
509 944 538 1001 in
561 948 748 1021 perpetuum.
775 941 883 1001 Amen.

423 1026 522 1085 Prima
544 1042 614 1104 pars

306 1109 443 1168 eontinet
465 1108 607 1169 sublimia
629 1108 731 1187 oapita

340 1191 380 1252 de
402 1191 503 1251 diviua
519 1191 695 1252 Maiestate:

140 1355 271 1429 Patrem,
294 1355 402 1416 Filium
426 1362 457 1416 et
478 1355 622 1436 Spiritum
644 1363 783 1416 sanatum
806 1357 836 1414 in
860 1373 920 1414 una
937 1353 979 1413 di·

55 1440 129 1500 viua
151 1440 295 1510 essentia
313 1446 344 1499 et
371 1445 480 1499 natura
513 1457 580 1500 esse
608 1444 669 1499 tres
692 1439 851 1498 distinctas
875 1455 978 1516 perso·

56 1542 129 1599 nas,
164 1530 297 1582 attamen
320 1542 412 1582 unum
436 1522 551 1601 Deum,
585 1522 636 1602 qui
665 1522 786 1582 ooelum
809 1539 845 1580 ao
868 1528 978 1580 terram

57 1607 185 1667 creavit.

142 1771 263 1831 Patrem
286 1791 304 1831 a
327 1771 421 1850 nullo,
445 1770 498 1831 sed
519 1770 627 1831 Filium
652 1791 670 1831 a
692 1770 781 1830 Patre
804 1787 872 1830 esse
894 1768 979 1847 geni·

56 1860 138 1930 tum,
171 1853 314 1934 Spiritum
352 1864 491 1916 sanetum
529 1873 603 1915 vero
633 1854 671 1914 ab
705 1860 835 1930 utroque
872 1869 979 1931 prooe-

59 1937 143 1999 dere.

491 2019 541 2082 111.

139 2102 247 2182 Neque
271 2102 406 2181 Patrem,
440 2121 539 2182 neque
565 2100 708 2181 Spiritum
737 2105 891 2176 sanctum,
924 2096 979 2158 sed

57 2185 165 2246 Filium
189 2186 392 2265 assumpsisse
416 2185 579 2245 humanam
601 2192 752 2245 naturam.

141 2348 247 2409 Filium
271 2351 315 2409 sio
337 2369 405 2409 esse
429 2351 629 2429 inminutum,
648 2355 680 2409 ut
701 2347 740 2408 de
761 2348 873 2428 Spiritu
895 2364 982 2408 sano·

58 2439 90 2494 to
114 2433 191 2495 eitra
214 2433 327 2493 virilem
352 2449 477 2512 operam
511 2434 550 2493 sit
572 2437 739 2511 oonoeptus
780 2437 811 2492 et
843 2451 883 2490 ex
906 2447 982 2510 pura

59 2522 91 2577 et
114 2522 221 2576 saneta
245 2517 580 2594 virgineMarianatus.
626 2514 744 2574 Deinde
767 2531 980 2594 essepassum,

58 2603 223 2676 mortuum,
245 2606 276 2658 et
298 2600 465 2678 sepultum,
496 2596 691 2657 descendisse
714 2598 753 2657 ad
775 2597 903 2674 inferos,
937 2613 981 2654 re·

58 2683 229 2742 surrexisse
251 2702 269 2741 a
292 2683 428 2755 mortuis⁷
452 2680 629 2741 ascendisse
651 2679 689 2740 ad
713 2680 835 2760 coelos,
873 2678 981 2739 sedere

59 2764 98 2825 ad
121 2764 276 2824 dexteram
301 2765 367 2840 Dei,
391 2770 549 2823 venturum
573 2782 641 2823 esse
665 2763 704 2823 ad
726 2761 921 2823 iudioandum
940 2761 981 2821 vi·

59 2866 115 2908 vos
138 2855 167 2908 et
192 2854 328 2907 mortuos
351 2841 419 2925 eto,
447 2848 524 2907 siout
544 2847 782 2927 Apostolorum,
818 2844 982 2923 Nioenum,

58 2933 131 2991 item
155 2932 251 2990 sanati
275 2929 437 2992 Athanasii
455 2929 635 3010 Symbolum
658 2937 689 2990 et
709 2929 804 2989 nostri
827 2928 982 2990 Oateohis·

59 3015 99 3074 mi
122 3013 245 3075 donent.

142 3097 189 3157 De
211 3096 257 3156 his
280 3096 413 3157 artiouiis
436 3096 520 3157 nulla
542 3096 753 3156 controversia
783 3099 835 3155 aut
857 3099 981 3154 oonten·

60 3182 102 3242 tio
125 3186 189 3257 eat
212 3199 281 3240 oum
304 3189 450 3259 utrosque
471 3181 612 3257 utrinque
636 3177 845 3240 oonfiteamur
880 3176 982 3252 Quare

59 3280 324 3346 supervacaneum
347 3263 437 3323 suerit
425 3262 607 3343 tprolixius
631 3261 736 3321 dehis
759 3280 860 3341 agere.

398 3345 540 3406 Secunda
563 3365 632 3425 pars

143 3429 357 3510 complectitur
379 3429 524 3489 artiouios
547 3427 586 3488 de
608 3427 710 3488 offioio
733 3433 763 3486 et
785 3445 880 3507 opere

142 3512 210 3572 lesu
233 3512 354 3590 Christi,
377 3519 429 3572 aut
451 3512 489 3571 de
512 3520 616 3573 nostra
638 3511 857 3607 redemptione.

141 3595 199 3656 Hio
228 3594 301 3655 illud
331 3602 378 3655 est
399 3597 562 3679 primum
592 3601 622 3653 et
652 3596 847 3675 praeeipuum
879 3592 981 3672 eaput,

59 3679 162 3742 Iesum
185 3677 339 3739 Christum
362 3678 460 3738 Deum
493 3697 531 3739 ao
553 3676 709 3737 dominum
734 3684 869 3737 nostrum
895 3693 983 3773 prop·

58 3769 104 3824 ter
127 3768 255 3844 peecata
290 3767 395 3822 nostre
422 3779 491 3822 esse
514 3760 674 3834 traditum
705 3767 735 3822 et
757 3767 880 3841 propter
901 3758 983 3819 iusti·
