<?xml version="1.0" encoding="UTF-8"?>
<!DOCTYPE html PUBLIC "-//W3C//DTD XHTML 1.0 Transitional//EN"
    "http://www.w3.org/TR/xhtml1/DTD/xhtml1-transitional.dtd">
<html xmlns="http://www.w3.org/1999/xhtml" xml:lang="en" lang="en">
 <head>
  <title>
</title>
<meta http-equiv="Content-Type" content="text/html;charset=utf-8" />
  <meta name='ocr-system' content='tesseract 3.04.00' />
  <meta name='ocr-capabilities' content='ocr_page ocr_carea ocr_par ocr_line ocrx_word'/>
</head>
<body>
  <div class='ocr_page' id='page_1' title='image "./dmartinilutheri02luthgoog_0039.png"; bbox 0 0 2348 4162; ppageno 0'>
   <div class='ocr_carea' id='block_1_1' title="bbox 127 228 754 308">
    <p class='ocr_par' dir='ltr' id='par_1_1' title="bbox 127 228 754 308">
     <span class='ocr_line' id='line_1_1' title="bbox 127 228 754 308; baseline 0.006 -19"><span class='ocrx_word' id='word_1_1' title='bbox 127 228 169 300; x_wconf 78' lang='grc'>28</span> <span class='ocrx_word' id='word_1_2' title='bbox 406 235 577 307; x_wconf 77' lang='lat' dir='ltr'>¹Exemplum</span> <span class='ocrx_word' id='word_1_3' title='bbox 595 235 754 308; x_wconf 77' lang='lat' dir='ltr'><strong>theologiae</strong></span> 
     </span>
    </p>
   </div>
   <div class='ocr_carea' id='block_1_2' title="bbox 37 387 1052 3803">
    <p class='ocr_par' dir='ltr' id='par_1_2' title="bbox 129 387 1049 554">
     <span class='ocr_line' id='line_1_2' title="bbox 129 387 1049 474; baseline 0.001 -24"><span class='ocrx_word' id='word_1_4' title='bbox 129 390 204 450; x_wconf 88' lang='lat' dir='ltr'>tiam</span> <span class='ocrx_word' id='word_1_5' title='bbox 228 390 284 451; x_wconf 88' lang='lat' dir='ltr'>Dei</span> <span class='ocrx_word' id='word_1_6' title='bbox 307 397 338 452; x_wconf 91' lang='lat' dir='ltr'>et</span> <span class='ocrx_word' id='word_1_7' title='bbox 351 390 461 454; x_wconf 84' lang='lat' dir='ltr'>Christi</span> <span class='ocrx_word' id='word_1_8' title='bbox 482 393 617 474; x_wconf 76' lang='lat' dir='ltr'>perfecte</span> <span class='ocrx_word' id='word_1_9' title='bbox 640 393 810 456; x_wconf 77' lang='lat' dir='ltr'>didicerunt</span> <span class='ocrx_word' id='word_1_10' title='bbox 831 410 871 454; x_wconf 87' lang='lat' dir='ltr'>ex</span> <span class='ocrx_word' id='word_1_11' title='bbox 882 387 1049 453; x_wconf 87' lang='lat' dir='ltr'>Aristotele</span> 
     </span>
     <span class='ocr_line' id='line_1_3' title="bbox 129 474 797 554; baseline 0.006 -18"><span class='ocrx_word' id='word_1_12' title='bbox 129 479 161 536; x_wconf 84' lang='lat' dir='ltr'>et</span> <span class='ocrx_word' id='word_1_13' title='bbox 183 492 237 554; x_wconf 90' lang='lat' dir='ltr'>per</span> <span class='ocrx_word' id='word_1_14' title='bbox 260 474 421 536; x_wconf 82' lang='lat' dir='ltr'>ecelesiam</span> <span class='ocrx_word' id='word_1_15' title='bbox 445 484 540 538; x_wconf 86' lang='lat' dir='ltr'>totam</span> <span class='ocrx_word' id='word_1_16' title='bbox 562 480 797 540; x_wconf 86' lang='lat' dir='ltr'>seminaverunt.</span> 
     </span>
    </p>

    <p class='ocr_par' dir='ltr' id='par_1_3' title="bbox 52 556 1050 1472">
     <span class='ocr_line' id='line_1_4' title="bbox 212 556 1048 643; baseline -0.001 -26"><span class='ocrx_word' id='word_1_17' title='bbox 212 556 310 634; x_wconf 82' lang='lat' dir='ltr'>Quam</span> <span class='ocrx_word' id='word_1_18' title='bbox 327 578 434 621; x_wconf 89' lang='lat' dir='ltr'>seoure</span> <span class='ocrx_word' id='word_1_19' title='bbox 450 560 644 643; x_wconf 89' lang='lat' dir='ltr'>blasphemat</span> <span class='ocrx_word' id='word_1_20' title='bbox 665 563 846 643; x_wconf 85' lang='lat' dir='ltr'>sanguinem</span> <span class='ocrx_word' id='word_1_21' title='bbox 859 558 980 638; x_wconf 90' lang='lat' dir='ltr'>Christi,</span> <span class='ocrx_word' id='word_1_22' title='bbox 996 556 1048 617; x_wconf 93' lang='lat' dir='ltr'>ubi</span> 
     </span>
     <span class='ocr_line' id='line_1_5' title="bbox 52 640 1049 726; baseline -0.001 -25"><span class='ocrx_word' id='word_1_23' title='bbox 52 666 60 675; x_wconf 87' lang='lat'><strong>·</strong></span> <span class='ocrx_word' id='word_1_24' title='bbox 127 641 338 714; x_wconf 75' lang='lat' dir='ltr'>remissionem</span> <span class='ocrx_word' id='word_1_25' title='bbox 361 651 558 724; x_wconf 77' lang='lat' dir='ltr'>peecatorum</span> <span class='ocrx_word' id='word_1_26' title='bbox 580 646 727 726; x_wconf 89' lang='lat' dir='ltr'>oonsequi</span> <span class='ocrx_word' id='word_1_27' title='bbox 749 663 803 706; x_wconf 89' lang='lat' dir='ltr'>eos</span> <span class='ocrx_word' id='word_1_28' title='bbox 825 643 899 704; x_wconf 88' lang='lat' dir='ltr'>dioit</span> <span class='ocrx_word' id='word_1_29' title='bbox 919 662 974 723; x_wconf 85' lang='lat' dir='ltr'>per</span> <span class='ocrx_word' id='word_1_30' title='bbox 996 640 1049 700; x_wconf 88' lang='lat' dir='ltr'>oh·</span> 
     </span>
     <span class='ocr_line' id='line_1_6' title="bbox 128 723 1048 808; baseline -0.001 -24"><span class='ocrx_word' id='word_1_31' title='bbox 128 723 273 785; x_wconf 88' lang='lat' dir='ltr'>lationem</span> <span class='ocrx_word' id='word_1_32' title='bbox 299 728 526 808; x_wconf 72' lang='lat' dir='ltr'>temporalium</span> <span class='ocrx_word' id='word_1_33' title='bbox 567 730 605 790; x_wconf 89' lang='lat' dir='ltr'>ad</span> <span class='ocrx_word' id='word_1_34' title='bbox 639 736 805 790; x_wconf 78' lang='lat' dir='ltr'>structuras</span> <span class='ocrx_word' id='word_1_35' title='bbox 838 726 1048 804; x_wconf 82' lang='lat' dir='ltr'>eeclesiarum,</span> 
     </span>
     <span class='ocr_line' id='line_1_7' title="bbox 128 810 1047 894; baseline 0.002 -27"><span class='ocrx_word' id='word_1_36' title='bbox 128 815 210 868; x_wconf 85' lang='lat' dir='ltr'>eerte</span> <span class='ocrx_word' id='word_1_37' title='bbox 233 827 288 889; x_wconf 91' lang='lat' dir='ltr'>per</span> <span class='ocrx_word' id='word_1_38' title='bbox 315 810 372 871; x_wconf 89' lang='lat' dir='ltr'>hos</span> <span class='ocrx_word' id='word_1_39' title='bbox 404 811 575 873; x_wconf 90' lang='lat' dir='ltr'>horrendos</span> <span class='ocrx_word' id='word_1_40' title='bbox 603 811 861 894; x_wconf 89' lang='lat' dir='ltr'>blasphemosque</span> <span class='ocrx_word' id='word_1_41' title='bbox 887 826 1047 870; x_wconf 78' lang='lat' dir='ltr'>sermones</span> 
     </span>
     <span class='ocr_line' id='line_1_8' title="bbox 127 889 1047 972; baseline 0.003 -22"><span class='ocrx_word' id='word_1_42' title='bbox 127 891 330 972; x_wconf 85' lang='lat' dir='ltr'>impleverunt</span> <span class='ocrx_word' id='word_1_43' title='bbox 361 913 423 956; x_wconf 91' lang='lat' dir='ltr'>non</span> <span class='ocrx_word' id='word_1_44' title='bbox 452 896 551 957; x_wconf 92' lang='lat' dir='ltr'>solum</span> <span class='ocrx_word' id='word_1_45' title='bbox 581 897 744 958; x_wconf 78' lang='lat' dir='ltr'>eeclesiam</span> <span class='ocrx_word' id='word_1_46' title='bbox 767 889 1047 968; x_wconf 79' lang='lat' dir='ltr'>abominationibus</span> 
     </span>
     <span class='ocr_line' id='line_1_9' title="bbox 127 975 1049 1058; baseline 0.001 -23"><span class='ocrx_word' id='word_1_47' title='bbox 127 980 158 1035; x_wconf 89' lang='lat' dir='ltr'>et</span> <span class='ocrx_word' id='word_1_48' title='bbox 179 975 342 1053; x_wconf 86' lang='lat' dir='ltr'>erroribus,</span> <span class='ocrx_word' id='word_1_49' title='bbox 363 977 415 1037; x_wconf 90' lang='lat' dir='ltr'>sed</span> <span class='ocrx_word' id='word_1_50' title='bbox 440 979 532 1039; x_wconf 88' lang='lat' dir='ltr'>etiam</span> <span class='ocrx_word' id='word_1_51' title='bbox 551 986 646 1039; x_wconf 91' lang='lat' dir='ltr'>totum</span> <span class='ocrx_word' id='word_1_52' title='bbox 671 978 775 1040; x_wconf 89' lang='lat' dir='ltr'>orbem</span> <span class='ocrx_word' id='word_1_53' title='bbox 786 975 908 1058; x_wconf 90' lang='lat' dir='ltr'>templis</span> <span class='ocrx_word' id='word_1_54' title='bbox 932 980 963 1036; x_wconf 87' lang='lat' dir='ltr'>et</span> <span class='ocrx_word' id='word_1_55' title='bbox 984 991 1049 1036; x_wconf 87' lang='lat' dir='ltr'>rno-</span> 
     </span>
     <span class='ocr_line' id='line_1_10' title="bbox 127 1058 1048 1143; baseline 0.003 -27"><span class='ocrx_word' id='word_1_56' title='bbox 127 1059 276 1133; x_wconf 69' lang='lat' dir='ltr'>n&#39;asteriis²</span> <span class='ocrx_word' id='word_1_57' title='bbox 299 1061 416 1140; x_wconf 83' lang='lat' dir='ltr'>etipse</span> <span class='ocrx_word' id='word_1_58' title='bbox 439 1061 571 1141; x_wconf 83' lang='lat' dir='ltr'>Papetus</span> <span class='ocrx_word' id='word_1_59' title='bbox 594 1069 653 1124; x_wconf 81' lang='lat' dir='ltr'>stat</span> <span class='ocrx_word' id='word_1_60' title='bbox 675 1082 729 1143; x_wconf 93' lang='lat' dir='ltr'>per</span> <span class='ocrx_word' id='word_1_61' title='bbox 752 1062 808 1122; x_wconf 88' lang='lat' dir='ltr'>has</span> <span class='ocrx_word' id='word_1_62' title='bbox 830 1058 1048 1140; x_wconf 85' lang='lat' dir='ltr'>blasphemias.</span> 
     </span>
     <span class='ocr_line' id='line_1_11' title="bbox 125 1137 1048 1227; baseline 0.003 -25"><span class='ocrx_word' id='word_1_63' title='bbox 125 1137 236 1202; x_wconf 86' lang='lat' dir='ltr'>Nullus</span> <span class='ocrx_word' id='word_1_64' title='bbox 259 1147 360 1216; x_wconf 86' lang='lat' dir='ltr'>tamen</span> <span class='ocrx_word' id='word_1_65' title='bbox 384 1145 619 1227; x_wconf 78' lang='lat' dir='ltr'>Episcoporum,</span> <span class='ocrx_word' id='word_1_66' title='bbox 641 1144 741 1207; x_wconf 89' lang='lat' dir='ltr'>nullus</span> <span class='ocrx_word' id='word_1_67' title='bbox 758 1145 843 1224; x_wconf 88' lang='lat' dir='ltr'>Papa</span> <span class='ocrx_word' id='word_1_68' title='bbox 864 1143 946 1203; x_wconf 85' lang='lat' dir='ltr'>hune</span> <span class='ocrx_word' id='word_1_69' title='bbox 967 1158 1048 1205; x_wconf 76' lang='lat' dir='ltr'>erro,-</span> 
     </span>
     <span class='ocr_line' id='line_1_12' title="bbox 125 1224 1050 1303; baseline -0.001 -19"><span class='ocrx_word' id='word_1_70' title='bbox 125 1243 188 1284; x_wconf 90' lang='lat' dir='ltr'>rem</span> <span class='ocrx_word' id='word_1_71' title='bbox 217 1224 306 1303; x_wconf 84' lang='lat' dir='ltr'>vidit,</span> <span class='ocrx_word' id='word_1_72' title='bbox 338 1227 392 1287; x_wconf 83' lang='lat' dir='ltr'>sed</span> <span class='ocrx_word' id='word_1_73' title='bbox 421 1229 553 1290; x_wconf 87' lang='lat' dir='ltr'>eooleria</span> <span class='ocrx_word' id='word_1_74' title='bbox 581 1230 749 1292; x_wconf 86' lang='lat' dir='ltr'>vooshatur</span> <span class='ocrx_word' id='word_1_75' title='bbox 776 1234 849 1288; x_wconf 86' lang='lat' dir='ltr'>tune</span> <span class='ocrx_word' id='word_1_76' title='bbox 876 1230 983 1286; x_wconf 83' lang='lat' dir='ltr'>saneta</span> <span class='ocrx_word' id='word_1_77' title='bbox 1017 1229 1050 1284; x_wconf 92' lang='lat' dir='ltr'>et</span> 
     </span>
     <span class='ocr_line' id='line_1_13' title="bbox 125 1306 1047 1393; baseline -0.001 -26"><span class='ocrx_word' id='word_1_78' title='bbox 125 1306 263 1387; x_wconf 76' lang='lat' dir='ltr'>pulchra,</span> <span class='ocrx_word' id='word_1_79' title='bbox 285 1328 343 1370; x_wconf 85' lang='lat' dir='ltr'>nen</span> <span class='ocrx_word' id='word_1_80' title='bbox 365 1311 464 1372; x_wconf 88' lang='lat' dir='ltr'>adhue</span> <span class='ocrx_word' id='word_1_81' title='bbox 486 1312 579 1374; x_wconf 88' lang='lat' dir='ltr'>hodie</span> <span class='ocrx_word' id='word_1_82' title='bbox 602 1314 640 1374; x_wconf 80' lang='lat' dir='ltr'>d&#39;e</span> <span class='ocrx_word' id='word_1_83' title='bbox 662 1314 728 1373; x_wconf 85' lang='lat' dir='ltr'>istis</span> <span class='ocrx_word' id='word_1_84' title='bbox 749 1311 919 1393; x_wconf 81' lang='lat' dir='ltr'>poenitent,</span> <span class='ocrx_word' id='word_1_85' title='bbox 941 1326 1047 1369; x_wconf 87' lang='lat' dir='ltr'>verum</span> 
     </span>
     <span class='ocr_line' id='line_1_14' title="bbox 128 1390 684 1472; baseline 0.014 -22"><span class='ocrx_word' id='word_1_86' title='bbox 128 1390 294 1452; x_wconf 88' lang='lat' dir='ltr'>defendunt</span> <span class='ocrx_word' id='word_1_87' title='bbox 315 1395 417 1472; x_wconf 86' lang='lat' dir='ltr'>potins</span> <span class='ocrx_word' id='word_1_88' title='bbox 439 1398 520 1456; x_wconf 54' lang='lat' dir='ltr'>etrvi</span> <span class='ocrx_word' id='word_1_89' title='bbox 543 1403 573 1456; x_wconf 88' lang='lat' dir='ltr'>et</span> <span class='ocrx_word' id='word_1_90' title='bbox 593 1398 684 1458; x_wconf 84' lang='lat' dir='ltr'>ferro.</span> 
     </span>
    </p>

    <p class='ocr_par' dir='ltr' id='par_1_4' title="bbox 37 1472 1050 2703">
     <span class='ocr_line' id='line_1_15' title="bbox 194 1472 1048 1561; baseline 0 -28"><span class='ocrx_word' id='word_1_91' title='bbox 194 1475 311 1555; x_wconf 56' lang='lat' dir='ltr'>,Auget</span> <span class='ocrx_word' id='word_1_92' title='bbox 333 1497 406 1538; x_wconf 90' lang='lat' dir='ltr'>vero</span> <span class='ocrx_word' id='word_1_93' title='bbox 430 1478 636 1561; x_wconf 80' lang='lat' dir='ltr'>blasphemias</span> <span class='ocrx_word' id='word_1_94' title='bbox 658 1482 687 1540; x_wconf 97' lang='lat' dir='ltr'>in</span> <span class='ocrx_word' id='word_1_95' title='bbox 710 1477 872 1556; x_wconf 86' lang='lat' dir='ltr'>inlinitum,</span> <span class='ocrx_word' id='word_1_96' title='bbox 896 1472 977 1554; x_wconf 92' lang='lat' dir='ltr'>quod</span> <span class='ocrx_word' id='word_1_97' title='bbox 1000 1491 1048 1533; x_wconf 89' lang='lat' dir='ltr'>se·</span> 
     </span>
     <span class='ocr_line' id='line_1_16' title="bbox 126 1556 1049 1643; baseline -0.001 -27"><span class='ocrx_word' id='word_1_98' title='bbox 126 1557 241 1635; x_wconf 86' lang='lat' dir='ltr'>quitur,</span> <span class='ocrx_word' id='word_1_99' title='bbox 280 1559 470 1641; x_wconf 84' lang='lat' dir='ltr'>Religiosnm</span> <span class='ocrx_word' id='word_1_100' title='bbox 511 1564 660 1643; x_wconf 75' lang='lat' dir='ltr'>consequi</span> <span class='ocrx_word' id='word_1_101' title='bbox 690 1582 744 1642; x_wconf 88' lang='lat' dir='ltr'>per</span> <span class='ocrx_word' id='word_1_102' title='bbox 778 1560 968 1622; x_wconf 87' lang='lat' dir='ltr'>oblationem</span> <span class='ocrx_word' id='word_1_103' title='bbox 1001 1556 1049 1616; x_wconf 89' lang='lat' dir='ltr'>sui</span> 
     </span>
     <span class='ocr_line' id='line_1_17' title="bbox 65 1637 1048 1726; baseline 0 -28"><span class='ocrx_word' id='word_1_104' title='bbox 65 1637 70 1645; x_wconf 83' lang='grc'><em>“</em></span> <span class='ocrx_word' id='word_1_105' title='bbox 126 1641 189 1700; x_wconf 92' lang='lat' dir='ltr'>voti</span> <span class='ocrx_word' id='word_1_106' title='bbox 213 1638 312 1724; x_wconf 81' lang='lat' dir='ltr'>(qnod</span> <span class='ocrx_word' id='word_1_107' title='bbox 341 1665 396 1726; x_wconf 90' lang='lat' dir='ltr'>per</span> <span class='ocrx_word' id='word_1_108' title='bbox 427 1643 557 1707; x_wconf 90' lang='lat' dir='ltr'>liberum</span> <span class='ocrx_word' id='word_1_109' title='bbox 586 1646 742 1707; x_wconf 79' lang='lat' dir='ltr'>arbitrium</span> <span class='ocrx_word' id='word_1_110' title='bbox 764 1642 853 1722; x_wconf 81' lang='lat' dir='ltr'>facit)</span> <span class='ocrx_word' id='word_1_111' title='bbox 879 1640 1048 1722; x_wconf 80' lang='lat' dir='ltr'>plenariam</span> 
     </span>
     <span class='ocr_line' id='line_1_18' title="bbox 124 1723 1048 1810; baseline 0 -28"><span class='ocrx_word' id='word_1_112' title='bbox 124 1725 353 1809; x_wconf 82' lang='lat' dir='ltr'>remissionem,</span> <span class='ocrx_word' id='word_1_113' title='bbox 381 1731 468 1808; x_wconf 85' lang='lat' dir='ltr'>quari</span> <span class='ocrx_word' id='word_1_114' title='bbox 491 1729 685 1810; x_wconf 88' lang='lat' dir='ltr'>baptismum.</span> <span class='ocrx_word' id='word_1_115' title='bbox 729 1726 823 1787; x_wconf 88' lang='lat' dir='ltr'>Vides</span> <span class='ocrx_word' id='word_1_116' title='bbox 844 1725 913 1802; x_wconf 77' lang='lat' dir='ltr'>hio,</span> <span class='ocrx_word' id='word_1_117' title='bbox 935 1742 991 1804; x_wconf 93' lang='lat' dir='ltr'>per</span> <span class='ocrx_word' id='word_1_118' title='bbox 1011 1723 1048 1782; x_wconf 88' lang='lat' dir='ltr'>li-</span> 
     </span>
     <span class='ocr_line' id='line_1_19' title="bbox 125 1802 1048 1892; baseline 0 -26"><span class='ocrx_word' id='word_1_119' title='bbox 125 1802 232 1869; x_wconf 85' lang='lat' dir='ltr'>berum</span> <span class='ocrx_word' id='word_1_120' title='bbox 266 1809 420 1871; x_wconf 83' lang='lat' dir='ltr'>arbitrium</span> <span class='ocrx_word' id='word_1_121' title='bbox 449 1813 515 1872; x_wconf 88' lang='lat' dir='ltr'>sine</span> <span class='ocrx_word' id='word_1_122' title='bbox 542 1814 658 1892; x_wconf 84' lang='lat' dir='ltr'>gratia,</span> <span class='ocrx_word' id='word_1_123' title='bbox 691 1813 758 1871; x_wconf 88' lang='lat' dir='ltr'>sine</span> <span class='ocrx_word' id='word_1_124' title='bbox 785 1809 846 1870; x_wconf 82' lang='lat' dir='ltr'>lide</span> <span class='ocrx_word' id='word_1_125' title='bbox 873 1825 930 1868; x_wconf 91' lang='lat' dir='ltr'>nos</span> <span class='ocrx_word' id='word_1_126' title='bbox 952 1824 1048 1887; x_wconf 92' lang='lat' dir='ltr'>posse</span> 
     </span>
     <span class='ocr_line' id='line_1_20' title="bbox 123 1889 1046 1972; baseline -0.001 -23"><span class='ocrx_word' id='word_1_127' title='bbox 123 1889 226 1949; x_wconf 88' lang='lat' dir='ltr'>salvos</span> <span class='ocrx_word' id='word_1_128' title='bbox 248 1889 323 1971; x_wconf 83' lang='lat' dir='ltr'>fieri,</span> <span class='ocrx_word' id='word_1_129' title='bbox 345 1900 456 1954; x_wconf 88' lang='lat' dir='ltr'>ettam</span> <span class='ocrx_word' id='word_1_130' title='bbox 480 1904 618 1972; x_wconf 81' lang='lat' dir='ltr'>sanatos,</span> <span class='ocrx_word' id='word_1_131' title='bbox 641 1914 679 1955; x_wconf 87' lang='lat' dir='ltr'>ae</span> <span class='ocrx_word' id='word_1_132' title='bbox 698 1896 725 1954; x_wconf 88' lang='lat' dir='ltr'>si</span> <span class='ocrx_word' id='word_1_133' title='bbox 745 1893 899 1972; x_wconf 90' lang='lat' dir='ltr'>baptismo</span> <span class='ocrx_word' id='word_1_134' title='bbox 922 1896 953 1950; x_wconf 85' lang='lat' dir='ltr'>et</span> <span class='ocrx_word' id='word_1_135' title='bbox 974 1909 1046 1949; x_wconf 88' lang='lat' dir='ltr'>san-</span> 
     </span>
     <span class='ocr_line' id='line_1_21' title="bbox 125 1971 1047 2059; baseline 0.001 -28"><span class='ocrx_word' id='word_1_136' title='bbox 125 1973 217 2051; x_wconf 84' lang='lat' dir='ltr'>guine</span> <span class='ocrx_word' id='word_1_137' title='bbox 241 1973 350 2035; x_wconf 89' lang='lat' dir='ltr'>Christi</span> <span class='ocrx_word' id='word_1_138' title='bbox 384 1997 522 2037; x_wconf 87' lang='lat' dir='ltr'>essemus</span> <span class='ocrx_word' id='word_1_139' title='bbox 550 1979 681 2059; x_wconf 84' lang='lat' dir='ltr'>purgati.</span> <span class='ocrx_word' id='word_1_140' title='bbox 726 1976 816 2037; x_wconf 80' lang='lat' dir='ltr'>Certe</span> <span class='ocrx_word' id='word_1_141' title='bbox 844 1976 888 2033; x_wconf 88' lang='lat' dir='ltr'>sio</span> <span class='ocrx_word' id='word_1_142' title='bbox 916 1991 970 2034; x_wconf 90' lang='lat' dir='ltr'>eos</span> <span class='ocrx_word' id='word_1_143' title='bbox 993 1971 1047 2032; x_wconf 91' lang='lat' dir='ltr'>do·</span> 
     </span>
     <span class='ocr_line' id='line_1_22' title="bbox 90 2056 1049 2142; baseline 0.001 -27"><span class='ocrx_word' id='word_1_144' title='bbox 90 2095 94 2099; x_wconf 93' lang='lat'>-</span> <span class='ocrx_word' id='word_1_145' title='bbox 124 2057 224 2115; x_wconf 88' lang='lat' dir='ltr'>nuisse</span> <span class='ocrx_word' id='word_1_146' title='bbox 262 2077 323 2117; x_wconf 92' lang='lat' dir='ltr'>non</span> <span class='ocrx_word' id='word_1_147' title='bbox 351 2065 482 2140; x_wconf 87' lang='lat' dir='ltr'>possunt</span> <span class='ocrx_word' id='word_1_148' title='bbox 507 2080 637 2142; x_wconf 86' lang='lat' dir='ltr'>negare,</span> <span class='ocrx_word' id='word_1_149' title='bbox 681 2064 804 2120; x_wconf 85' lang='lat' dir='ltr'>ex&#39;atnnt</span> <span class='ocrx_word' id='word_1_150' title='bbox 836 2056 948 2136; x_wconf 88' lang='lat' dir='ltr'>ubique</span> <span class='ocrx_word' id='word_1_151' title='bbox 975 2056 1049 2116; x_wconf 83' lang='lat' dir='ltr'>viva</span> 
     </span>
     <span class='ocr_line' id='line_1_23' title="bbox 125 2139 1047 2224; baseline 0.002 -25"><span class='ocrx_word' id='word_1_152' title='bbox 125 2139 277 2219; x_wconf 85' lang='lat' dir='ltr'>exempla,</span> <span class='ocrx_word' id='word_1_153' title='bbox 301 2148 331 2201; x_wconf 89' lang='lat' dir='ltr'>et</span> <span class='ocrx_word' id='word_1_154' title='bbox 353 2143 466 2224; x_wconf 88' lang='lat' dir='ltr'>soripta</span> <span class='ocrx_word' id='word_1_155' title='bbox 488 2145 663 2204; x_wconf 86' lang='lat' dir='ltr'>testimonia</span> <span class='ocrx_word' id='word_1_156' title='bbox 685 2162 740 2223; x_wconf 91' lang='lat' dir='ltr'>per</span> <span class='ocrx_word' id='word_1_157' title='bbox 755 2147 852 2202; x_wconf 89' lang='lat' dir='ltr'>totam</span> <span class='ocrx_word' id='word_1_158' title='bbox 874 2139 1047 2201; x_wconf 79' lang='lat' dir='ltr'>eeclesiam.</span> 
     </span>
     <span class='ocr_line' id='line_1_24' title="bbox 126 2221 1048 2301; baseline -0.003 -19"><span class='ocrx_word' id='word_1_159' title='bbox 126 2221 280 2301; x_wconf 84' lang='lat' dir='ltr'>Colligant</span> <span class='ocrx_word' id='word_1_160' title='bbox 311 2244 393 2285; x_wconf 89' lang='lat' dir='ltr'>nuno</span> <span class='ocrx_word' id='word_1_161' title='bbox 421 2245 529 2287; x_wconf 93' lang='lat' dir='ltr'>omnes</span> <span class='ocrx_word' id='word_1_162' title='bbox 553 2228 696 2287; x_wconf 84' lang='lat' dir='ltr'>haereses</span> <span class='ocrx_word' id='word_1_163' title='bbox 724 2231 756 2285; x_wconf 88' lang='lat' dir='ltr'>et</span> <span class='ocrx_word' id='word_1_164' title='bbox 784 2242 903 2286; x_wconf 89' lang='lat' dir='ltr'>errores</span> <span class='ocrx_word' id='word_1_165' title='bbox 926 2221 1048 2281; x_wconf 90' lang='lat' dir='ltr'>Lutheri</span> 
     </span>
     <span class='ocr_line' id='line_1_25' title="bbox 37 2302 1048 2388; baseline -0.002 -23"><span class='ocrx_word' id='word_1_166' title='bbox 37 2302 42 2311; x_wconf 85' lang='lat'>&#39;</span> <span class='ocrx_word' id='word_1_167' title='bbox 126 2307 178 2382; x_wconf 81' lang='lat' dir='ltr'>(ut</span> <span class='ocrx_word' id='word_1_168' title='bbox 198 2312 327 2382; x_wconf 87' lang='lat' dir='ltr'>vooant)</span> <span class='ocrx_word' id='word_1_169' title='bbox 358 2314 388 2370; x_wconf 86' lang='lat' dir='ltr'>et</span> <span class='ocrx_word' id='word_1_170' title='bbox 413 2310 573 2371; x_wconf 77' lang='lat' dir='ltr'>conserant</span> <span class='ocrx_word' id='word_1_171' title='bbox 595 2329 663 2369; x_wconf 89' lang='lat' dir='ltr'>eum</span> <span class='ocrx_word' id='word_1_172' title='bbox 686 2308 732 2368; x_wconf 96' lang='lat' dir='ltr'>his</span> <span class='ocrx_word' id='word_1_173' title='bbox 755 2305 953 2388; x_wconf 90' lang='lat' dir='ltr'>blasphemiis</span> <span class='ocrx_word' id='word_1_174' title='bbox 975 2303 1048 2381; x_wconf 80' lang='lat' dir='ltr'>suis,</span> 
     </span>
     <span class='ocr_line' id='line_1_26' title="bbox 125 2384 1048 2470; baseline -0.002 -22"><span class='ocrx_word' id='word_1_175' title='bbox 125 2393 156 2448; x_wconf 89' lang='lat' dir='ltr'>et</span> <span class='ocrx_word' id='word_1_176' title='bbox 177 2397 269 2469; x_wconf 78' lang='lat' dir='ltr'>coget</span> <span class='ocrx_word' id='word_1_177' title='bbox 290 2409 345 2452; x_wconf 81' lang='lat' dir='ltr'>sos</span> <span class='ocrx_word' id='word_1_178' title='bbox 368 2393 459 2452; x_wconf 86' lang='lat' dir='ltr'>etiam</span> <span class='ocrx_word' id='word_1_179' title='bbox 487 2412 575 2453; x_wconf 91' lang='lat' dir='ltr'>sumn</span> <span class='ocrx_word' id='word_1_180' title='bbox 602 2391 732 2451; x_wconf 91' lang='lat' dir='ltr'>liberum</span> <span class='ocrx_word' id='word_1_181' title='bbox 755 2389 911 2450; x_wconf 87' lang='lat' dir='ltr'>arbitrium</span> <span class='ocrx_word' id='word_1_182' title='bbox 934 2384 1048 2470; x_wconf 86' lang='lat' dir='ltr'>(quan-</span> 
     </span>
     <span class='ocr_line' id='line_1_27' title="bbox 125 2472 1049 2559; baseline 0.001 -30"><span class='ocrx_word' id='word_1_183' title='bbox 125 2472 373 2534; x_wconf 83' lang='lat' dir='ltr'>tumvisSatana</span> <span class='ocrx_word' id='word_1_184' title='bbox 400 2473 579 2559; x_wconf 87' lang='lat' dir='ltr'>obsessum)</span> <span class='ocrx_word' id='word_1_185' title='bbox 602 2473 758 2553; x_wconf 75' lang='lat' dir='ltr'>confiteri,</span> <span class='ocrx_word' id='word_1_186' title='bbox 793 2473 950 2553; x_wconf 86' lang='lat' dir='ltr'>Papistam</span> <span class='ocrx_word' id='word_1_187' title='bbox 979 2487 1049 2530; x_wconf 85' lang='lat' dir='ltr'>esse</span> 
     </span>
     <span class='ocr_line' id='line_1_28' title="bbox 124 2551 1050 2636; baseline -0.002 -23"><span class='ocrx_word' id='word_1_188' title='bbox 124 2572 186 2614; x_wconf 91' lang='lat' dir='ltr'>non</span> <span class='ocrx_word' id='word_1_189' title='bbox 210 2555 396 2618; x_wconf 87' lang='lat' dir='ltr'>haeretionrn</span> <span class='ocrx_word' id='word_1_190' title='bbox 419 2566 472 2618; x_wconf 88' lang='lat' dir='ltr'>aut</span> <span class='ocrx_word' id='word_1_191' title='bbox 489 2578 662 2634; x_wconf 83' lang='lat' dir='ltr'>erroneum,</span> <span class='ocrx_word' id='word_1_192' title='bbox 684 2556 739 2617; x_wconf 91' lang='lat' dir='ltr'>sed</span> <span class='ocrx_word' id='word_1_193' title='bbox 755 2557 847 2636; x_wconf 88' lang='lat' dir='ltr'>plane</span> <span class='ocrx_word' id='word_1_194' title='bbox 861 2556 958 2635; x_wconf 85' lang='lat' dir='ltr'>ipsam</span> <span class='ocrx_word' id='word_1_195' title='bbox 974 2551 1050 2613; x_wconf 88' lang='lat' dir='ltr'>abo-</span> 
     </span>
     <span class='ocr_line' id='line_1_29' title="bbox 96 2637 703 2703; baseline 0.018 -13"><span class='ocrx_word' id='word_1_196' title='bbox 96 2682 101 2690; x_wconf 86' lang='grc'><em>.</em></span> <span class='ocrx_word' id='word_1_197' title='bbox 127 2637 325 2700; x_wconf 89' lang='lat' dir='ltr'>minationem</span> <span class='ocrx_word' id='word_1_198' title='bbox 349 2643 484 2702; x_wconf 93' lang='lat' dir='ltr'>omnium</span> <span class='ocrx_word' id='word_1_199' title='bbox 508 2642 703 2703; x_wconf 86' lang='lat' dir='ltr'>daemonum.</span> 
     </span>
    </p>

    <p class='ocr_par' dir='ltr' id='par_1_5' title="bbox 70 2716 1052 3614">
     <span class='ocr_line' id='line_1_30' title="bbox 207 2716 1051 2803; baseline -0.005 -23"><span class='ocrx_word' id='word_1_200' title='bbox 207 2721 276 2781; x_wconf 89' lang='lat' dir='ltr'>Non</span> <span class='ocrx_word' id='word_1_201' title='bbox 297 2723 444 2785; x_wconf 87' lang='lat' dir='ltr'>dissimile</span> <span class='ocrx_word' id='word_1_202' title='bbox 466 2731 523 2803; x_wconf 86' lang='lat' dir='ltr'>est,</span> <span class='ocrx_word' id='word_1_203' title='bbox 546 2725 627 2803; x_wconf 91' lang='lat' dir='ltr'>qnod</span> <span class='ocrx_word' id='word_1_204' title='bbox 652 2723 797 2801; x_wconf 85' lang='lat' dir='ltr'>sequitur,</span> <span class='ocrx_word' id='word_1_205' title='bbox 820 2720 946 2797; x_wconf 82' lang='lat' dir='ltr'>scilieet,</span> <span class='ocrx_word' id='word_1_206' title='bbox 969 2716 1051 2778; x_wconf 85' lang='lat' dir='ltr'>Reli-</span> 
     </span>
     <span class='ocr_line' id='line_1_31' title="bbox 125 2800 1050 2884; baseline -0.001 -23"><span class='ocrx_word' id='word_1_207' title='bbox 125 2803 231 2882; x_wconf 87' lang='lat' dir='ltr'>giosos</span> <span class='ocrx_word' id='word_1_208' title='bbox 247 2805 315 2865; x_wconf 91' lang='lat' dir='ltr'>Deo</span> <span class='ocrx_word' id='word_1_209' title='bbox 339 2806 448 2866; x_wconf 86' lang='lat' dir='ltr'>offerre</span> <span class='ocrx_word' id='word_1_210' title='bbox 470 2806 610 2867; x_wconf 91' lang='lat' dir='ltr'>arborem</span> <span class='ocrx_word' id='word_1_211' title='bbox 633 2825 702 2865; x_wconf 86' lang='lat' dir='ltr'>eum</span> <span class='ocrx_word' id='word_1_212' title='bbox 725 2805 821 2864; x_wconf 91' lang='lat' dir='ltr'>lruotu</span> <span class='ocrx_word' id='word_1_213' title='bbox 849 2802 948 2884; x_wconf 84' lang='lat' dir='ltr'>(hane</span> <span class='ocrx_word' id='word_1_214' title='bbox 969 2800 1050 2861; x_wconf 87' lang='lat' dir='ltr'>enim</span> 
     </span>
     <span class='ocr_line' id='line_1_32' title="bbox 128 2883 1050 2964; baseline 0 -20"><span class='ocrx_word' id='word_1_215' title='bbox 128 2885 307 2964; x_wconf 88' lang='lat' dir='ltr'>parabolam</span> <span class='ocrx_word' id='word_1_216' title='bbox 337 2889 420 2949; x_wconf 92' lang='lat' dir='ltr'>miris</span> <span class='ocrx_word' id='word_1_217' title='bbox 451 2889 550 2950; x_wconf 89' lang='lat' dir='ltr'>modis</span> <span class='ocrx_word' id='word_1_218' title='bbox 572 2888 803 2949; x_wconf 85' lang='lat' dir='ltr'>ineuleaverunt</span> <span class='ocrx_word' id='word_1_219' title='bbox 824 2894 855 2946; x_wconf 88' lang='lat' dir='ltr'>et</span> <span class='ocrx_word' id='word_1_220' title='bbox 877 2883 1050 2945; x_wconf 78' lang='lat' dir='ltr'>celebrave-</span> 
     </span>
     <span class='ocr_line' id='line_1_33' title="bbox 125 2965 1052 3050; baseline -0.002 -23"><span class='ocrx_word' id='word_1_221' title='bbox 125 2974 211 3048; x_wconf 82' lang='lat' dir='ltr'>runt,</span> <span class='ocrx_word' id='word_1_222' title='bbox 236 2976 266 3030; x_wconf 91' lang='lat' dir='ltr'>et</span> <span class='ocrx_word' id='word_1_223' title='bbox 289 2979 336 3030; x_wconf 89' lang='lat' dir='ltr'>est</span> <span class='ocrx_word' id='word_1_224' title='bbox 358 2971 438 3050; x_wconf 87' lang='lat' dir='ltr'>apud</span> <span class='ocrx_word' id='word_1_225' title='bbox 462 2991 516 3032; x_wconf 88' lang='lat' dir='ltr'>sos</span> <span class='ocrx_word' id='word_1_226' title='bbox 539 2990 595 3032; x_wconf 84' lang='lat' dir='ltr'>eeu</span> <span class='ocrx_word' id='word_1_227' title='bbox 618 2970 762 3032; x_wconf 87' lang='lat' dir='ltr'>artioulus</span> <span class='ocrx_word' id='word_1_228' title='bbox 785 2965 885 3050; x_wconf 85' lang='lat' dir='ltr'>fidei).</span> <span class='ocrx_word' id='word_1_229' title='bbox 929 2967 1052 3028; x_wconf 82' lang='lat' dir='ltr'>Dooent</span> 
     </span>
     <span class='ocr_line' id='line_1_34' title="bbox 125 3051 1050 3136; baseline -0.003 -25"><span class='ocrx_word' id='word_1_230' title='bbox 125 3051 217 3126; x_wconf 82' lang='lat' dir='ltr'>igitur</span> <span class='ocrx_word' id='word_1_231' title='bbox 250 3052 308 3113; x_wconf 85' lang='lat' dir='ltr'>han</span> <span class='ocrx_word' id='word_1_232' title='bbox 333 3072 421 3115; x_wconf 87' lang='lat' dir='ltr'>saera</span> <span class='ocrx_word' id='word_1_233' title='bbox 442 3055 601 3136; x_wconf 85' lang='lat' dir='ltr'>theologia</span> <span class='ocrx_word' id='word_1_234' title='bbox 622 3074 693 3131; x_wconf 85' lang='lat' dir='ltr'>sna,</span> <span class='ocrx_word' id='word_1_235' title='bbox 727 3052 889 3114; x_wconf 81' lang='lat' dir='ltr'>ecelesiam</span> <span class='ocrx_word' id='word_1_236' title='bbox 912 3055 1050 3110; x_wconf 80' lang='lat' dir='ltr'>sanatam</span> 
     </span>
     <span class='ocr_line' id='line_1_35' title="bbox 126 3131 1051 3216; baseline -0.002 -23"><span class='ocrx_word' id='word_1_237' title='bbox 126 3151 187 3194; x_wconf 90' lang='lat' dir='ltr'>non</span> <span class='ocrx_word' id='word_1_238' title='bbox 220 3134 330 3196; x_wconf 85' lang='lat' dir='ltr'>offerre</span> <span class='ocrx_word' id='word_1_239' title='bbox 358 3137 517 3216; x_wconf 82' lang='lat' dir='ltr'>arborem,</span> <span class='ocrx_word' id='word_1_240' title='bbox 551 3137 604 3198; x_wconf 88' lang='lat' dir='ltr'>sed</span> <span class='ocrx_word' id='word_1_241' title='bbox 632 3143 748 3197; x_wconf 87' lang='lat' dir='ltr'>tantum</span> <span class='ocrx_word' id='word_1_242' title='bbox 772 3135 904 3209; x_wconf 81' lang='lat' dir='ltr'>fruetus,</span> <span class='ocrx_word' id='word_1_243' title='bbox 939 3131 969 3191; x_wconf 93' lang='lat' dir='ltr'>id</span> <span class='ocrx_word' id='word_1_244' title='bbox 993 3136 1051 3209; x_wconf 84' lang='lat' dir='ltr'>est,</span> 
     </span>
     <span class='ocr_line' id='line_1_36' title="bbox 126 3218 1051 3299; baseline -0.003 -22"><span class='ocrx_word' id='word_1_245' title='bbox 126 3218 286 3277; x_wconf 78' lang='lat' dir='ltr'>ecelesiam</span> <span class='ocrx_word' id='word_1_246' title='bbox 317 3237 385 3280; x_wconf 90' lang='lat' dir='ltr'>esse</span> <span class='ocrx_word' id='word_1_247' title='bbox 413 3222 558 3299; x_wconf 84' lang='lat' dir='ltr'>exignum</span> <span class='ocrx_word' id='word_1_248' title='bbox 593 3219 663 3299; x_wconf 88' lang='lat' dir='ltr'>qnid</span> <span class='ocrx_word' id='word_1_249' title='bbox 704 3219 742 3280; x_wconf 88' lang='lat' dir='ltr'>ad</span> <span class='ocrx_word' id='word_1_250' title='bbox 766 3218 941 3298; x_wconf 84' lang='lat' dir='ltr'>Religiosos</span> <span class='ocrx_word' id='word_1_251' title='bbox 966 3233 1051 3275; x_wconf 83' lang='lat' dir='ltr'>eom·</span> 
     </span>
     <span class='ocr_line' id='line_1_37' title="bbox 70 3296 1052 3383; baseline -0.003 -25"><span class='ocrx_word' id='word_1_252' title='bbox 70 3299 73 3303; x_wconf 74' lang='grc'>’</span> <span class='ocrx_word' id='word_1_253' title='bbox 125 3307 279 3379; x_wconf 76' lang='lat' dir='ltr'>paratam,</span> <span class='ocrx_word' id='word_1_254' title='bbox 312 3304 431 3365; x_wconf 87' lang='lat' dir='ltr'>etiamsi</span> <span class='ocrx_word' id='word_1_255' title='bbox 461 3303 572 3365; x_wconf 83' lang='lat' dir='ltr'>Christi</span> <span class='ocrx_word' id='word_1_256' title='bbox 608 3303 757 3383; x_wconf 83' lang='lat' dir='ltr'>sanguine</span> <span class='ocrx_word' id='word_1_257' title='bbox 789 3303 828 3361; x_wconf 88' lang='lat' dir='ltr'>sit</span> <span class='ocrx_word' id='word_1_258' title='bbox 860 3296 1052 3359; x_wconf 76' lang='lat' dir='ltr'>sanctificata</span> 
     </span>
     <span class='ocr_line' id='line_1_38' title="bbox 127 3379 1051 3465; baseline -0.001 -25"><span class='ocrx_word' id='word_1_259' title='bbox 127 3389 159 3440; x_wconf 89' lang='lat' dir='ltr'>et</span> <span class='ocrx_word' id='word_1_260' title='bbox 180 3390 244 3442; x_wconf 92' lang='lat' dir='ltr'>tota</span> <span class='ocrx_word' id='word_1_261' title='bbox 266 3403 334 3444; x_wconf 89' lang='lat' dir='ltr'>sese</span> <span class='ocrx_word' id='word_1_262' title='bbox 358 3386 466 3456; x_wconf 78' lang='lat' dir='ltr'>offerat</span> <span class='ocrx_word' id='word_1_263' title='bbox 484 3386 617 3465; x_wconf 88' lang='lat' dir='ltr'>assidue,</span> <span class='ocrx_word' id='word_1_264' title='bbox 641 3386 733 3464; x_wconf 84' lang='lat' dir='ltr'>longe</span> <span class='ocrx_word' id='word_1_265' title='bbox 752 3385 848 3444; x_wconf 88' lang='lat' dir='ltr'>maius</span> <span class='ocrx_word' id='word_1_266' title='bbox 872 3381 961 3442; x_wconf 86' lang='lat' dir='ltr'>offert</span> <span class='ocrx_word' id='word_1_267' title='bbox 979 3379 1051 3439; x_wconf 87' lang='lat' dir='ltr'>libe-</span> 
     </span>
     <span class='ocr_line' id='line_1_39' title="bbox 126 3464 1051 3546; baseline -0.002 -24"><span class='ocrx_word' id='word_1_268' title='bbox 126 3484 190 3523; x_wconf 90' lang='lat' dir='ltr'>rum</span> <span class='ocrx_word' id='word_1_269' title='bbox 225 3466 379 3527; x_wconf 86' lang='lat' dir='ltr'>arbitrium</span> <span class='ocrx_word' id='word_1_270' title='bbox 412 3473 477 3529; x_wconf 89' lang='lat' dir='ltr'>sine</span> <span class='ocrx_word' id='word_1_271' title='bbox 513 3470 650 3546; x_wconf 81' lang='lat' dir='ltr'>Christe,</span> <span class='ocrx_word' id='word_1_272' title='bbox 686 3487 776 3546; x_wconf 85' lang='lat' dir='ltr'>qnam</span> <span class='ocrx_word' id='word_1_273' title='bbox 814 3466 950 3528; x_wconf 88' lang='lat' dir='ltr'>Christus</span> <span class='ocrx_word' id='word_1_274' title='bbox 984 3464 1051 3542; x_wconf 91' lang='lat' dir='ltr'>ipse</span> 
     </span>
     <span class='ocr_line' id='line_1_40' title="bbox 128 3546 412 3614; baseline 0.028 -9"><span class='ocrx_word' id='word_1_275' title='bbox 128 3546 237 3608; x_wconf 90' lang='lat' dir='ltr'>obtulit</span> <span class='ocrx_word' id='word_1_276' title='bbox 259 3551 288 3609; x_wconf 94' lang='lat' dir='ltr'>in</span> <span class='ocrx_word' id='word_1_277' title='bbox 313 3569 412 3614; x_wconf 81' lang='lat' dir='ltr'>ornae.</span> 
     </span>
    </p>

    <p class='ocr_par' dir='ltr' id='par_1_6' title="bbox 126 3625 1052 3803">
     <span class='ocr_line' id='line_1_41' title="bbox 210 3625 1050 3716; baseline -0.007 -24"><span class='ocrx_word' id='word_1_278' title='bbox 210 3631 248 3692; x_wconf 83' lang='lat' dir='ltr'>Et</span> <span class='ocrx_word' id='word_1_279' title='bbox 269 3632 350 3693; x_wconf 87' lang='lat' dir='ltr'>hune</span> <span class='ocrx_word' id='word_1_280' title='bbox 373 3634 489 3694; x_wconf 90' lang='lat' dir='ltr'>hiatum</span> <span class='ocrx_word' id='word_1_281' title='bbox 513 3634 681 3716; x_wconf 83' lang='lat' dir='ltr'>blasphemi</span> <span class='ocrx_word' id='word_1_282' title='bbox 710 3632 799 3693; x_wconf 92' lang='lat' dir='ltr'>huius</span> <span class='ocrx_word' id='word_1_283' title='bbox 821 3629 955 3714; x_wconf 87' lang='lat' dir='ltr'>portenti</span> <span class='ocrx_word' id='word_1_284' title='bbox 977 3625 1050 3687; x_wconf 90' lang='lat' dir='ltr'>mihi</span> 
     </span>
     <span class='ocr_line' id='line_1_42' title="bbox 126 3710 1052 3803; baseline 0.002 -25"><span class='ocrx_word' id='word_1_285' title='bbox 126 3714 303 3795; x_wconf 72' lang='lat' dir='ltr'>considera,</span> <span class='ocrx_word' id='word_1_286' title='bbox 339 3716 469 3798; x_wconf 85' lang='lat' dir='ltr'>Votum,</span> <span class='ocrx_word' id='word_1_287' title='bbox 501 3718 616 3798; x_wconf 81' lang='lat' dir='ltr'>inquit,</span> <span class='ocrx_word' id='word_1_288' title='bbox 642 3716 790 3796; x_wconf 85' lang='lat' dir='ltr'>Religiosi</span> <span class='ocrx_word' id='word_1_289' title='bbox 813 3710 938 3802; x_wconf 78' lang='lat' dir='ltr'>superat</span> <span class='ocrx_word' id='word_1_290' title='bbox 959 3729 1052 3803; x_wconf 62' lang='lat' dir='ltr'>emita</span> 
     </span>
    </p>
   </div>
   <div class='ocr_carea' id='block_1_3' title="bbox 0 0 1179 4162">
    <p class='ocr_par' dir='ltr' id='par_1_7' title="bbox 0 0 1179 4162">
     <span class='ocr_line' id='line_1_43' title="bbox 0 0 1179 4162; baseline 0 0"><span class='ocrx_word' id='word_1_291' title='bbox 0 0 1179 4162; x_wconf 95' lang='lat' dir='ltr'> </span> 
     </span>
    </p>
   </div>
  </div>
 </body>
</html>
