2348 4162
152 236 155 241 ’
205 247 269 343 304
445 248 489 306 uo
506 263 588 305 servo
607 247 722 305 statano
739 248 775 305 o.
792 250 828 306 u.
847 248 880 305 n.

206 435 269 479 non
292 417 523 498 principalium,
557 417 688 479 mundus
721 419 799 480 enim
821 417 970 500 flgnilloat
989 417 1131 481 hominos

206 500 360 561 mundana
382 502 537 581 sapientes
559 502 697 583 partibus
720 501 872 566 omnibus.

289 581 321 647 si
344 590 426 645 totus
448 584 542 645 homo
557 583 699 669 (iuquit),
722 586 814 646 etiam
824 591 948 647 renatus
960 604 1017 666 par
1028 582 1131 665 fldem,

206 667 280 729 nihil
302 667 384 728 aliud
408 670 472 744 est,
507 686 598 747 quam
623 687 712 747 oaro,
745 668 797 728 uhi
823 670 946 750 spiritus
977 688 996 729 a
1023 668 1130 749 spiritu

206 750 317 819 natus?
340 750 390 812 ubi
413 749 492 810 tilius
517 751 593 811 Dei?
616 751 668 813 ubi
690 770 773 812 nova
787 750 950 813 ereatura?
971 746 1129 832 Superbia

207 833 309 895 dooeri
331 834 433 895 velim.
476 833 562 895 Haeo
585 833 724 896 diatriba.

288 916 378 992 Quo?
402 916 484 996 quo?
514 936 583 977 mea
605 916 734 979 diatriba
756 918 932 997 carissima,
954 916 1029 997 quid
1051 934 1129 978 som·

206 999 296 1060 nias?
338 1000 384 1060 Tu
407 1000 485 1079 petia
508 999 627 1080 dooeri,
659 1000 815 1080 quomodo
843 1001 965 1080 spiritus
1000 1005 1128 1061 natusa

206 1084 311 1162 spiritu
335 1084 374 1142 sit
395 1101 478 1146 earo.
500 1083 581 1143 Proh
603 1102 695 1163 quam
718 1084 800 1145 laeta
816 1091 847 1144 et
867 1102 978 1144 seoura
1000 1084 1126 1145 viatoria

205 1165 295 1226 nobis
320 1166 407 1225 viotis
430 1165 479 1225 hio
499 1167 637 1247 insultas,
661 1169 748 1248 quasi
770 1165 960 1247 impossibile
983 1168 1041 1245 sit,
1074 1185 1126 1227 nos

205 1249 256 1309 hio
277 1247 450 1312 subsistere.
494 1249 617 1309 Interim
641 1256 777 1311 veterum
790 1251 953 1311 autoritate
976 1250 1023 1309 vis
1037 1249 1126 1327 abuti,

206 1333 257 1411 qui
279 1333 398 1392 semina
433 1331 582 1411 quaedam
612 1332 733 1393 honesti
756 1332 879 1394 tradunt
906 1333 1002 1392 insita
1023 1333 1124 1393 menti·

206 1415 262 1475 hus
285 1415 452 1475 hominum.
494 1415 638 1494 Primum,
661 1417 686 1477 si
709 1418 751 1476 ita
772 1417 829 1493 vis,
850 1435 906 1496 per
923 1434 982 1475 nos
1006 1414 1124 1494 quidem

206 1497 294 1574 lieet,
326 1505 358 1558 ut
391 1505 525 1559 veterum
549 1501 713 1559 autoritate
736 1501 828 1558 utaris
851 1498 898 1559 vel
918 1497 1073 1577 abutaris,
1099 1506 1124 1558 ιιι

206 1580 316 1641 videris
349 1581 421 1659 qnid
443 1580 561 1658 eredas,
576 1576 634 1661 'qui
657 1582 830 1642 hominibus
852 1580 961 1658 aredio,
985 1600 1043 1641 sua
1065 1579 1122 1643 dia-

206 1665 339 1725 tantihus
361 1665 427 1724 sine
450 1662 544 1727 verbo
568 1665 634 1729 Dei.
676 1663 743 1727 Neu
764 1665 842 1725 forte
862 1664 993 1725 multum¹
1013 1673 1046 1725 te
1066 1682 1124 1725 oru-

205 1749 267 1808 oiat
287 1747 442 1825 religionis
466 1766 548 1824 eura,
571 1747 642 1826 quid
665 1748 732 1826 quis
752 1746 865 1827 eredat,
888 1747 1016 1826 quitum
1041 1746 1123 1807 sanila

205 1829 379 1891 hominibus
403 1829 517 1907 orodis,
542 1830 615 1890 nihil
638 1841 789 1906 moratus,
810 1836 849 1891 au
872 1838 988 1890 eertum
1013 1831 1063 1891 val
1083 1832 1124 1891 ia·

149 1956 155 1965 .
206 1920 321 1973 eertum
345 1915 385 1972 sit
405 1912 486 1993 apud
510 1915 617 1995 Deum,
641 1913 723 1992 quod
745 1912 859 1977 diouut.
904 1913 944 1973 Et
967 1930 1123 1994 nosaupar

205 1996 267 2056 hoo
288 1995 393 2057 dooeri
414 1996 557 2075 velimus,
588 1996 712 2075 quando
744 2015 802 2057 nos
825 2014 958 2076 unquam
981 1996 1013 2057 id
1036 1995 1123 2057 dosu-

206 2081 333 2160 erimus,
362 2079 445 2159 quod
468 2087 499 2139 tu
523 2088 582 2140 tam
606 2079 702 2140 libare
725 2087 755 2140 et
777 2078 899 2159 publiea
921 2077 1013 2140 nobis
1035 2080 1123 2160 impu·

206 2162 274 2223 tas?
297 2161 371 2238 Quis
393 2165 435 2222 ita
456 2163 598 2240 insaniat,
622 2170 655 2223 ut
668 2162 741 2222 nihil
753 2165 809 2223 nisi
823 2179 947 2223 caruem
960 2179 1032 2223 essa
1046 2162 1122 2223 dioal

207 2265 288 2322 eum,
311 2247 362 2324 qui
384 2253 473 2306 uatus
496 2251 543 2305 est
564 2265 603 2305 ex
619 2245 746 2325 spiritu?

289 2326 356 2390 Nos
378 2328 538 2389 manifeste
570 2348 748 2408 separamus
781 2347 903 2389 earnem
927 2335 959 2388 et
991 2329 1123 2409 spiritum

206 2418 350 2493 tanquam
374 2431 423 2471 res
445 2418 634 2492 pugnantes,
669 2412 857 2490 dioimusque
892 2429 960 2470 oum
1001 2409 1121 2472 oraoulo

119 2532 122 2537 -
207 2495 328 2575 divino,
359 2495 531 2576 hominem,
566 2496 703 2576 quinon
733 2499 780 2555 est
802 2501 927 2555 renatus
951 2512 1006 2574 per
1028 2492 1134 2569 fldem,

207 2598 276 2639 esse
298 2597 431 2642 earnem.
477 2578 593 2639 Deinde
614 2587 752 2638 renatum
776 2595 836 2637 nou
850 2577 983 2657 amplius
1006 2593 1121 2639 sarnam

207 2681 275 2723 esse
300 2661 437 2740 dioimus,
460 2679 550 2740 quam
573 2660 740 2721 seeundum
762 2661 906 2739 reliquias
921 2661 1035 2738 oarnis,
1052 2675 1123 2740 quaa

206 2745 405 2805 adversantur
434 2745 573 2823 primitiis
606 2744 726 2824 aooepti
755 2746 887 2824 spiritus.
930 2742 999 2803 Neo
1027 2740 1122 2817 orado,

207 2827 289 2907 quod
312 2828 372 2888 hoo
397 2829 427 2886 in
450 2828 545 2887 nostri
568 2827 701 2888 volueris
723 2826 866 2886 iuvidiam
889 2824 1025 2906 lingere,
1052 2825 1122 2887 alio·

207 2913 258 2989 qui
291 2911 362 2988 quid
386 2916 509 2990 poteras
533 2909 621 2971 nobis
645 2910 822 2970 sceleratius
845 2908 1029 2988 imponere?
1066 2903 1120 2969 ssd

208 2994 256 3054 vel
278 2993 352 3054 nihil
374 2993 520 3074 intelligis
542 3000 837 3070 nostrarumrarum,
861 2991 909 3051 vel
926 2989 1122 3071 magnitudini

206 3096 306 3137 rerum
330 3078 427 3157 impar
449 3096 519 3137 esse
541 3076 669 3157 videris,
693 3095 752 3155 qua
775 3076 820 3136 sio
842 3076 989 3156 premeris
1013 3086 1043 3135 el
1059 3090 1123 3135 ooa-

206 3159 342 3221 lunderis
363 3161 452 3239 torte,
474 3166 590 3220 utnon
613 3161 687 3219 satis
711 3178 828 3219 memor
849 3159 905 3238 sis,
929 3156 1003 3237 quid
1029 3157 1078 3220 val
1097 3157 1122 3216 in

206 3263 274 3323 nos,
300 3243 348 3303 vel
370 3263 426 3324 pro
455 3250 486 3303 te
508 3242 602 3307 dioas.
644 3241 723 3302 Nam
753 3243 834 3321 quod
860 3250 997 3301 veteram
1021 3238 1124 3302 autori·

207 3333 270 3388 tate
292 3326 390 3387 eredis
412 3328 531 3387 semina
552 3324 702 3404 quaedam
718 3325 839 3386 honesti
859 3325 953 3384 insita
977 3324 1123 3386 mentibus

206 3409 375 3491 hominum,
398 3411 505 3470 iterum
529 3409 685 3469 oblivione
699 3407 830 3488 quadam
843 3405 930 3487 diois,
952 3424 1023 3467 oum
1038 3422 1124 3487 supra

207 3494 384 3572 asserueris,
407 3492 482 3553 nihil
504 3492 577 3552 honi
600 3491 680 3552 velle
702 3508 794 3571 posse
817 3490 946 3550 liberum
961 3490 1123 3551 arbitrium.

206 3571 278 3637 Non
301 3594 394 3657 posse
415 3584 516 3636 autem
539 3575 701 3654 quiequam
724 3573 897 3651 bonivelle,
919 3575 1039 3652 nasoio,
1055 3588 1123 3653 quo·

207 3659 300 3719 modo
325 3677 429 3720 ssoum
453 3659 584 3739 patiatur
607 3658 725 3718 semina
747 3656 897 3737 quaedam
921 3656 1058 3721 honesti.
1079 3653 1124 3715 Sis

207 3762 267 3821 ego
290 3749 440 3824 perpetuo
462 3759 559 3823 sogor
581 3748 610 3801 te
632 3740 799 3802 admonere
821 3747 919 3801 status
940 3754 1123 3802 oausassus
