2348 4162
168 245 310 315 quomodo
327 245 390 299 libri
408 245 478 300 blasi
498 261 515 299 a
532 245 693 301 Christianis
713 245 823 316 legendi
842 246 905 302 sint.
962 243 1002 310 97

83 415 184 474 stiani.
228 414 423 475 Manifestum
454 424 501 476 est
530 416 610 476 enim
633 434 701 475 eam
737 422 852 476 tanturn
882 414 925 476 illi
948 434 1003 494 po·

84 497 159 576 pulo
182 495 284 557 datam
307 517 385 575 esse,
408 506 442 558 et.
459 499 590 578 populus
613 497 705 558 lsrael
728 499 770 558 ita
792 518 860 558 eam
883 499 1004 578 accepit

84 591 117 639 ut
139 601 159 640 a
181 600 216 639 se
238 586 269 640 et
290 581 421 660 posteris
444 583 506 641 suis
529 579 727 659 servandam,
752 582 884 642 exclusis
907 584 1002 661 genti·
1039 590 1047 657 f

84 662 152 742 bus,
175 663 254 722 sicut
272 663 329 724 soli
351 663 422 723 huic
444 658 559 743 populo
583 663 654 722 data
681 671 747 723 erat
769 666 930 742 promissio
955 682 1014 724 oc.

83 745 245 827 cupaudae
267 753 367 806 terrae
389 745 537 826 Cauaau,
567 749 638 806 item
663 745 700 806 da
724 745 843 806 Christo
867 767 907 806 ex·
929 748 1002 826 ipsis

84 829 250 891 nascituro.
294 827 335 890 Ut
357 831 437 889 enim
466 822 572 890 abhis
596 829 742 890 exclusae
777 838 862 889 crant
884 836 1003 909 gentes,

84 913 127 972 ita
151 919 182 971 et
204 919 269 971 tota
296 911 349 972 illa
370 911 478 991 politia
505 912 581 993 legis
605 909 758 972 Moesicae
782 912 854 972 nihil
886 911 924 971 ad
948 930 1002 972 eos

84 993 439 1073 pertinebat,uadeoque
462 1015 500 1055 ne
523 995 600 1055 haec
622 994 743 1073 quidem
770 996 901 1071 concio,
925 1012 1004 1073 quas

83 1080 114 1137 in
139 1084 246 1138 moute
268 1075 341 1137 Sina
363 1077 540 1141 habitaest.
584 1076 662 1137 Nam
694 1079 749 1137 etsi
781 1078 872 1137 etiam
895 1085 1002 1156 gentes

46 1202 49 1207 ·
84 1178 191 1221 carum
214 1159 327 1238 legum,
351 1161 481 1238 quaein
505 1159 655 1238 decalogo
669 1161 874 1241 continentur,
899 1168 928 1220 et
951 1161 1003 1220 ali·

83 1263 170 1303 arum
191 1242 384 1321 quarundam
406 1262 601 1304 communem
630 1245 769 1303 notitiam
798 1252 829 1303 et
850 1240 1008 1323 approba?

85 1327 293 1387 tionem‘cum
316 1325 571 1399 ludaeishabent,
594 1327 626 1384 ut
648 1325 730 1404 quod
744 1326 825 1386 Deus
848 1328 896 1404 sit,
920 1325 1002 1405 quod
1025 1381 1027 1385 ,
1099 1379 1101 1385 .

84 1411 123 1470 sit
145 1408 304 1483 colendus,
327 1410 479 1468 neminem
503 1407 685 1471 laedendum
710 1427 799 1488 esse,
827 1408 1002 1488 pudicitiam

84 1500 116 1552 et
147 1493 195 1552 sui
217 1499 247 1552 et
269 1492 360 1552 alieni
389 1493 526 1571 corporis
550 1490 693 1552 tuendam
718 1511 806 1568 esse,
839 1511 900 1552 uon
935 1510 1004 1551 esse

84 1574 251 1655 rapiendas
288 1594 336 1635 res
366 1573 482 1653 alienas
510 1581 579 1649 etc,
602 1572 795 1652 disciplinam
829 1581 860 1634 et
894 1593 1002 1653 pacem

84 1657 239 1738 publicam
263 1657 414 1718 violantes
432 1657 604 1737 puniendos
628 1675 696 1715 esse
709 1703 717 1734 ‚
752 1657 824 1735 qula
844 1656 902 1716 hae
924 1657 1003 1722 noti,-

22 1768 27 1773 ·
82 1743 161 1801 tiae
181 1747 289 1801 natura
312 1743 446 1801 omnium
477 1739 619 1801 cordibus
642 1738 756 1798 inditae
778 1746 869 1815 sunt,
903 1748 1003 1798 tamen

85 1833 217 1898 constat,
236 1842 391 1902 nunquam
413 1823 480 1883 aliis
502 1821 644 1903 gentibus
674 1821 833 1882 manifesta
855 1840 932 1882 voce
966 1820 1004 1880 dc

83 1908 174 1968 coelo
197 1906 285 1966 datas
309 1926 378 1967 esse
401 1907 484 1985 leges
507 1912 718 1986 praeterquam
742 1906 793 1964 uni
814 1904 933 1985 populo
956 1902 1004 1966 Is-

82 1990 233 2051 raelitico
277 1988 367 2065 Quod
388 1988 546 2068 igiturhis
569 1989 644 2049 solis
659 1987 762 2048 datum
786 1995 841 2066 est,
864 2006 925 2048 non
952 2005 1004 2067 po-

83 2079 153 2153 test,
176 2079 322 2151 quantum
346 2071 468 2151 quidem
490 2071 529 2131 ad
558 2071 638 2131 hanc
659 2071 937 2151 promulgationem
961 2076 1004 2130 at·

20 2204 22 2208 »
82 2158 169 2232 tinet,
193 2155 271 2216 alios
294 2154 440 2234 obligare.

166 2238 236 2299 Hoc
258 2247 383 2318 'propter
409 2236 559 2318 quosdam
588 2237 746 2315 imperitos
769 2235 921 2296 fanaticos
944 2235 1003 2314 spi·
1115 2286 1118 2290 Α

83 2324 159 2383 ritus
181 2321 338 2382 sciendum
362 2327 425 2398 est,
455 2318 506 2399 qui
528 2318 666 2398 politiam
698 2325 729 2378 et
751 2318 835 2398 leges
851 2318 1004 2378 Mosaicas

82 2408 126 2466 ita
148 2403 343 2484 praedicant,
367 2412 398 2464 ut
421 2402 509 2463 nobis
532 2401 623 2470 etiarn
650 2401 719 2461 illas
743 2401 826 2480 leges
849 2400 1002 2480 praescri·
1105 2409 1109 2414 “

82 2487 166 2567 baut,
191 2487 264 2567 quia
285 2487 387 2548 Moses
412 2504 498 2546 suum
522 2493 653 2561 coetum,
677 2485 728 2562 qui
752 2493 824 2543 tunc
847 2482 1004 2543 dicebatur

82 2571 217 2651 populus
240 2571 307 2646 Dei,
327 2569 375 2629 bis
397 2567 517 2650 legibus
539 2569 671 2643 rexerit,
701 2566 771 2636 ideo
806 2566 1003 2643 accessesit,

82 2673 165 2715 nunc
187 2652 313 2714 easdem
337 2652 422 2731 leges
449 2658 480 2711 et
502 2669 558 2711 nos
582 2668 724 2718 servare,
757 2648 899 2719 videlicet
930 2650 1002 2707 novi

82 2739 230 2817 magistri,
254 2735 367 2815 aliquid
390 2735 487 2801 maius
511 2733 643 2811 docturi,
673 2750 763 2810 quam
791 2730 881 2792 nobis
905 2730 1003 2790 Euan·
1034 2737 1039 2742 '

80 2820 155 2900 getii
178 2820 320 2881 doctrina
340 2818 496 2898 proponit,
518 2817 579 2877 hoc
602 2824 657 2895 est,
681 2813 751 2875 fidei
771 2814 941 2874 doctrinam
965 2812 1003 2872 de
1036 2880 1038 2885 .
1113 2871 1116 2875 .

81 2903 204 2964 Christo
219 2921 289 2965 ,non
314 2900 438 2961 maximi
460 2900 618 2978 iacientes,
638 2898 716 2958 haec
738 2905 867 2977 urgent,
892 2899 1004 2956 mtran-
1104 2940 1106 2944 .

81 2994 130 3045 tor
151 2985 236 3046 illam
261 2985 339 3044 Masi
362 2983 511 3064 politiam,
533 2981 611 3041 haec
622 2982 779 3061 inquiunt:
800 2979 880 3040 Libri
893 2980 1020 3042 veteris.

80 3068 272 3129 Testamenti
296 3067 427 3143 tradunt,
450 3084 529 3144 quae
551 3072 621 3125 sunt
643 3065 802 3142 potissima
823 3063 1004 3143 parsScrip-

81 3156 180 3230 turae,
203 3158 235 3211 et
256 3149 369 3228 habent
392 3149 592 3222 testimonia,
627 3148 698 3225 quia
719 3147 815 3226 ipsius
838 3147 893 3206 oei
916 3163 1005 3224 ¹voce

81 3234 119 3294 dc
151 3234 242 3295 coelo
272 3240 342 3293 sunt
371 3231 595 3312 comprobata,
629 3239 699 3290 sunt
732 3231 826 3309 igitur
855 3239 885 3289 et
916 3228 1004 3292 nobis
1088 3249 1090 3254 ’

80 3317 251 3395 servanda,
280 3318 323 3376 ita
352 3314 441 3376 nobis
466 3333 578 3374 novam
611 3312 738 3372 formam
762 3312 888 3391 politiae
911 3310 1012 3369 ,indu-⁷
1099 3389 1102 3394 Ι

80 3406 163 3479 cunt,
187 3418 249 3479 qua
272 3418 400 3460 necesse
422 3400 461 3457 sit
485 3398 548 3476 regi
571 3396 719 3476 populum
742 3392 815 3455 Dei.

162 3482 249 3543 Haec
270 3482 404 3543 fanatica
426 3487 456 3541 et
487 3480 589 3540 aliena
611 3497 630 3538 a
653 3496 728 3538 vero
750 3477 908 3536 intellectu
930 3474 1001 3534 doc·

80 3567 181 3627 trinae
203 3565 364 3644 Evangelii
393 3582 518 3644 prorsus
540 3560 731 3642 repudianda
752 3568 841 3634 sunt,
864 3558 1005 3636 adeoque

81 3667 143 3709 uon
165 3648 341 3726 audienda,
370 3655 403 3706 ut
429 3647 531 3725 potius
559 3646 672 3705 mentio
697 3643 797 3703 omnis
820 3639 900 3704 Mcsi
932 3640 1005 3709 abii-

80 3731 192 3793 cienda
214 3733 255 3792 ait
276 3751 316 3792 ex
339 3729 564 3808 concionibus,
587 3746 677 3808 quarn
702 3733 734 3785 ut
756 3723 932 3804 patiendum
955 3724 1003 3802 sit,

74 3824 78 3830 ’
105 3851 198 3893 nausa
213 3860 265 3900 opp.
281 3849 306 3891 v.
321 3848 350 3888 u.
367 3848 395 3887 ar
410 3847 448 3887 rer.
468 3846 518 3886 aar.
535 3847 549 3884 r.
564 3857 584 3894 p.
601 3845 649 3885 vor.
665 3845 712 3886 vu.
904 3806 923 3874 Ἰ
