2348 4162
122 247 187 314 424
327 244 533 305 (londunoulae
550 244 687 317 quaedam
705 244 742 300 D.
759 244 796 299 hl.
813 244 846 301 L.
864 302 869 313 ,

138 416 459 481 Dominiea·XlV.
485 423 572 496 post
591 416 810 480 Trinitatis.
852 414 956 479 Luoaa
977 416 1024 480 17.

135 612 139 619 ·
203 574 245 634 ut
264 573 377 634 laetum
401 579 456 649 est,
479 570 550 631 dum
573 572 631 632 iret
651 571 683 630 in
698 567 880 646 Ierusalem,
901 571 1046 632 transibat

123 673 179 735 per
202 656 334 718 mediam
357 655 527 717 Samariam
562 660 593 714 et
617 653 819 715 Galilaeam.-
854 654 894 714 Et
916 672 985 715 eum
1007 654 1047 713 in·

124 732 301 820 graderetur
312 738 467 819 quoddam
482 737 652 819 castellum,
675 744 875 799 ooeurrerunt
897 738 926 797 ei
944 736 1047 798 deeem

123 825 178 884 viri
203 822 374 904 leprosi1),
412 823 462 902 qui
484 825 633 882 steterunt
662 840 681 880 a
704 821 797 903 longe
819 828 851 882 at
871 821 1048 882 levaverunt

125 926 250 985 vooem,
277 907 428 968 dieentes:
454 904 523 965 lesu
546 910 745 985 praeceptor,
769 905 916 966 miserere
944 904 1047 967 nostri.

125 991 211 1066 Quos
233 995 267 1050 ut
289 988 379 1067 vidit,
410 987 503 1051 dixit:
526 987 588 1062 lte,
625 986 780 1049 ostendite
802 1007 859 1049 vos
884 987 1047 1049 sacerdoti·

125 1073 192 1135 bus.
221 1074 263 1134 Et
283 1073 466 1152 factumest,
490 1071 561 1132 dum
584 1071 672 1148 irent,
695 1070 832 1131 mundati
849 1078 931 1132 sunt.
967 1071 1046 1133 Unus

124 1162 226 1217 autem
249 1176 289 1216 ex
309 1155 385 1232 illis,
408 1161 441 1214 ut
462 1153 547 1230 vidit,
569 1155 640 1233 quia
652 1152 816 1214 mundatus
838 1160 902 1232 est,
936 1174 1046 1236 ragres

125 1260 177 1300 sus
200 1248 248 1300 est
269 1258 337 1299 eum
360 1257 474 1317 magna
495 1256 574 1298 vose
596 1235 797 1317 msgnifloaus
818 1237 931 1315 Deum,
953 1245 986 1298 et
1006 1257 1047 1297 oe

125 1322 200 1384 oidit
219 1324 249 1382 in
272 1322 382 1383 faeiem
404 1328 477 1382 ante
503 1320 600 1401 pedes
629 1322 710 1396 eius,
738 1323 852 1400 gratias
875 1339 990 1402 agens,
1022 1325 1047 1380 et

125 1405 176 1466 hie
208 1412 273 1466 erat
302 1404 521 1466 Samaritanus.
587 1403 794 1484 Respondens
829 1410 933 1464 autem
965 1401 1046 1466 Iesus

126 1488 217 1549 dixit:
252 1488 365 1549 Nonne
400 1486 506 1547 deoem
540 1486 676 1547 mundati
700 1487 791 1547 sunt?
812 1494 844 1548 et
864 1507 979 1549 novem
1002 1486 1045 1547 uhi

126 1570 218 1632 surii?
239 1571 309 1633 Non
333 1580 379 1631 est
398 1571 550 1649 inventus,
574 1571 626 1649 qui
635 1569 749 1631 rediret
770 1569 902 1631 etdaret
923 1570 1046 1651 glorian

127 1656 214 1733 Deo,
236 1655 294 1714 uisi
317 1654 366 1714 hio
388 1653 573 1734 alienigena.
617 1653 658 1713 Et
688 1654 731 1713 ait
750 1653 809 1713 illi:
832 1652 942 1734 Surge,
965 1652 1047 1727 vade,

52 1788 55 1793 .
129 1739 201 1818 quia
223 1735 299 1797 fides
323 1740 428 1798 tuate
449 1737 567 1797 salvum
590 1736 670 1799 feeit.

210 1819 248 1882 In
269 1821 328 1881 isto
351 1820 522 1900 Evangelio
546 1825 677 1899 quatuor
699 1817 788 1878 nohis
809 1818 959 1899 exempla
986 1834 1047 1899 pro

127 1908 299 1983 ponuntur:
320 1905 450 1983 primum
473 1901 556 1979 fidei,
580 1902 747 1963 seeundum
770 1904 904 1983 gratiae,
930 1902 1046 1962 tertium

85 2034 88 2039 .
126 1985 352 2067 ingratitudinis
387 1993 418 2047 et
450 1984 665 2066 gratitudinis,
704 1991 845 2064 quartum
882 1984 1046 2066 perieulum

10 2122 14 2131 .
129 2068 300 2130 traditionis
323 2088 376 2128 seu
398 2068 476 2148 legis
498 2069 576 2129 falso
599 2073 757 2130 tractatae.

209 2149 343 2212 Primum
365 2159 411 2211 est
432 2150 512 2212 fidei.
546 2148 627 2213 Nam
649 2151 700 2211 hio
723 2150 870 2212 doeemur
893 2156 924 2211 et
945 2150 1046 2212 exhor·

128 2239 228 2295 tamur
250 2233 393 2314 exemplo
415 2236 542 2295 istorum
562 2234 766 2314 leprosorum,
788 2240 821 2294 ut
842 2235 938 2294 simus
962 2232 1046 2293 auda

129 2336 180 2378 oes
212 2317 252 2379 ad
276 2316 431 2379 fidendum
465 2323 496 2377 et
525 2317 731 2378 invocandum
762 2316 927 2391 Christum,
960 2316 1045 2377 etism

127 2402 152 2459 si
176 2402 270 2460 simus
304 2400 421 2481 indigni
442 2406 472 2460 et
503 2400 677 2480 indispositi
712 2406 742 2461 et
771 2398 915 2460 omnihus
938 2398 1046 2460 meritis

64 2538 67 2543 .
127 2485 228 2545 vaoui.
277 2483 328 2544 lati
359 2485 439 2544 enim
472 2483 588 2563 leprosi
622 2487 710 2543 erant
732 2492 814 2544 uerte
848 2480 1046 2565 indignissimi

128 2565 279 2627 beneflcio
303 2567 363 2628 hoe
385 2566 506 2644 curisti,
530 2573 563 2627 ut
585 2568 636 2646 qui
657 2566 732 2626 nihil
761 2572 890 2646 egerant
918 2572 973 2626 aut
994 2583 1046 2625 me·

128 2656 254 2711 ruerant
283 2648 365 2730 apud
397 2649 559 2710 Christum.
612 2648 731 2709 Deinde
760 2648 839 2709 adeo
867 2648 1047 2729 indispositi,

128 2740 161 2793 ut
182 2735 274 2793 etiam
299 2733 367 2813 lege
397 2739 501 2793 essent
521 2732 666 2817 prohibiti
696 2733 725 2791 in
750 2732 860 2814 vulgus
881 2733 944 2809 ire,
976 2732 1048 2791 siout

128 2822 278 2876 testantur
300 2834 405 2876 eorum
428 2815 539 2879 verba:
566 2814 652 2895 Iesu,
681 2816 825 2875 miserere
851 2814 951 2879 nobis.
995 2812 1046 2889 Qui

128 2898 201 2958 dioit
222 2896 384 2974 Miserere,
417 2897 532 2958 nullum
555 2900 651 2958 iactat
672 2899 833 2972 meritum,
863 2897 981 2958 nullum
1010 2897 1047 2955 iu·

128 2981 241 3060 telligit
268 2980 465 3061 dignitatem,
494 2979 547 3041 sed
582 2980 744 3042 confitetur
774 2979 989 3061 indignitatem
1023 2982 1049 3039 et

128 3064 292 3125 miseriam.
326 3063 402 3125 Ideo
425 3082 488 3125 nou
511 3065 658 3143 oogitant,
683 3083 774 3144 quam
797 3062 882 3144 digni
905 3064 977 3131 sint,
998 3059 1047 3123 sed

127 3164 219 3223 quam
252 3148 352 3207 miseri
389 3154 419 3207 et
450 3153 576 3227 egentes
607 3146 688 3207 illius
724 3148 856 3228 gratuito
892 3144 1048 3207 beneficio.

128 3228 181 3290 Sis
204 3236 235 3289 et
256 3249 314 3290 nos
336 3248 464 3309 agamus
494 3236 736 3309 metuamusque,
766 3228 811 3294 ds
832 3229 910 3309 [reihe
943 3228 1049 3307 tsirtbig

128 3314 193 3377 obet
213 3314 373 3391 snutrein,
394 3313 446 3391 Sd)
468 3315 536 3390 mut
559 3323 589 3376 et
611 3314 709 3393 tuber,
732 3313 809 3392 stota
831 3314 863 3388 iu
883 3312 973 3392 turta.

212 3395 282 3456 Non
305 3396 354 3456 hie
376 3395 601 3476 quaerendum,
629 3398 696 3475 quis
718 3404 770 3456 aut
792 3396 892 3475 qualis
913 3396 969 3473 sit,
1003 3392 1048 3475 qui

211 3679 239 3746 1)
258 3680 290 3733 Iu
314 3678 357 3735 ed.
387 3679 457 3747 orig.
489 3676 574 3733 verba
600 3677 747 3746 Evangelii
774 3676 911 3733 haetenus
947 3682 1048 3733 tantm

126 3747 287 3814 redduntur,
307 3750 415 3819 reliqua
434 3764 451 3804 a
469 3748 551 3806 nobis
570 3765 604 3805 ex
622 3748 665 3804 ed.
684 3749 741 3805 Ieu.
760 3750 880 3819 repetita
898 3756 972 3806 suut
