2348 4162
308 236 312 243 Ι
374 269 464 326 amico
483 269 592 326 cuidam
611 270 809 342 praescriptae.
979 232 1047 337 Ι421

125 450 216 500 'ream
240 439 374 503 cadunt?
415 438 485 502 Non
510 445 557 502 est
578 440 744 522 discipulus
757 459 851 522 super
860 442 1049 522 magistrum,

125 522 280 605 perfectus
302 528 404 585 autem
421 525 519 586 omnis
543 525 609 601 erit,
630 526 655 584 si
667 526 706 585 sit
727 525 806 585 sicut
817 525 962 604 magister
974 526 1049 588 eius.
1150 550 1153 557 ·

127 605 208 681 Quid
231 612 333 669 autem
358 607 445 668 vides
465 608 614 668 festucam
637 608 667 667 in
691 607 893 668 oculcfralris
917 609 969 685 tui,
992 616 1049 669 tra·

125 688 196 751 bem
220 696 332 771 autem,
356 708 434 775 quae
456 691 486 751 iu
510 690 602 752 oculo
616 697 668 752 tuo
686 697 742 769 est,
766 709 827 759 non
851 684 1048 753 consideras?

127 778 188 833 Aut
216 772 375 853 quomodo
397 781 487 854 potes
514 773 617 835 dicere
645 774 730 835 fratri
753 780 824 854 tuo,
845 774 959 854 Frater,
982 776 1049 836 siue

125 856 247 917 eiiciam
269 856 417 918 festucam
442 857 480 918 de
504 857 595 918 oculo
625 863 696 936 tuo,
731 858 799 939 ipse
829 858 860 916 in
883 857 973 917 oculo
995 864 1047 919 tuo

97 939 241 1006 ‚trabem
264 958 327 1001 uon
351 939 457 1001 vides?
499 940 677 1022 Hypocrita,
700 941 776 1001 eiice
787 941 916 1020 primum
930 939 1047 1002 trabem

123 1022 163 1085 de
186 1022 277 1085 oculo
300 1030 353 1084 tuo
376 1029 408 1085 et
427 1030 499 1085 tunc
520 1024 698 1105 perspicies,
720 1031 753 1084 ut
774 1023 888 1097 educas
899 1024 1047 1086 festucam
1079 1022 1082 1027 ’
1145 1022 1149 1029 “

96 1146 98 1152 ·
124 1105 162 1167 de
186 1106 277 1168 oculo
299 1106 399 1167 fratris
421 1108 473 1171 tni.
1089 1162 1091 1167 .

208 1188 277 1249 Hoc
300 1190 500 1270 Evangelium
520 1195 567 1249 est
589 1189 787 1250 collectitium
812 1209 851 1250 ex
873 1190 964 1249 variis
987 1188 1047 1249 dic

123 1273 162 1333 tis
187 1270 316 1351 Christi,
345 1291 407 1333 nou
432 1292 492 1334 uno
515 1278 654 1351 tempore
676 1272 876 1351 praedicatis,
902 1271 1048 1352 quemad-

112 1354 250 1429 ¹modum
275 1355 440 1416 Proverbia
452 1355 637 1432 Salomonis,
659 1356 731 1415 item
754 1356 850 1415 multa
871 1357 900 1415 iu
917 1355 1048 1417 Ieremia
1104 1376 1107 1382 ·

124 1446 159 1499 et·
176 1439 208 1498 in
232 1438 305 1498 aliis·
322 1438 480 1519 prophetis
502 1437 642 1498 videmus
665 1438 805 1500 collecta.
1125 1452 1129 1459 ·

208 1520 340 1582 Primum
363 1527 424 1581 est:
459 1519 568 1582 Estote
590 1521 803 1581 misericordes
826 1527 884 1583 etc.
927 1518 1049 1582 Pendet

123 1602 248 1683 quidem
286 1603 346 1665 hoc
370 1603 484 1665 dictum
511 1622 551 1664 ex
574 1602 779 1683 praecedente
802 1610 965 1683 utcunque.
1010 1604 1049 1663 ut

123 1693 170 1748 est
193 1686 272 1748 haec
294 1706 428 1767 summa,
461 1706 588 1768 reguum
611 1686 667 1746 Dei
702 1686 876 1747 discernere
905 1706 924 1746 a
950 1706 1047 1765 reguo

120 1770 249 1846 ¹muudi,
282 1772 354 1849 quia
384 1771 415 1830 in
438 1789 535 1848 reguo
558 1769 615 1829 Dei
637 1777 746 1850 regnat
766 1770 874 1851 gratia,
897 1770 1047 1850 remissio,

115 1852 315 1934 induigentia
336 1860 409 1932 etc,
442 1852 497 1914 sed
520 1854 549 1912 in
572 1870 669 1933 regno
695 1853 798 1913 mundi
820 1853 880 1931 lex,
904 1852 1054 1929 vindicta,

123 1936 247 1998 exactio
270 1941 328 2001 etc.
371 1934 467 2016 Igitur
496 1954 552 1996 vos
581 1954 621 1996 ne
642 1937 772 2016 speretis
795 1955 922 2015 reguum
946 1955 1047 1995 meum

122 2020 190 2080 fora
210 2037 339 2099 reguum
362 2019 482 2098 muudi,
515 2018 568 2079 sed
596 2025 704 2079 contra
725 2027 831 2099 parate
854 2037 910 2078 vos
933 2017 971 2079 ad
994 2019 1049 2078 mi·

122 2101 333 2178 sericordium,
355 2121 485 2181 eamque
505 2102 671 2182 perfectam
695 2105 786 2163 etiarn
808 2102 938 2162 inimicis
961 2120 1049 2182 prae·

124 2185 277 2261 standum,
299 2183 379 2247 sicut
399 2185 491 2246 Pater
512 2193 662 2265 praestat,
685 2186 735 2265 qui
758 2184 908 2265 benignus
930 2191 978 2245 ast
999 2205 1049 2245 su·

123 2287 180 2349 per
203 2267 342 2347 ingratos
366 2273 397 2328 et
418 2268 533 2343 malos,
556 2268 680 2349 pluens,
703 2269 915 2347 benefaciens,
948 2267 1050 2328 defeu-

125 2351 218 2427 deus,
257 2349 390 2411 liberans
434 2352 525 2411 etiam
566 2353 718 2430 pessimos
751 2349 909 2429 homiues,
941 2356 1049 2429 gentes

123 2434 284 2498 idolatras.
325 2433 365 2495 Et
387 2433 437 2494 hio
448 2432 665 2513 amplificanda
687 2433 740 2493 illa
762 2432 913 2494 beneficia
924 2432 984 2493 Dei
998 2452 1050 2513 ge-

124 2517 243 2578 neralia
269 2536 324 2597 per
337 2522 434 2577 totum
457 2536 582 2596 anuum,
604 2515 710 2591 asole,
734 2516 814 2593 luna,
837 2516 943 2592 stellis,
959 2522 1049 2594 terra,

124 2598 395 2680 fructibus,'psce,
419 2599 622 2676 oeconomia,
636 2598 759 2675 divitiis,
781 2599 929 2677 sanitate,
952 2604 983 2659 et
1005 2600 1049 2658 iu-

124 2682 219 2744 finitis
240 2682 328 2761 aliis,
352 2682 462 2762 quibus
485 2682 523 2743 ab
546 2682 632 2743 initio
656 2682 806 2761 usquein
829 2679 921 2742 finem
945 2680 1050 2761 benig·

125 2785 184 2827 uus
206 2771 268 2841 est,
291 2767 382 2826 etiam
404 2766 535 2846 ignaris,
560 2765 662 2841 malis,
685 2754 889 2846 blasphstnis,
911 2763 1049 2825 idolatris

125 2854 157 2910 et
174 2847 299 2910 infinitis
322 2850 464 2910 monstris
488 2868 557 2909 eum
571 2848 693 2909 assidue
717 2847 966 2928 provocantibus,
978 2867 1050 2908 nam

127 2930 273 3011 quioquid
296 2930 459 3009 bonorum,
481 2933 573 3011 vitae,
595 2931 743 3010 sanitatis,
768 2950 866 2992 rerum
888 2930 981 2992 habet
1003 2949 1051 2990 or·

125 3014 183 3095 bis,
206 3014 358 3095 largiente
381 3021 411 3076 et
433 3021 637 3077 conservante
653 3015 721 3076 Deo
744 3014 845 3091 habet,
866 3016 909 3075 ita
930 3014 974 3074 eis
999 3014 1051 3075 mi·
1168 3096 1171 3101 Ι

125 3104 251 3159 serente
274 3103 305 3158 et
325 3097 548 3160 benefaciente.
934 3162 937 3167 ⁴

209 3180 268 3241 Hic
289 3187 538 3261 nuncseparant
559 3199 628 3240 sese
643 3179 716 3240 falsi
741 3178 914 3255 Christiani,
938 3181 987 3259 qui
1000 3178 1051 3240 be·

125 3263 213 3344 nigni
235 3271 306 3324 sunt
328 3263 436 3341 bonis,
464 3272 525 3324 nori
549 3271 649 3324 autem
674 3263 771 3334 malis,
792 3263 854 3324 imo
877 3281 977 3342 neque
1000 3262 1051 3331 bo·
1078 3316 1081 3321 .
1134 3302 1138 3308 -

125 3347 174 3407 nia
197 3345 407 3425 benefaciunt,
441 3345 496 3406 sed
522 3352 639 3406 tantum
662 3347 724 3406 suis
748 3344 855 3417 amicis
878 3346 926 3405 vel
949 3344 1052 3406 adula-
1120 3370 1123 3375 ·
1168 3370 1171 3375 ·

107 3428 256 3510 toribus,
278 3449 295 3490 a
319 3429 426 3509 quibus
449 3432 497 3490 vel
520 3431 681 3508 honorem,
704 3429 752 3490 vel
767 3429 900 3508 laudem,
924 3427 972 3487 vel
997 3447 1053 3489 sua

126 3512 293 3573 commoda
314 3519 512 3592 exspectant,
545 3520 576 3573 et
610 3520 712 3572 tamen
741 3517 849 3592 putant
871 3531 904 3572 se
926 3517 1052 3572 sanctos

126 3601 158 3657 et
179 3604 311 3675 magnos
335 3599 417 3657 viros
441 3603 548 3656 contra
572 3597 669 3656 malos
692 3597 740 3656 vel
753 3597 902 3676 ingratos,
925 3594 1053 3669 incredi-

125 3678 180 3740 bili
202 3679 403 3759 impatientia,
426 3679 587 3759 etliuguut
609 3680 708 3755 zelum
722 3680 855 3739 iustitiae
878 3684 935 3739 etc.
980 3678 1051 3739 Nou

126 3767 174 3822 est
196 3760 265 3821 lene
288 3763 348 3823 boc
371 3762 494 3840 malum,
518 3764 591 3842 quia
611 3761 722 3837 subtile
745 3769 776 3823 et
797 3763 971 3843 speciosum
993 3766 1050 3840 est,
