2348 4162
198 252 260 316 156
440 252 484 306 De
501 266 582 306 servo
602 249 716 305 arbitrio
733 249 769 306 D.
786 252 821 307 u.
840 250 871 306 L.

166 484 169 489 ,
197 423 281 482 Deus
304 425 448 501 operatur
476 420 606 481 salutem
638 420 668 481 in
696 419 806 501 nobis,
841 419 919 481 nihii·
945 425 1017 480 ante
1040 436 1118 498 opus

198 506 262 565 eius
285 523 449 584 operamur
470 504 624 584 salutare,
647 504 792 584 velimus,
820 504 963 566 nolimus.
1006 502 1119 562 Neues-

197 589 278 648 sario
300 605 374 648 vero
398 586 478 665 dion,
500 607 561 647 uon
586 593 704 668 ooaete,
727 586 791 666 sed,
814 594 847 648 nt
861 585 1042 664 illi-dieunt,
1064 604 1117 646 ne

196 671 339 732 oessitate
368 670 639 750 immutabilitatis,
665 690 727 733 nou
754 672 938 748 ooaetionis,
969 669 1032 730 hoo
1059 671 1118 750 est,

196 754 289 815 homo
312 773 380 814 oum
403 760 495 816 vaoat
515 755 621 835 spiritu
643 755 710 832 Dei,
733 774 797 816 non
813 753 935 834 quidem
957 752 1116 830 violentia,

198 838 393 918 velutraptus
411 837 535 899 obtorto
548 837 638 918 eollo,
654 836 763 900 nolens
779 838 851 899 feeit
863 836 985 916 malum,
1010 854 1116 915 quem·

151 960 154 965 -
197 920 363 983 admodum
399 921 446 980 tur
483 928 534 982 aut
560 921 638 982 latro
675 921 784 982 nolens
819 920 857 981 ad
878 939 1010 1001 poenam
1034 917 1117 979 duai-

197 1007 262 1083 tur,
292 1004 347 1064 sed
369 1009 480 1084 sponte
507 1010 538 1065 et
559 1004 664 1065 libenti
685 1004 846 1066 voluntate
875 1004 957 1065 feeit.
1005 1003 1117 1062 Verum

196 1087 276 1148 hane
296 1087 454 1148 libentiam
476 1108 531 1149 eeu
554 1088 758 1167 voluntatem,
773 1087 906 1149 faoiendi
927 1105 990 1147 non
1013 1090 1119 1165 potest

198 1172 260 1231 auis
282 1169 395 1231 viribus
419 1172 570 1252 omittere,
593 1190 736 1233 ooeroere
753 1178 805 1232 aut
826 1176 954 1249 mutare,
976 1166 1030 1229 sed
1048 1187 1117 1248 per·

197 1255 243 1334 git
264 1253 397 1315 volendo
417 1259 447 1314 et
469 1254 614 1333 iubendo,
637 1256 727 1315 etiam
751 1256 777 1314 si
806 1253 844 1315 ad
868 1259 955 1314 extra
989 1256 1119 1332 cogatur

196 1336 279 1397 alind
302 1338 405 1409 faeere
424 1357 478 1417 per
499 1339 572 1418 vim,
595 1343 698 1399 tamen
733 1337 875 1399 voluntas
907 1337 988 1397 intus
1012 1340 1119 1396 manet

196 1439 320 1499 aversa,
348 1428 378 1482 et
399 1420 574 1501 indignatur
596 1422 720 1502 nogenti
750 1425 803 1482 aut
829 1420 992 1481 resistenti.
1047 1418 1118 1479 Non

197 1510 299 1564 autem
327 1503 561 1585 indignaretur,
600 1505 624 1567 si
653 1511 819 1565 mutaretur
851 1522 889 1564 ae
921 1503 1032 1565 volens
1055 1502 1117 1561 vim

197 1594 382 1666 sequeretur.
431 1586 499 1647 Hoo
525 1606 671 1648 voeamus
700 1588 793 1649 modo
820 1589 1035 1647 nenessitatem
1063 1584 1119 1644 im·

198 1669 418 1749 mutabilitatis,
440 1670 471 1732 id
495 1677 555 1752 est,
584 1671 667 1751 quod
690 1672 832 1732 voluntas
855 1689 924 1731 sese
946 1675 1065 1729 mutare
1088 1673 1119 1728 et

197 1760 319 1814 vertere
340 1754 402 1814 alio
426 1773 487 1814 non
518 1756 630 1835 possit,
659 1754 712 1814 sed
736 1756 838 1835 potius
864 1754 997 1813 irritetur
1019 1751 1118 1832 magis

197 1836 236 1896 ad
257 1837 431 1913 volendum,
454 1836 531 1897 dum‘
548 1839 575 1898 ei
590 1838 747 1920 resistitur,
769 1836 852 1917 quod
867 1835 978 1917 probat
995 1837 1061 1895 eius
1074 1837 1118 1894 in-

198 1919 345 2000 dignatio.
389 1918 457 1980 Hoe
479 1940 541 1980 non
564 1919 661 2002 fieret,
684 1922 709 1980 si
733 1927 815 1980 esset
836 1919 931 1980 libera
953 1919 1003 1979 vel
1024 1917 1117 1979 habe-

198 2010 243 2062 ret
254 2003 384 2063 liberum
397 2002 563 2066 arbitrium.
596 2003 758 2084 Interroga
769 2004 1000 2084 experientiam,
1024 2020 1117 2081 quam

199 2086 258 2144 sint
281 2086 561 2166 impersuasibiles,
589 2088 639 2166 qui
662 2087 764 2148 affeeti
791 2087 893 2166 aliqua
919 2105 953 2146 re
973 2084 1119 2164 haereut3

146 2212 148 2215 -
199 2174 251 2229 aut
273 2169 298 2228 si
321 2168 447 2246 aedunt,
469 2171 498 2230 vi
520 2169 568 2230 vel
591 2171 709 2231 maiore
735 2170 859 2231 alterius
887 2171 931 2230 rei
953 2166 1118 2229 commodo

199 2251 322 2332 aedunt,
345 2271 499 2332 nunquam
513 2253 607 2314 libere
628 2253 750 2330 aedunt,
772 2254 798 2313 si
815 2259 917 2314 autem
938 2251 1041 2313 affecti
1055 2270 1118 2312 non

199 2342 283 2415 suut,
307 2336 409 2396 sinunt
429 2336 473 2396 ire
495 2343 525 2396 et
546 2336 610 2397 fieri
633 2355 834 2416 quaeeunque
865 2341 938 2396 eunt
959 2353 997 2395 ao
1018 2333 1104 2396 fiunt.

281 2453 396 2513 Rursus
423 2473 462 2514 ex
490 2454 586 2514 altera
613 2456 745 2534 portasi
768 2455 854 2515 Deus
881 2455 912 2513 in
935 2452 1025 2513 nobis
1048 2471 1119 2532 ope·

198 2542 292 2613 ratur,
315 2544 431 2596 mutata
454 2544 484 2598 et
505 2537 618 2598 blande
641 2536 798 2598 assibilata
818 2552 874 2618 per
901 2536 1040 2616 spiritum
1062 2533 1119 2597 Dei

83 2676 90 2685 .
199 2619 341 2680 voluntas
355 2621 462 2681 iterum
478 2639 561 2681 mera
582 2621 720 2681 lubentia
733 2627 763 2681 et
774 2622 926 2701 pronitate
949 2637 986 2679 ao
1008 2630 1120 2699 sponte

199 2721 254 2762 sua
281 2702 345 2763 vult
376 2708 406 2763 et
435 2703 522 2780 fauit,
551 2724 613 2764 non
637 2711 758 2783 ooaote,
786 2710 818 2763 ut
845 2702 935 2762 nullis
959 2698 1119 2762 contrariis

199 2787 308 2845 mutari
330 2787 361 2844 in
384 2785 466 2846 aliud
487 2789 595 2866 possit,
616 2805 655 2846 ne
676 2788 773 2867 portis
788 2785 909 2866 quidem
933 2785 1023 2845 interi
1041 2785 1120 2845 vinei

199 2873 252 2927 aut
274 2868 353 2947 angi,
375 2856 429 2929 sed
453 2871 553 2949 pergit
575 2870 708 2930 volendo
725 2876 756 2930 et
777 2869 910 2931 iubendo
933 2873 964 2928 et
985 2856 1119 2928 amando

200 2949 324 3029 bonum,
348 2951 427 3011 siout
437 2958 528 3013 antea
545 2953 643 3014 voluit
656 2958 686 3013 et
697 2952 786 3014 libuit
808 2961 837 3013 et
860 2952 975 3013 amavit
996 2951 1120 3012 malum.

198 3032 289 3108 ¹(Quod
318 3036 424 3094 iterum
459 3035 570 3115 probat
598 3037 804 3118 experientia,
834 3054 926 3115 quam
956 3035 1063 3095 invicti
1091 3038 1122 3095 et

198 3122 375 3178 constantes
397 3119 458 3178 aiut
478 3119 533 3179 viri
555 3121 663 3193 saneti,
686 3119 756 3178 dum
773 3138 828 3198 per
849 3119 911 3178 vim
933 3116 972 3179 ad
995 3117 1056 3178 alia
1072 3135 1121 3178 oo·

197 3207 319 3280 guntur,
342 3206 374 3260 ut
396 3201 494 3281 magis
514 3201 586 3263 inde
607 3203 760 3262 irritentur
783 3201 821 3262 ad
844 3200 1021 3279 volendum,
1044 3201 1122 3261 siout

198 3283 279 3364 ignis
301 3303 319 3342 a
342 3292 434 3345 vento
456 3287 552 3366 magis
575 3284 781 3346 inflammatur
804 3305 894 3363 quam
906 3284 1121 3364 exstinguitur,

199 3374 232 3426 ut
254 3385 312 3426 nee
343 3366 393 3426 hie
423 3368 463 3428 sit
491 3368 553 3428 ulia
579 3367 702 3428 libertas
733 3368 781 3428 vel
807 3367 934 3427 liberum
965 3366 1122 3427 arbitrium

199 3449 260 3509 alio
283 3468 352 3509 sese
375 3449 522 3524 vertendi,
544 3458 597 3512 aut
625 3450 706 3511 aliud
736 3451 876 3529 volendi,
904 3449 1005 3511 donee
1034 3448 1122 3510 durat

155 3566 158 3574 ·
198 3533 321 3612 spiritus
343 3540 374 3593 et
394 3535 493 3614 gratia
514 3534 572 3594 Dei
594 3536 624 3594 in
646 3534 780 3599 homins.

281 3648 425 3730 Summa,
447 3652 472 3711 si
495 3650 551 3712 sub
573 3652 642 3713 Deo
664 3651 753 3712 huius
776 3652 872 3714 seonli
902 3668 1029 3731 sumus,
1057 3649 1122 3713 sina

199 3749 292 3814 opere
316 3739 347 3794 et
367 3734 473 3815 spiritu
495 3734 552 3796 Dei
575 3736 649 3813 veri,
671 3735 785 3815 captivi
807 3743 945 3798 tenemur
965 3733 1004 3794 ad
1027 3735 1122 3815 ipsius
