2348 4162
380 251 408 304 in
427 248 513 307 libros
531 253 634 308 veteris
653 240 728 309 Test.
895 274 898 282 ⁴
977 254 1016 319 81
1095 237 1098 241 ι

91 427 209 498 certus,
231 421 360 481 utnulla
383 419 421 480 de
437 440 470 481 ro
492 416 620 501 possent
642 424 799 504 conqueri,
824 422 924 504 nequa
946 443 1018 504 gen·

95 505 173 565 tium
196 504 363 584 religiones
385 522 514 564 necessa
536 513 618 566 esset
640 506 759 568 sectari.
786 530 790 539 ·

54 658 57 663 Ι
180 586 333 665 Secundo,
354 593 427 647 sunt
447 594 547 648 autem
570 597 630 648 tres
653 590 753 668 legum
776 589 908 651 ordines.
931 590 1020 651 Aliae

93 671 178 731 enim
201 678 273 731 suut
301 671 432 732 morales
464 677 495 729 et
522 671 677 752 politicae,
714 672 821 752 quales
844 672 906 733 tere
927 674 1018 753 apud

46 768 50 773 ·
95 766 158 815 uos
179 761 249 814 sunt
269 753 444 834 imperiales
473 753 568 834 leges,
610 774 663 815 eas
692 763 792 815 autem
826 756 1017 835 potissimum

97 837 238 897 condidit
258 834 342 897 Deus
366 836 404 897 ad
428 837 638 934 reprimendos
660 837 832 918 flagitiosos
857 839 916 898 et
908 858 1019 919 impro-

95 919 155 980 bos
179 919 329 997 homines,
357 937 456 998 neque
479 921 559 980 enim
589 920 671 982 aliud
694 922 808 982 faciunt
831 922 901 982 illae
923 921 1018 1003 leges,

94 1021 187 1082 quam
210 1005 244 1064 ut
265 1002 449 1083 prohibeant
482 1010 619 1083 peccata.
651 1005 734 1065 Talis
773 1002 825 1067 illa
848 1012 895 1065 eet
917 1003 955 1065 de
984 1005 1018 1064 li-

93 1085 178 1147 bello
212 1085 341 1167 repudii,
375 1087 447 1145 item
489 1087 544 1146 illa
582 1087 619 1147 de
653 1086 802 1148 sacrificio
835 1087 1019 1169 zelotypiae.

89 1168 280 1248 ,Huiusmodi
303 1170 395 1249 igitur
411 1168 498 1247 leges
520 1171 558 1229 ad
577 1170 714 1250 politiam
748 1172 909 1250 pertinent
933 1171 1020 1231 Aliae

94 1257 168 1311 suut
189 1252 421 1330 ceremoniales,
456 1251 626 1331 dequibus
660 1253 753 1333 paulo
776 1260 847 1314 ante
878 1254 1018 1319 diximus.

96 1335 223 1401 Praeter
243 1335 301 1395 hos
325 1335 401 1395 duos
435 1334 535 1414 legum
561 1336 685 1397 ordines
707 1343 787 1415 suut,
818 1355 896 1416 quse
927 1335 1017 1396 iidem

94 1426 128 1478 et
149 1418 310 1479 caritatem
334 1417 456 1481 docent
480 1417 574 1479 Porro
606 1440 644 1479 ex
666 1420 712 1479 bis
734 1418 805 1479 fidei
829 1422 860 1481 et
882 1421 1017 1480 caritatis

92 1499 216 1580 legibus
239 1519 347 1562 omnes
376 1500 455 1561 aliua
484 1508 555 1561 suut
585 1502 834 1582 interpretandae
865 1509 896 1563 et
928 1504 1018 1563 corri—
1097 1556 1101 1561 .

92 1582 228 1664 gendes.
250 1583 302 1645 Sic
323 1585 403 1644 enim
427 1583 494 1649 aliis
524 1584 642 1664 legibus
665 1584 939 1664 obtemperandum
963 1592 1018 1666 est,

93 1686 135 1726 ne
156 1666 224 1726 ba's
235 1664 307 1727 fidei
330 1674 361 1727 et
392 1668 527 1733 caritatis
550 1668 710 1745 violemus,
739 1677 769 1728 et
797 1686 905 1728 omnes
940 1668 1020 1728 aliae

93 1751 181 1829 leges
203 1751 306 1829 potius
334 1749 499 1811 violandae
529 1757 609 1830 sunt,
644 1770 734 1830 quam
762 1752 793 1811 in
822 1750 877 1810 has
905 1750 1020 1829 aliquid

94 1835 333 1895 committamus

179 1915 259 1975 Hinc
281 1916 353 1975 illud
377 1921 433 1993 est,
456 1916 538 1994 quod
564 1916 664 1977 David
688 1915 763 1978 Ioab
786 1916 882 1994 illum,
906 1917 956 1995 qui
979 1917 1038 1987 ob,

93 1997 261 2059 admissam
286 1998 412 2059 caedem
435 2005 565 2060 mortem
590 2001 713 2061 meritus
736 2007 811 2078 erat,
837 2019 914 2071 ,non
938 2001 1017 2061 occi·

94 2082 184 2143 derit.
205 2080 249 2141 Et·
268 2083 295 2145 2.
318 2081 399 2143 Sam.
417 2082 465 2144 14.
488 2083 685 2162 promittebat
696 2083 867 2144 Tbec'oeusi
891 2083 933 2142 illi
951 2103 1016 2145 mue

93 2165 252 2243 lierculae,
286 2164 480 2225 dimissurum
518 2185 551 2226 se
584 2165 679 2226 filium
720 2168 784 2227 eius
819 2166 1015 2242 incolumem,

95 2249 238 2328 quamvis
261 2247 300 2308 ob
323 2248 513 2309 interfectum
549 2249 671 2317 fratrem
695 2256 793 2309 morte
824 2250 922 2329 puniri
946 2269 1020 2310 eum·

93 2331 182 2410 leges
203 2330 352 2391 iuberent.
376 2331 691 2412 Dimittebatquoque
713 2332 896 2393 incolumem
917 2332 1016 2392 Absa-
1088 2330 1092 2337 ’

94 2414 170 2479 Ιοιιι.
192 2413 232 2473 Et
253 2414 320 2493 ips'c
342 2413 440 2474 David
463 2415 646 2484 comedebat
671 2422 784 2476 contra
813 2416 896 2495 leges
920 2434 1015 2493 panes

92 2498 300 2578 popositionia
335 2496 358 2559 I.
381 2497 457 2577 Reg
488 2499 538 2562 21.
567 2497 700 2559 Thamar
734 2496 1018 2578 quoqueputabal

94 2580 199 2660 licere,
233 2586 266 2639 ut
286 2579 421 2640 Amnoni
444 2598 600 2641 novercae
622 2580 710 2641 fllio
704 2601 732 2640 ru
758 2599 885 2640 uxorem
910 2599 1018 2660 aroge

94 2663 309 2723 collocaretur.
338 2663 387 2722 Ex
407 2662 454 2722 his
474 2670 568 2742 atquc
590 2663 658 2724 aliia
681 2663 829 2733 similibus
865 2664 1015 2743 exemplis
1131 2725 1134 2730 ,

93 2752 192 2826 petet,
213 2765 303 2826 reges
326 2749 357 2806 et
375 2744 552 2806 sacerdotes
575 2766 679 2827 saepe,
702 2766 770 2807 curn
792 2746 823 2806 id
846 2745 1019 2827 postularet
1057 2824 1059 2829 Ι

92 2827 173 2889 fidas
195 2835 226 2888 et
237 2831 358 2907 caritas,
381 2814 664 2910 liberrimelegibus
689 2849 757 2891 essa
774 2849 857 2891 usos.
880 2827 920 2889 Et
941 2849 1016 2890 saue

93 2913 140 2971 sic
162 2911 228 2972 lieri
250 2918 381 2991 oportet,
404 2910 480 2971 fides
500 2920 529 2985 ct
552 2915 856 2993 caritasinterpretes
880 2914 1016 2973 omnium

93 2994 224 3055 aliarum
242 2995 437 3075 legumflesse
459 2977 584 3070 debent,
607 3004 638 3057 et
659 3015 715 3056 ceu
733 2996 927 3076 magistrac'
920 3015 950 3055 ru
974 3017 1017 3056 ra·

91 3078 194 3156 liquos
219 3078 337 3158 legast
339 3096 471 3156 anquam
493 3079 524 3137 iu
548 3079 688 3149 subditos
712 3081 757 3139 ius
772 3080 913 3141 babeant
938 3078 1016 3154 Nam
1056 3095 1078 3158 ἰ

93 3179 164 3221 cum
189 3179 297 3222 omnen
320 3161 399 3221 aliae
424 3161 508 3240 leges
525 3160 622 3222 fldem
646 3169 677 3223 et
698 3163 886 3226 caritatem
878 3162 1017 3241 inprimis

93 3254 233 3327 urgeant,
256 3245 364 3306 merito
387 3261 443 3323 pro
466 3244 584 3325 legibus
606 3245 677 3306 illae
702 3265 763 3306 uon
786 3251 875 3306 eruut
903 3244 1017 3306 habeu-

93 3327 163 3402 dse,
185 3345 265 3407 quse
288 3326 441 3387 diversum
463 3346 482 3385 a
503 3325 564 3388 fida
586 3335 617 3388 et
639 3331 763 3389 caritate
787 3327 953 3409 postulant.

107 3474 110 3479 ,
175 3409 283 3491 Longe
300 3411 396 3490 igitur
418 3417 521 3472 errant
541 3410 659 3508 ludaei,
680 3414 729 3491 qui
757 3420 817 3473 tam
840 3410 1017 3491 rigideplo-
1085 3470 1088 3475 .

92 3511 206 3572 raeque
219 3493 328 3555 Musis
336 3493 422 3574 leges
442 3495 578 3574 exigunt,
599 3497 659 3555 ut
651 3515 681 3554 ru
705 3491 861 3556 caritatem
886 3513 1016 3574 peccare

22 3570 26 3575 ’
90 3585 122 3639 ct
143 3575 305 3660 publicam
313 3595 421 3656 pacem
434 3577 556 3641 turbare
573 3577 669 3639 multo
684 3579 781 3659 magis
793 3577 898 3654 velint,
921 3595 1013 3657 quam

52 3714 55 3719 .
90 3659 252 3722 nobiscum
277 3660 324 3720 vel
348 3659 511 3722 comedere
532 3660 582 3721 vel
605 3661 717 3742 bibere,
742 3660 790 3722 vel
808 3623 906 3720 similb
929 3659 1036 3729 aliud¹

91 3743 204 3808 lacere
239 3743 310 3825 Non
333 3743 414 3805 enirn
436 3763 475 3805 ea
507 3744 608 3825 legum
638 3751 685 3807 est
714 3744 867 3825 voluntas
901 3742 941 3803 ut
971 3744 1028 3803 sic·

117 3857 212 3899 uuum
227 3867 281 3908 opp.
294 3857 322 3900 v.
337 3856 365 3899 a
379 3857 409 3897 ιι
437 3857 480 3902 rer.
497 3857 548 3909 ,ιιι
560 3857 575 3899 ι,
589 3867 612 3907 ρ.
630 3858 680 3900 voi.
695 3858 743 3900 vu.
831 3828 851 3894 b
