2348 4162
287 244 325 302 ud
342 244 376 301 D.
396 246 540 301 Erasmum
558 245 784 301 Roterodsmnm.
927 239 986 306 251

63 414 163 475 dunt?
208 415 248 477 Et
280 416 403 477 tandem
432 435 471 477 eo
500 417 653 493 venietur,
687 422 720 476 ut
753 415 892 477 homines
914 411 991 473 solvi

63 497 138 559 tant
160 503 193 559 et
215 498 396 560 damnentur
418 501 581 579 ignorante
602 501 687 580 Deo,
716 504 749 560 ut
772 500 822 579 qui
844 517 906 558 non
930 496 991 557 dis·

63 582 196 642 creverit
228 589 312 643 certe
345 582 497 644 electione
528 582 696 644 solvendos
733 588 764 643 et
791 580 992 656 damnandos,

63 664 116 726 sed
140 664 246 726 oblata
269 665 411 727 omuibus
432 666 568 745 generali
589 666 714 726 lenitate
727 665 876 726 tolerante
898 671 929 724 et
950 666 992 723 in-

61 748 211 825 durante,
249 755 311 809 tum
343 749 553 811 misericordia
582 750 766 829 corripiente
795 755 825 807 et
847 748 993 826 puniente

59 830 240 893 hominibus
262 832 432 912 reliquerit,
454 834 511 894 utri
534 833 629 893 velint
650 831 727 893 sslvi
749 831 813 892 fieri
838 837 890 891 aut
911 830 992 890 dam-

57 915 147 993 nari,
184 914 252 993 ipse
272 916 391 976 interim
429 917 507 977 t’orte
539 915 578 976 ed
609 916 783 976 convivium
806 914 992 992 Aethiopum

58 997 232 1078 proiectus,
256 1005 289 1059 ut
309 998 461 1059 Homerus
483 997 566 1061 dicit.

146 1080 255 1142 Talem
279 1082 376 1143 Deum
410 1082 499 1143 nobis
534 1088 565 1144 et
583 1081 766 1144 Aristoteles
793 1081 906 1163 pingit,
942 1079 993 1159 qui
1058 1123 1061 1130 ·

57 1164 199 1226 dormiet
220 1164 337 1226 scilicet
359 1171 390 1225 et
410 1166 491 1226 sinet
514 1186 570 1226 suu
589 1165 726 1227 bonitate
748 1173 778 1227 et
800 1163 994 1243 correptione

57 1249 106 1308 uti
130 1253 162 1308 et
185 1247 268 1309 abuti
292 1248 456 1328 quoslibet.
499 1247 568 1311 Nec
589 1251 665 1310 ratio
690 1251 777 1310 aliter
800 1249 838 1309 de
859 1250 927 1327 ipso
942 1265 994 1326 po-

57 1337 127 1393 test
147 1329 300 1409 iudicare,
329 1350 419 1411 quem
448 1332 498 1392 hic
529 1331 656 1394 distribe
681 1333 762 1397 iecit.
806 1331 890 1394 Sicut
913 1331 993 1391 enim

56 1415 134 1493 ipse
156 1415 258 1474 stertit
289 1424 320 1475 et
342 1417 511 1476 contemnit
533 1435 581 1476 res
604 1415 739 1491 divinus,
762 1417 806 1475 sic
829 1414 943 1475 iudicet
965 1419 996 1473 et

58 1497 102 1558 de
126 1496 205 1573 Dee,
228 1499 315 1577 qussi
337 1503 461 1573 stertet,
500 1504 530 1558 et
565 1499 679 1560 omissa
702 1498 850 1579 eligendi,
881 1497 995 1558 discer-

59 1579 177 1656 nendi,
198 1580 369 1660 inspirandi
391 1582 558 1661 snpientia,
589 1582 748 1643 voluntate
772 1589 802 1642 et
823 1581 996 1660 praesentis

58 1661 243 1731 hominibus
273 1664 425 1725 mandarit
451 1667 646 1745 negotiosum
670 1664 750 1725 istud
780 1672 811 1724 et
833 1664 994 1724 molestum

63 1766 163 1827 opus,
192 1746 349 1809 lenitatem
384 1754 414 1809 et
435 1748 510 1809 irem
545 1768 631 1810 susm
654 1748 835 1828 acceptandi
866 1754 897 1807 et
917 1746 996 1809 refu·

62 1829 162 1891 tandi.
206 1826 273 1890 Huc
294 1833 422 1906 venitur,
447 1831 517 1892 dum
536 1833 655 1893 ratione
676 1832 809 1892 humone
822 1831 921 1892 Deum
937 1849 996 1891 me·

65 1913 116 1975 tiri
153 1918 186 1973 et
219 1931 369 1976 excusare
405 1915 563 1992 volumus,
593 1915 664 1975 dum
688 1923 807 1977 secrete
830 1914 997 1975 maiestatis

65 2015 130 2058 uon
153 2015 345 2076 reveremur,
369 1997 423 2059 sed
446 2005 641 2078 penetremus
665 2004 852 2070 scrutantes,
887 2004 919 2056 ut
942 2016 996 2076 op·

65 2079 167 2161 pressi
189 2078 290 2161 glorie
310 2100 365 2161 pro
389 2100 450 2141 uns
472 2083 672 2143 excusatione
695 2081 995 2161 millebleephemiss

66 2181 267 2241 evomamus,
289 2183 348 2225 nec
369 2165 464 2225 nostri
486 2166 605 2226 interim
630 2182 799 2240 memores,
830 2165 882 2227 sed
906 2163 996 2224 simul

67 2251 99 2307 et
121 2251 232 2307 contre
254 2246 351 2308 Deum
375 2254 405 2308 et
427 2266 485 2309 nos
498 2250 666 2326 garrientes
689 2249 900 2326 volutionem,
925 2248 995 2307 dum

68 2347 183 2409 magne
204 2330 356 2409 sapientie
376 2350 433 2410 pro
454 2329 524 2392 Deo
548 2338 577 2390 et
599 2351 654 2413 pro
676 2332 766 2394 nobis
788 2331 890 2393 dicere
912 2330 996 2391 volu·

68 2431 145 2474 mus.
190 2409 270 2474 Nem
293 2413 344 2475 hie
366 2413 466 2486 vides,
500 2414 571 2493 quid
595 2435 634 2475 ex
656 2415 723 2476 Deo
744 2416 838 2475 faciut
858 2416 915 2474 iste
938 2419 996 2473 tro-

67 2515 125 2577 pus
155 2501 188 2555 et
218 2495 325 2576 glossa
356 2497 518 2574 distribes,
555 2498 666 2559 deinde
699 2517 789 2577 quam
823 2497 901 2559 bene
939 2495 996 2557 sibi

67 2582 209 2655 constet,
232 2597 311 2658 quse
334 2587 426 2642 antec
446 2580 574 2641 liberum
604 2580 759 2642 arbitrium
786 2582 818 2640 in
855 2580 997 2642 omnibus

68 2660 246 2723 hominibus
273 2682 334 2724 unc
356 2663 534 2725 definitione
563 2664 635 2724 iecit
667 2663 798 2742 sequals
830 2669 862 2724 et
889 2662 997 2740 simile,

68 2763 151 2805 nunc
173 2744 252 2805 iuter
275 2744 500 2825 disputandum,
522 2748 664 2828 propriae
683 2747 868 2808 definitionis
891 2745 996 2823 oblita,

68 2826 152 2889 uliud
174 2827 248 2889 iecit
275 2828 405 2905 cultum,
438 2829 520 2890 aliud
558 2831 723 2908 incultum,
759 2851 798 2890 ex
822 2830 998 2892 diversitate

68 2928 199 2993 operum
222 2917 254 2971 et
276 2931 395 2973 momm
418 2920 448 2974 et
468 2912 627 2975 hominum
649 2914 769 2976 diverse
802 2913 918 2975 iaciens
953 2931 998 2973 cr·

69 2994 161 3056 bitrio
183 2991 293 3073 libera,
328 2995 410 3057 eliud
432 2995 516 3076 quod
538 2995 652 3058 bonum
674 2998 776 3076 facist,
809 2996 891 3058 eliud
914 2995 997 3076 quod

69 3097 134 3139 uon
158 3074 261 3155 faciet,
285 3083 377 3159 etque
399 3079 429 3139 id
452 3081 514 3140 suis
536 3080 649 3142 viribus
671 3087 743 3142 ente
765 3083 910 3161 gretiam,
934 3081 997 3160 qui·

69 3161 126 3223 bue
150 3158 264 3220 viribus
294 3163 395 3242 ipsum
424 3163 498 3223 nihil
528 3182 620 3243 posse
658 3163 736 3224 velle
758 3164 831 3224 boui
853 3170 925 3225 ente
947 3162 997 3224 de·

69 3243 199 3306 linierat.
243 3241 291 3306 Its
311 3243 363 3324 fit,
398 3244 469 3307 dum
502 3247 559 3306 soli
588 3247 737 3308 voluntati
760 3247 816 3307 Dei
844 3266 905 3306 non
929 3267 997 3325 per·

70 3327 219 3388 mittimus
240 3327 401 3389 indurandi
432 3336 463 3390 et
484 3330 646 3391 miserendi
680 3337 711 3391 et
742 3331 846 3390 omnic
866 3329 998 3390 faciendi

71 3409 261 3472 voluntatem
284 3417 315 3472 et
335 3414 520 3492 potentiam,
547 3414 605 3493 ipsi
628 3413 724 3474 libero
747 3411 871 3474 arbitrio
895 3414 999 3473 omnin

72 3511 166 3573 posse
188 3491 355 3556 tribuamus
377 3496 443 3557 sine
465 3497 573 3576 gratis,
594 3495 678 3576 quod
700 3503 802 3557 tamen
818 3495 997 3577 negavimus

73 3576 236 3655 quicquam
258 3577 332 3639 boni
354 3597 447 3659 posse
469 3583 536 3640 siue
558 3581 664 3659 gretie.

155 3657 238 3719 Nihil
271 3662 362 3741 igitur
390 3662 451 3722 huo
481 3662 561 3723 velet
588 3661 754 3723 similitudo
786 3661 860 3722 solis
892 3668 922 3722 et
944 3662 997 3723 im·

75 3739 150 3821 bris,
189 3744 303 3805 rectius
326 3745 517 3807 Christianus
540 3764 578 3807 eo
600 3745 799 3808 similitudine
821 3751 936 3826 utetur,
965 3750 999 3814 ut
