2348 4162
92 1154 157 1247 De
203 1178 333 1247 servo
377 1148 570 1246 arbitrio
615 1149 797 1246 Martini
837 1150 1019 1246 Lutheri

176 1267 232 1362 sd
261 1267 310 1360 D.
340 1265 566 1360 Erosmum
579 1265 938 1361 -Roterodamum

398 1474 403 1479 ’
503 1468 609 1541 1525.

454 1732 663 1744 *-

179 1891 343 1953 Lutherum
377 1897 409 1951 et
431 1893 592 1954 Erasmum
625 1891 802 1972 ismpoulo
824 1898 896 1971 post
917 1892 1019 1973 incep-

93 1984 158 2036 tam
193 1992 349 2036 sacrorum
384 1975 634 2039 reformationem
668 1977 699 2036 in
724 1975 858 2034 diversos
895 1983 925 2034 et
949 1973 1019 2035 senss

94 2057 194 2119 tiendi
224 2066 254 2117 et
276 2057 408 2119 docendi
432 2061 580 2121 derebus
613 2061 709 2120 sacris
732 2057 939 2118 restaurandis
962 2059 1019 2118 dis·

94 2143 230 2202 cessisse
250 2142 388 2201 rationes
411 2142 532 2204 uberius
560 2148 772 2222 exposuerunt
783 2140 1019 2201 Seokendorflus

93 2225 127 2284 in
145 2223 324 2295 ¹comment.
356 2223 426 2287 hist.
458 2232 490 2287 et
511 2225 635 2306 apolog.
666 2226 703 2284 de
738 2223 972 2284 Lutherenisroo
994 2220 1019 2300 I,

97 2309 160 2371 179
183 2323 268 2388 sqq.,
305 2306 464 2368 Waichius
492 2310 522 2368 in
555 2307 666 2371 introd.
697 2308 728 2366 in
750 2306 785 2370 T.
809 2302 915 2367 XVIII
936 2304 1019 2386 Opp.

95 2389 186 2454 Loth.
217 2408 248 2469 p.
281 2390 341 2455 106
369 2409 457 2468 sqq.‚
493 2389 636 2451 Gieseier.
659 2391 691 2449 io
725 2387 801 2449 iibro
834 2388 1019 2448 clarissimo:

12 2526 17 2532 .
94 2471 257 2532 Lehrbuoh
280 2474 333 2532 der
355 2472 674 2554 Kirohengesohiohte,
697 2472 746 2547 111,
771 2475 829 2544 1§.
853 2473 882 2534 3.
913 2470 1020 2549 Itaque
1140 2491 1142 2499 ·

95 2557 159 2615 iam
184 2573 264 2616 enno
289 2556 368 2620 1522
393 2556 468 2616 Phil.
492 2555 709 2617 Melanohthon
747 2555 824 2613 hssc
843 2552 891 2615 .de
914 2555 1019 2613 utrius·
1088 2548 1091 2553 ’

96 2657 158 2718 que
179 2639 299 2698 ratione
321 2638 471 2699 sentiendi
494 2658 531 2698 oc
553 2637 683 2699 docendi
706 2635 827 2698 scribit:

182 2720 235 2799 „ln
267 2721 358 2781 rebus
380 2721 565 2802 theologicis
595 2720 655 2781 duo
679 2721 870 2799 potissimum
896 2720 1019 2797 requiri·

96 2822 176 2879 mus,
198 2802 338 2884 alterum,
363 2823 423 2884 quo
443 2824 500 2866 nos
523 2804 718 2864 consolemur
729 2801 876 2862 adversus
891 2809 1019 2862 mortem

96 2895 130 2946 et
150 2885 294 2946 iudicium
310 2886 376 2958 Dei,
400 2901 522 2966 quoque
547 2888 680 2947 animum
695 2887 846 2964 erigamus
870 2884 1019 2944 adversus

97 2988 207 3029 omnes
230 2970 355 3029 insidias
370 2969 502 3031 Satanae
518 2968 696 3050 ,adversum
719 2970 780 3028 vim
795 2976 951 3048 portarum
973 2968 1020 3027 in·

95 3050 261 3114 ternarum.
289 3053 335 3111 Ee
356 3050 478 3112 demum
496 3073 584 3128 xvera,
608 3051 833 3131 evangelicoet
855 3051 1021 3111 christiane

96 3134 286 3214 praedicatio
310 3142 366 3215 est,
388 3138 496 3215 ignoto
517 3134 631 3195 mundo
665 3143 696 3194 et
724 3135 806 3194 omni
835 3134 944 3193 rationi
968 3133 1019 3192 hu·
1143 3129 1146 3138 '

97 3236 220 3279 menso
261 3217 350 3278 Hanc
381 3217 539 3298 profitetur
560 3217 756 3280 Lutherus.
806 3216 846 3277 Et
873 3217 950 3276 hoec
978 3217 1021 3275 iu·

96 3302 181 3361 stitis
211 3300 314 3364 cordis
343 3308 405 3374 est,
436 3320 515 3379 quse
550 3306 660 3381 posteo
694 3299 775 3360 bono
809 3318 905 3380 opera
932 3301 1021 3379 parit.

95 3383 193 3444 Hanc
209 3384 260 3463 qui
281 3385 313 3443 in
336 3384 498 3463 scripturis
519 3381 657 3463 legendis
679 3384 829 3462 sequitur,
865 3382 953 3442 focile
975 3383 1019 3440 in-

96 3466 218 3546 telliget
253 3465 349 3527 multa
371 3466 518 3547 mysteria
540 3466 726 3545 scripturae.
771 3465 924 3539 Alterum,
948 3464 1020 3524 boni

96 3568 211 3629 mores,
239 3548 382 3613 civilitas.
425 3548 511 3609 Haeo
537 3548 602 3608 sere
624 3547 808 3607 Erasmus
843 3548 945 3626 docet,
967 3547 1021 3607 sed

98 3639 130 3694 et
149 3631 469 3714 gentilssphilosophi
494 3630 637 3692 docuere.
664 3629 704 3689 At
726 3630 796 3711 quid
818 3620 936 3710 'quaeso
949 3649 1018 3690 oum

125 3748 217 3793 onom
232 3760 285 3802 opp.
298 3750 325 3793 v.
339 3750 367 3789 A.
382 3749 411 3789 as
425 3749 467 3789 res.
480 3747 532 3789 hist.
546 3749 560 3790 r.
575 3759 597 3796 p.
611 3747 660 3789 vor.
675 3747 725 3787 v1r.
879 3715 899 3778 8
