2348 4162
366 268 456 325 amico
474 268 583 325 cuidam
603 268 805 340 praescriptae.
981 268 1045 335 415

121 435 274 518 operator
295 458 368 501 vero
391 459 453 502 non
477 442 627 519 nascitur,
661 439 716 501 sed
737 441 835 522 gignit
854 440 922 520 ipse
944 439 1046 520 potius

121 538 226 601 opera.
268 522 328 583 Hic
348 531 450 585 autem
472 530 504 585 in
526 523 743 586 iustificatione
764 530 811 585 est
833 541 949 583 merum
972 523 1045 600 pati,
1136 534 1140 541 '

121 605 193 683 qula
216 605 301 667 solus
323 607 409 670 Deus
431 608 462 669 in
485 607 574 669 nobie
598 615 743 688 operatur
762 605 865 687 fidem,
887 623 1045 686 perquam

120 705 178 748 nos
201 689 309 769 gignit,
332 689 403 752 ideo
425 691 531 752 Petrus
566 709 624 752 nos
646 695 739 752 vocat
760 689 855 765 Quasi
879 687 971 749 modo
994 706 1047 768 ge-

124 772 217 832 nitoe.

204 854 356 917 Nativitas
389 875 463 918 vero
486 857 564 917 baec
585 863 636 917 cet
651 854 834 937 spiritualis,
872 852 923 914 ubi
946 854 1045 914 exclu·

120 936 224 998 denda
246 945 293 1000 est
313 940 491 1020 imaginatio
515 940 606 999 maris
622 946 653 1000 et
673 940 816 1017 feminae,
839 937 892 998 sed
916 954 1047 1017 exaqua

120 1028 152 1081 ct
173 1023 289 1102 spiritu.
333 1024 401 1084 Hoc
433 1031 481 1084 eet
502 1021 585 1084 aliud
607 1023 799 1103 coniugium,
828 1021 879 1082 ubi
901 1039 942 1081 ex
964 1038 1045 1100 equa

120 1110 153 1165 ct
173 1105 280 1184 spiritu
311 1112 498 1186 generantur
520 1103 574 1167 filii
596 1105 673 1183 Dei,
701 1124 764 1166 uon
795 1103 850 1165 filii
867 1105 1046 1167 bominum.

121 1186 179 1247 Hic
200 1206 263 1249 non
287 1200 334 1250 est
355 1189 500 1270 fingenda
513 1207 595 1269 aqua
605 1189 780 1270 spiritualis,
802 1208 856 1248 eeu
869 1188 1048 1265 allegorica,

120 1278 154 1330 ut
176 1270 353 1352 blunserus,
378 1275 430 1352 qui
469 1291 582 1351 aquam
608 1272 660 1332 hic
680 1274 805 1332 vocavit
825 1271 1046 1347 tribulationes,

121 1360 154 1413 ut
176 1372 292 1436 negare
321 1365 429 1436 posset
451 1355 648 1436 baptismum,
676 1364 706 1414 et
728 1355 823 1416 corda
844 1354 1005 1415 seduceret
1026 1372 1045 1414 a

121 1436 233 1497 visibili
254 1440 343 1519 signo
367 1439 422 1500 Dei
452 1438 491 1498 ad
524 1457 595 1499 suas
626 1439 847 1518 cogitationes,
871 1456 938 1497 curn
962 1436 1045 1497 Deus

120 1538 180 1581 nos
201 1521 275 1582 velit
297 1521 410 1584 docere
434 1524 529 1603 signis
545 1521 712 1583 visibilibus
734 1527 765 1581 et
787 1539 863 1582 voce
882 1519 1046 1601 corporali,

122 1620 184 1683 quo
209 1622 347 1667 essemus
371 1608 446 1667 certi
468 1605 507 1665 de
528 1624 584 1665 sua
608 1604 777 1683 voluntate,
799 1622 858 1664 nee
871 1622 950 1684 opus
964 1612 1047 1664 esset

121 1689 227 1831 vagari
268 1690 381 1749 nostris
416 1687 632 1777 devotionibus
676 1694 706 1749 et
744 1687 884 1748 electitiie
926 1687 1045 1766 religio·

123 1788 155 1829 m
178 1788 225 1832 us.

202 1853 299 1934 lgitur
320 1856 513 1915 statuendum
538 1861 604 1937 est,
631 1854 680 1915 bic
708 1871 819 1933 aquam
849 1870 917 1915 esse
939 1851 1046 1912 intelli-

120 1916 255 2017 gendam
279 1940 382 1998 veram
405 1957 528 2019 equam,
549 1945 581 1997 et
602 1944 634 1997 ut
656 1937 891 2017 distingueretur
908 1935 947 1996 ab
977 1934 1045 1995 aliie

120 2020 209 2098 equis
233 2021 312 2081 serie
333 2021 402 2082 eine
423 2022 527 2102 verbo,
549 2020 684 2081 additur:
727 2019 768 2081 Et
778 2019 901 2101 Spiritu,
925 2018 1044 2079 utscia·

120 2122 199 2181 mus,
221 2102 407 2184 baptismum
439 2125 509 2167 esee
539 2123 722 2186 puerperam
757 2104 844 2184 regni
878 2103 1045 2181 coelorum,

121 2185 173 2246 ubi
196 2204 293 2266 aque,
325 2207 388 2248 non
411 2196 443 2250 ut
466 2207 546 2269 aqua
567 2188 645 2268 sola,
668 2187 722 2249 sed
745 2186 858 2269 Spiritu
880 2186 1044 2247 coniuncto

121 2277 152 2330 et
173 2277 373 2351 cooperante,
397 2272 527 2333 eduntur
548 2270 603 2332 filii
624 2272 711 2350 regni
734 2271 901 2333 coelorum.

206 2351 246 2413 let
268 2353 432 2435 magnifica
468 2362 515 2416 eet
542 2356 602 2415 ista
624 2353 696 2415 fidei
724 2353 865 2414 doctrina
886 2361 916 2413 et
938 2353 1046 2430 ingens
1073 2400 1089 2425 „

121 2437 380 2498 conscientiarum
404 2438 565 2518 solatium,
592 2436 674 2517 quod
698 2436 823 2498 verbum
845 2435 954 2496 vocale
977 2453 1045 2495 cum

121 2538 204 2600 aqua
224 2521 360 2581 iunctum
381 2527 510 2602 generat
530 2519 611 2581 filios
634 2521 707 2600 Dei,
730 2521 801 2599 quia
824 2520 952 2599 Spiritus
975 2537 1044 2578 cum

122 2621 205 2682 aqua
226 2604 310 2685 iungi
333 2623 394 2665 non
418 2611 531 2686 potest,
554 2604 612 2664 nisi
633 2623 688 2685 per
711 2604 834 2663 verbum
857 2602 1046 2678 bominis,a

122 2685 245 2748 Christo
278 2687 432 2749 traditum.
474 2688 553 2749 Nam
588 2688 647 2748 nisi
669 2686 794 2747 verbum
819 2685 926 2746 vocale
947 2684 1044 2745 homi·

122 2788 196 2830 num
218 2771 295 2831 assit
315 2789 415 2851 equae
438 2770 605 2832 secundum
628 2779 824 2852 praeceptum
840 2768 961 2847 Christi,
978 2769 1045 2847 quis

121 2854 230 2933 sciret,
252 2853 303 2914 ubi
326 2854 455 2936 Spiritus
478 2861 570 2934 esset,
591 2862 645 2916 eut
666 2872 746 2934 quae
767 2872 848 2933 equa
869 2860 951 2913 esset
973 2852 1045 2932 bap·

123 2936 254 2997 tiernus?
274 2935 416 3001 Necesse
438 2935 519 3022 estl)
542 2956 628 3020 ergo,
650 2957 713 2998 non
735 2937 835 2998 solum
853 2954 963 3015 aquarn
976 2953 1046 2995 esee

121 3019 286 3099 visibilem,
309 3021 363 3081 sed
386 3023 477 3083 etiem
501 3021 633 3082 medium
655 3021 740 3101 illud,
764 3038 825 3101 quo
847 3016 980 3100 Spiritus
1000 3020 1045 3078 in-

121 3102 251 3163 visibilis
273 3121 344 3165 cum
366 3123 447 3185 aqua
469 3112 500 3167 et
527 3107 559 3167 in
583 3124 663 3184 aque
685 3111 893 3186 cognoscatur
915 3103 1044 3183 operari.

120 3184 191 3248 Hoc
211 3186 345 3251 medium
369 3196 472 3250 autem
494 3199 541 3250 est
562 3194 761 3268 praeceptum
785 3187 860 3248 illud
883 3190 1046 3247 verbuma

120 3268 262 3332 cbristo:
304 3270 360 3351 Ite,
383 3271 535 3352 baptisate
555 3275 587 3334 in
600 3270 833 3335 nominePatrie
856 3277 889 3331 et
908 3269 974 3329 Filii
987 3274 1045 3332 etc.

204 3353 263 3414 Hic
284 3361 415 3435 possunt
436 3358 541 3417 omnia
557 3356 683 3435 adduci,
720 3373 800 3435 quae
830 3355 984 3434 pertinent
1005 3351 1045 3413 ed

119 3435 265 3518 baptismi
287 3438 426 3520 gloriam.
469 3439 547 3503 ltem
572 3447 679 3501 contra
701 3457 796 3520 opera
819 3439 933 3515 omnia,
955 3454 1044 3516 quae,

120 3538 191 3580 cum
213 3539 276 3582 non
299 3521 432 3584 doceant
453 3527 689 3604 renascentiam,
710 3524 863 3606 baptismo
884 3534 954 3588 eunt
972 3545 1044 3587 con-

118 3686 517 3704 mun—*-

192 3789 226 3857 1)
247 3791 278 3845 Iu
296 3789 341 3847 ed.
360 3790 429 3847 len:
449 3791 604 3848 notandum
624 3797 677 3850 cst.
