<?xml version="1.0" encoding="UTF-8"?>
<!DOCTYPE html PUBLIC "-//W3C//DTD XHTML 1.0 Transitional//EN"
    "http://www.w3.org/TR/xhtml1/DTD/xhtml1-transitional.dtd">
<html xmlns="http://www.w3.org/1999/xhtml" xml:lang="en" lang="en">
 <head>
  <title>
</title>
<meta http-equiv="Content-Type" content="text/html;charset=utf-8" />
  <meta name='ocr-system' content='tesseract 3.04.00' />
  <meta name='ocr-capabilities' content='ocr_page ocr_carea ocr_par ocr_line ocrx_word'/>
</head>
<body>
  <div class='ocr_page' id='page_1' title='image "./dmartinilutheri02luthgoog_0255.png"; bbox 0 0 2348 4162; ppageno 0'>
   <div class='ocr_carea' id='block_1_1' title="bbox 191 254 874 323">
    <p class='ocr_par' dir='ltr' id='par_1_1' title="bbox 191 254 874 323">
     <span class='ocr_line' id='line_1_1' title="bbox 191 254 874 323; baseline -0.003 -10"><span class='ocrx_word' id='word_1_1' title='bbox 191 257 256 323; x_wconf 78' lang='lat'><strong>242</strong></span> <span class='ocrx_word' id='word_1_2' title='bbox 442 258 484 313; x_wconf 86' lang='lat' dir='ltr'><strong>De</strong></span> <span class='ocrx_word' id='word_1_3' title='bbox 501 272 584 313; x_wconf 79' lang='lat' dir='ltr'><strong>servo</strong></span> <span class='ocrx_word' id='word_1_4' title='bbox 602 254 716 312; x_wconf 83' lang='lat' dir='ltr'><strong>arbitrio</strong></span> <span class='ocrx_word' id='word_1_5' title='bbox 734 256 771 311; x_wconf 92' lang='lat' dir='ltr'><strong>D.</strong></span> <span class='ocrx_word' id='word_1_6' title='bbox 789 256 825 310; x_wconf 87' lang='lat' dir='ltr'><strong>ll.</strong></span> <span class='ocrx_word' id='word_1_7' title='bbox 841 256 874 311; x_wconf 90' lang='lat' dir='ltr'><strong>L.</strong></span> 
     </span>
    </p>
   </div>
   <div class='ocr_carea' id='block_1_2' title="bbox 191 408 1121 656">
    <p class='ocr_par' dir='ltr' id='par_1_2' title="bbox 191 408 1121 656">
     <span class='ocr_line' id='line_1_2' title="bbox 191 408 1121 508; baseline -0.005 -20"><span class='ocrx_word' id='word_1_8' title='bbox 191 429 308 508; x_wconf 87' lang='lat' dir='ltr'><strong>idest,</strong></span> <span class='ocrx_word' id='word_1_9' title='bbox 338 408 392 506; x_wconf 83' lang='lat' dir='ltr'><strong>ea,</strong></span> <span class='ocrx_word' id='word_1_10' title='bbox 427 425 535 505; x_wconf 92' lang='lat' dir='ltr'><strong>quibus</strong></span> <span class='ocrx_word' id='word_1_11' title='bbox 565 424 689 485; x_wconf 89' lang='lat' dir='ltr'><strong>liberum</strong></span> <span class='ocrx_word' id='word_1_12' title='bbox 712 426 867 485; x_wconf 82' lang='lat' dir='ltr'><strong>arbitrium</strong></span> <span class='ocrx_word' id='word_1_13' title='bbox 891 424 1017 485; x_wconf 87' lang='lat' dir='ltr'><strong>tollitur.</strong></span> <span class='ocrx_word' id='word_1_14' title='bbox 1060 420 1121 484; x_wconf 87' lang='lat' dir='ltr'><strong>Hic</strong></span> 
     </span>
     <span class='ocr_line' id='line_1_3' title="bbox 192 507 1121 593; baseline -0.005 -21"><span class='ocrx_word' id='word_1_15' title='bbox 192 510 324 590; x_wconf 90' lang='lat' dir='ltr'><strong>videbis,</strong></span> <span class='ocrx_word' id='word_1_16' title='bbox 356 510 427 589; x_wconf 90' lang='lat' dir='ltr'><strong>quid</strong></span> <span class='ocrx_word' id='word_1_17' title='bbox 455 511 554 570; x_wconf 86' lang='lat' dir='ltr'><strong>fumus</strong></span> <span class='ocrx_word' id='word_1_18' title='bbox 581 509 713 569; x_wconf 89' lang='lat' dir='ltr'><strong>hominis</strong></span> <span class='ocrx_word' id='word_1_19' title='bbox 742 508 841 588; x_wconf 88' lang='lat' dir='ltr'><strong>possit</strong></span> <span class='ocrx_word' id='word_1_20' title='bbox 868 515 976 569; x_wconf 84' lang='lat' dir='ltr'><strong>contra</strong></span> <span class='ocrx_word' id='word_1_21' title='bbox 997 507 1121 593; x_wconf 80' lang='lat' dir='ltr'><strong>fulgura</strong></span> 
     </span>
     <span class='ocr_line' id='line_1_4' title="bbox 193 593 465 656; baseline 0.004 -1"><span class='ocrx_word' id='word_1_22' title='bbox 193 599 225 656; x_wconf 82' lang='lat' dir='ltr'><strong>et</strong></span> <span class='ocrx_word' id='word_1_23' title='bbox 245 597 377 656; x_wconf 88' lang='lat' dir='ltr'><strong>tonitrua</strong></span> <span class='ocrx_word' id='word_1_24' title='bbox 399 593 465 656; x_wconf 89' lang='lat' dir='ltr'><strong>Dei.</strong></span> 
     </span>
    </p>
   </div>
   <div class='ocr_carea' id='block_1_3' title="bbox 193 724 1128 2798">
    <p class='ocr_par' dir='ltr' id='par_1_3' title="bbox 193 724 1128 2798">
     <span class='ocr_line' id='line_1_5' title="bbox 276 724 1121 805; baseline -0.002 -16"><span class='ocrx_word' id='word_1_25' title='bbox 276 730 424 805; x_wconf 85' lang='lat' dir='ltr'><strong>Primum,</strong></span> <span class='ocrx_word' id='word_1_26' title='bbox 461 747 530 788; x_wconf 90' lang='lat' dir='ltr'><strong>cum</strong></span> <span class='ocrx_word' id='word_1_27' title='bbox 562 725 801 786; x_wconf 88' lang='lat' dir='ltr'><strong>innumerabiles</strong></span> <span class='ocrx_word' id='word_1_28' title='bbox 833 725 922 787; x_wconf 86' lang='lat' dir='ltr'><strong>locos</strong></span> <span class='ocrx_word' id='word_1_29' title='bbox 943 724 1121 805; x_wconf 82' lang='lat' dir='ltr'><strong>scripturae</strong></span> 
     </span>
     <span class='ocr_line' id='line_1_6' title="bbox 193 808 1121 891; baseline -0.003 -19"><span class='ocrx_word' id='word_1_30' title='bbox 193 813 293 872; x_wconf 89' lang='lat' dir='ltr'><strong>citarit</strong></span> <span class='ocrx_word' id='word_1_31' title='bbox 314 831 370 891; x_wconf 89' lang='lat' dir='ltr'><strong>pro</strong></span> <span class='ocrx_word' id='word_1_32' title='bbox 392 811 489 872; x_wconf 92' lang='lat' dir='ltr'><strong>libero</strong></span> <span class='ocrx_word' id='word_1_33' title='bbox 513 809 649 885; x_wconf 85' lang='lat' dir='ltr'><strong>arbitrio,</strong></span> <span class='ocrx_word' id='word_1_34' title='bbox 671 815 814 887; x_wconf 89' lang='lat' dir='ltr'><strong>tanquam</strong></span> <span class='ocrx_word' id='word_1_35' title='bbox 837 808 1063 870; x_wconf 79' lang='lat' dir='ltr'><strong>formidabilem</strong></span> <span class='ocrx_word' id='word_1_36' title='bbox 1077 810 1121 869; x_wconf 91' lang='lat' dir='ltr'><strong>ni·</strong></span> 
     </span>
     <span class='ocr_line' id='line_1_7' title="bbox 195 890 1124 970; baseline -0.004 -15"><span class='ocrx_word' id='word_1_37' title='bbox 195 897 252 955; x_wconf 88' lang='lat' dir='ltr'><strong>mis</strong></span> <span class='ocrx_word' id='word_1_38' title='bbox 273 896 440 955; x_wconf 82' lang='lat' dir='ltr'><strong>exercitum</strong></span> <span class='ocrx_word' id='word_1_39' title='bbox 466 895 518 970; x_wconf 85' lang='lat' dir='ltr'><strong>(ut</strong></span> <span class='ocrx_word' id='word_1_40' title='bbox 539 894 697 953; x_wconf 82' lang='lat' dir='ltr'><strong>animosos</strong></span> <span class='ocrx_word' id='word_1_41' title='bbox 718 890 860 952; x_wconf 87' lang='lat' dir='ltr'><strong>redderet</strong></span> <span class='ocrx_word' id='word_1_42' title='bbox 871 891 1075 954; x_wconf 77' lang='lat' dir='ltr'><strong>confessores</strong></span> <span class='ocrx_word' id='word_1_43' title='bbox 1091 900 1124 952; x_wconf 89' lang='lat' dir='ltr'><strong>et</strong></span> 
     </span>
     <span class='ocr_line' id='line_1_8' title="bbox 193 973 1123 1058; baseline -0.003 -20"><span class='ocrx_word' id='word_1_44' title='bbox 193 977 343 1058; x_wconf 76' lang='lat' dir='ltr'><strong>Martyres</strong></span> <span class='ocrx_word' id='word_1_45' title='bbox 383 983 414 1037; x_wconf 90' lang='lat' dir='ltr'><strong>et</strong></span> <span class='ocrx_word' id='word_1_46' title='bbox 442 996 549 1037; x_wconf 85' lang='lat' dir='ltr'><strong>omnes</strong></span> <span class='ocrx_word' id='word_1_47' title='bbox 572 974 704 1036; x_wconf 75' lang='lat' dir='ltr'><strong>Sanctae</strong></span> <span class='ocrx_word' id='word_1_48' title='bbox 727 983 758 1035; x_wconf 92' lang='lat' dir='ltr'><strong>et</strong></span> <span class='ocrx_word' id='word_1_49' title='bbox 779 974 909 1035; x_wconf 80' lang='lat' dir='ltr'><strong>Sanctae</strong></span> <span class='ocrx_word' id='word_1_50' title='bbox 932 973 1020 1037; x_wconf 89' lang='lat' dir='ltr'><strong>liberi</strong></span> <span class='ocrx_word' id='word_1_51' title='bbox 1043 974 1123 1035; x_wconf 89' lang='lat' dir='ltr'><strong>arbi·</strong></span> 
     </span>
     <span class='ocr_line' id='line_1_9' title="bbox 193 1056 1123 1140; baseline -0.001 -20"><span class='ocrx_word' id='word_1_52' title='bbox 193 1062 260 1137; x_wconf 87' lang='lat' dir='ltr'><strong>trii,</strong></span> <span class='ocrx_word' id='word_1_53' title='bbox 293 1059 421 1140; x_wconf 88' lang='lat' dir='ltr'><strong>pavidos</strong></span> <span class='ocrx_word' id='word_1_54' title='bbox 450 1078 522 1119; x_wconf 91' lang='lat' dir='ltr'><strong>vero</strong></span> <span class='ocrx_word' id='word_1_55' title='bbox 545 1067 576 1119; x_wconf 88' lang='lat' dir='ltr'><strong>et</strong></span> <span class='ocrx_word' id='word_1_56' title='bbox 598 1057 732 1138; x_wconf 90' lang='lat' dir='ltr'><strong>trepidos</strong></span> <span class='ocrx_word' id='word_1_57' title='bbox 766 1077 872 1118; x_wconf 88' lang='lat' dir='ltr'><strong>omnes</strong></span> <span class='ocrx_word' id='word_1_58' title='bbox 894 1058 965 1119; x_wconf 91' lang='lat' dir='ltr'><strong>illos</strong></span> <span class='ocrx_word' id='word_1_59' title='bbox 986 1056 1123 1137; x_wconf 82' lang='lat' dir='ltr'><strong>abnega·</strong></span> 
     </span>
     <span class='ocr_line' id='line_1_10' title="bbox 194 1138 1123 1224; baseline -0.002 -22"><span class='ocrx_word' id='word_1_60' title='bbox 194 1153 276 1204; x_wconf 90' lang='lat' dir='ltr'><strong>tores</strong></span> <span class='ocrx_word' id='word_1_61' title='bbox 299 1150 331 1203; x_wconf 93' lang='lat' dir='ltr'><strong>et</strong></span> <span class='ocrx_word' id='word_1_62' title='bbox 351 1150 531 1223; x_wconf 79' lang='lat' dir='ltr'><strong>peccatores</strong></span> <span class='ocrx_word' id='word_1_63' title='bbox 553 1143 584 1202; x_wconf 91' lang='lat' dir='ltr'><strong>in</strong></span> <span class='ocrx_word' id='word_1_64' title='bbox 608 1140 736 1201; x_wconf 90' lang='lat' dir='ltr'><strong>liberum</strong></span> <span class='ocrx_word' id='word_1_65' title='bbox 757 1138 941 1224; x_wconf 88' lang='lat' dir='ltr'><strong>arbitrium),</strong></span> <span class='ocrx_word' id='word_1_66' title='bbox 963 1147 1123 1222; x_wconf 82' lang='lat' dir='ltr'><strong>contemp</strong></span> 
     </span>
     <span class='ocr_line' id='line_1_11' title="bbox 194 1223 1124 1305; baseline -0.002 -19"><span class='ocrx_word' id='word_1_67' title='bbox 194 1225 308 1286; x_wconf 89' lang='lat' dir='ltr'><strong>tibilem</strong></span> <span class='ocrx_word' id='word_1_68' title='bbox 331 1224 420 1305; x_wconf 85' lang='lat' dir='ltr'><strong>fingit</strong></span> <span class='ocrx_word' id='word_1_69' title='bbox 447 1225 565 1286; x_wconf 91' lang='lat' dir='ltr'><strong>turbam</strong></span> <span class='ocrx_word' id='word_1_70' title='bbox 588 1236 697 1285; x_wconf 85' lang='lat' dir='ltr'><strong>contra</strong></span> <span class='ocrx_word' id='word_1_71' title='bbox 719 1223 846 1284; x_wconf 86' lang='lat' dir='ltr'><strong>liberum</strong></span> <span class='ocrx_word' id='word_1_72' title='bbox 869 1224 1042 1305; x_wconf 86' lang='lat' dir='ltr'><strong>arbitrium,</strong></span> <span class='ocrx_word' id='word_1_73' title='bbox 1076 1232 1124 1285; x_wconf 87' lang='lat' dir='ltr'><strong>at·</strong></span> 
     </span>
     <span class='ocr_line' id='line_1_12' title="bbox 195 1306 1124 1387; baseline 0 -19"><span class='ocrx_word' id='word_1_74' title='bbox 195 1327 254 1387; x_wconf 92' lang='lat' dir='ltr'><strong>que</strong></span> <span class='ocrx_word' id='word_1_75' title='bbox 276 1308 355 1369; x_wconf 91' lang='lat' dir='ltr'><strong>adeo</strong></span> <span class='ocrx_word' id='word_1_76' title='bbox 377 1309 455 1370; x_wconf 87' lang='lat' dir='ltr'><strong>duos</strong></span> <span class='ocrx_word' id='word_1_77' title='bbox 483 1315 600 1369; x_wconf 89' lang='lat' dir='ltr'><strong>tantum</strong></span> <span class='ocrx_word' id='word_1_78' title='bbox 636 1308 722 1368; x_wconf 91' lang='lat' dir='ltr'><strong>locos</strong></span> <span class='ocrx_word' id='word_1_79' title='bbox 745 1326 819 1387; x_wconf 90' lang='lat' dir='ltr'><strong>prae</strong></span> <span class='ocrx_word' id='word_1_80' title='bbox 846 1308 975 1368; x_wconf 87' lang='lat' dir='ltr'><strong>caeteris</strong></span> <span class='ocrx_word' id='word_1_81' title='bbox 997 1306 1124 1368; x_wconf 87' lang='lat' dir='ltr'><strong>eviden-</strong></span> 
     </span>
     <span class='ocr_line' id='line_1_13' title="bbox 195 1388 1124 1471; baseline -0.001 -19"><span class='ocrx_word' id='word_1_82' title='bbox 195 1394 288 1452; x_wconf 83' lang='lat' dir='ltr'><strong>tiores</strong></span> <span class='ocrx_word' id='word_1_83' title='bbox 309 1392 382 1452; x_wconf 87' lang='lat' dir='ltr'><strong>facit</strong></span> <span class='ocrx_word' id='word_1_84' title='bbox 403 1393 433 1453; x_wconf 92' lang='lat' dir='ltr'><strong>in</strong></span> <span class='ocrx_word' id='word_1_85' title='bbox 455 1391 514 1451; x_wconf 93' lang='lat' dir='ltr'><strong>hac</strong></span> <span class='ocrx_word' id='word_1_86' title='bbox 536 1397 622 1471; x_wconf 87' lang='lat' dir='ltr'><strong>parte</strong></span> <span class='ocrx_word' id='word_1_87' title='bbox 644 1399 740 1468; x_wconf 89' lang='lat' dir='ltr'><strong>stare,</strong></span> <span class='ocrx_word' id='word_1_88' title='bbox 769 1391 908 1451; x_wconf 90' lang='lat' dir='ltr'><strong>nimirum</strong></span> <span class='ocrx_word' id='word_1_89' title='bbox 931 1390 970 1451; x_wconf 93' lang='lat' dir='ltr'><strong>ad</strong></span> <span class='ocrx_word' id='word_1_90' title='bbox 993 1388 1124 1451; x_wconf 85' lang='lat' dir='ltr'><strong>caedem</strong></span> 
     </span>
     <span class='ocr_line' id='line_1_14' title="bbox 195 1475 1123 1556; baseline 0.002 -23"><span class='ocrx_word' id='word_1_91' title='bbox 195 1475 293 1534; x_wconf 88' lang='lat' dir='ltr'><strong>solum</strong></span> <span class='ocrx_word' id='word_1_92' title='bbox 316 1481 438 1554; x_wconf 88' lang='lat' dir='ltr'><strong>parata,</strong></span> <span class='ocrx_word' id='word_1_93' title='bbox 470 1493 601 1553; x_wconf 92' lang='lat' dir='ltr'><strong>eamque</strong></span> <span class='ocrx_word' id='word_1_94' title='bbox 623 1492 685 1534; x_wconf 95' lang='lat' dir='ltr'><strong>non</strong></span> <span class='ocrx_word' id='word_1_95' title='bbox 708 1475 812 1556; x_wconf 83' lang='lat' dir='ltr'><strong>magni</strong></span> <span class='ocrx_word' id='word_1_96' title='bbox 834 1475 966 1554; x_wconf 86' lang='lat' dir='ltr'><strong>negotii,</strong></span> <span class='ocrx_word' id='word_1_97' title='bbox 987 1491 1123 1551; x_wconf 86' lang='lat' dir='ltr'><strong>quorum</strong></span> 
     </span>
     <span class='ocr_line' id='line_1_15' title="bbox 194 1555 1128 1621; baseline 0 -3"><span class='ocrx_word' id='word_1_98' title='bbox 194 1558 272 1618; x_wconf 91' lang='lat' dir='ltr'><strong>alter</strong></span> <span class='ocrx_word' id='word_1_99' title='bbox 294 1566 341 1618; x_wconf 87' lang='lat' dir='ltr'><strong>est</strong></span> <span class='ocrx_word' id='word_1_100' title='bbox 362 1558 463 1619; x_wconf 86' lang='lat' dir='ltr'><strong>Exod.</strong></span> <span class='ocrx_word' id='word_1_101' title='bbox 488 1560 523 1621; x_wconf 84' lang='lat'><strong>9:</strong></span> <span class='ocrx_word' id='word_1_102' title='bbox 557 1555 712 1617; x_wconf 87' lang='lat' dir='ltr'><strong>induravit</strong></span> <span class='ocrx_word' id='word_1_103' title='bbox 734 1557 883 1617; x_wconf 84' lang='lat' dir='ltr'><strong>Dominus</strong></span> <span class='ocrx_word' id='word_1_104' title='bbox 914 1575 969 1618; x_wconf 93' lang='lat' dir='ltr'><strong>cor</strong></span> <span class='ocrx_word' id='word_1_105' title='bbox 989 1555 1128 1618; x_wconf 88' lang='lat' dir='ltr'><strong>Pharao·</strong></span> 
     </span>
     <span class='ocr_line' id='line_1_16' title="bbox 195 1637 1123 1715; baseline 0.001 -16"><span class='ocrx_word' id='word_1_106' title='bbox 195 1642 262 1715; x_wconf 91' lang='lat' dir='ltr'><strong>nis,</strong></span> <span class='ocrx_word' id='word_1_107' title='bbox 284 1641 361 1701; x_wconf 89' lang='lat' dir='ltr'><strong>alter</strong></span> <span class='ocrx_word' id='word_1_108' title='bbox 389 1641 479 1702; x_wconf 88' lang='lat' dir='ltr'><strong>llala.</strong></span> <span class='ocrx_word' id='word_1_109' title='bbox 506 1644 537 1702; x_wconf 86' lang='lat'><strong>1:</strong></span> <span class='ocrx_word' id='word_1_110' title='bbox 571 1637 666 1700; x_wconf 84' lang='lat' dir='ltr'><strong>Iacob</strong></span> <span class='ocrx_word' id='word_1_111' title='bbox 689 1638 794 1713; x_wconf 86' lang='lat' dir='ltr'><strong>dilexi,</strong></span> <span class='ocrx_word' id='word_1_112' title='bbox 816 1638 900 1701; x_wconf 76' lang='lat' dir='ltr'><strong>Esau</strong></span> <span class='ocrx_word' id='word_1_113' title='bbox 922 1645 1025 1700; x_wconf 84' lang='lat' dir='ltr'><strong>autem</strong></span> <span class='ocrx_word' id='word_1_114' title='bbox 1048 1638 1123 1700; x_wconf 90' lang='lat' dir='ltr'><strong>odio</strong></span> 
     </span>
     <span class='ocr_line' id='line_1_17' title="bbox 195 1722 1124 1802; baseline -0.001 -19"><span class='ocrx_word' id='word_1_115' title='bbox 195 1722 296 1785; x_wconf 86' lang='lat' dir='ltr'><strong>hebui.</strong></span> <span class='ocrx_word' id='word_1_116' title='bbox 340 1724 508 1802; x_wconf 88' lang='lat' dir='ltr'><strong>Utrumque</strong></span> <span class='ocrx_word' id='word_1_117' title='bbox 542 1741 616 1783; x_wconf 84' lang='lat' dir='ltr'><strong>vero</strong></span> <span class='ocrx_word' id='word_1_118' title='bbox 638 1722 751 1782; x_wconf 89' lang='lat' dir='ltr'><strong>Paulus</strong></span> <span class='ocrx_word' id='word_1_119' title='bbox 784 1722 823 1782; x_wconf 90' lang='lat' dir='ltr'><strong>ad</strong></span> <span class='ocrx_word' id='word_1_120' title='bbox 846 1724 1003 1784; x_wconf 89' lang='lat' dir='ltr'><strong>Romanos</strong></span> <span class='ocrx_word' id='word_1_121' title='bbox 1030 1722 1124 1783; x_wconf 83' lang='lat' dir='ltr'><strong>latius</strong></span> 
     </span>
     <span class='ocr_line' id='line_1_18' title="bbox 195 1803 1123 1887; baseline 0 -22"><span class='ocrx_word' id='word_1_122' title='bbox 195 1807 355 1886; x_wconf 83' lang='lat' dir='ltr'><strong>explicans</strong></span> <span class='ocrx_word' id='word_1_123' title='bbox 378 1808 486 1866; x_wconf 85' lang='lat' dir='ltr'><strong>mirum</strong></span> <span class='ocrx_word' id='word_1_124' title='bbox 522 1823 612 1884; x_wconf 86' lang='lat' dir='ltr'><strong>quam</strong></span> <span class='ocrx_word' id='word_1_125' title='bbox 636 1805 777 1866; x_wconf 77' lang='lat' dir='ltr'><strong>odiosam</strong></span> <span class='ocrx_word' id='word_1_126' title='bbox 805 1812 835 1867; x_wconf 89' lang='lat' dir='ltr'><strong>et</strong></span> <span class='ocrx_word' id='word_1_127' title='bbox 855 1805 993 1867; x_wconf 87' lang='lat' dir='ltr'><strong>inutilem</strong></span> <span class='ocrx_word' id='word_1_128' title='bbox 1017 1803 1123 1887; x_wconf 82' lang='lat' dir='ltr'><strong>dispu-</strong></span> 
     </span>
     <span class='ocr_line' id='line_1_19' title="bbox 196 1888 1124 1970; baseline 0 -21"><span class='ocrx_word' id='word_1_129' title='bbox 196 1891 354 1969; x_wconf 88' lang='lat' dir='ltr'><strong>tationem,</strong></span> <span class='ocrx_word' id='word_1_130' title='bbox 376 1889 478 1950; x_wconf 90' lang='lat' dir='ltr'><strong>iudice</strong></span> <span class='ocrx_word' id='word_1_131' title='bbox 500 1888 639 1970; x_wconf 87' lang='lat' dir='ltr'><strong>diatribe,</strong></span> <span class='ocrx_word' id='word_1_132' title='bbox 662 1891 840 1968; x_wconf 86' lang='lat' dir='ltr'><strong>susceperit.</strong></span> <span class='ocrx_word' id='word_1_133' title='bbox 883 1889 950 1949; x_wconf 87' lang='lat' dir='ltr'><strong>Nisi</strong></span> <span class='ocrx_word' id='word_1_134' title='bbox 969 1906 1046 1949; x_wconf 87' lang='lat' dir='ltr'><strong>vero</strong></span> <span class='ocrx_word' id='word_1_135' title='bbox 1061 1890 1124 1969; x_wconf 86' lang='lat' dir='ltr'><strong>spi·</strong></span> 
     </span>
     <span class='ocr_line' id='line_1_20' title="bbox 195 1971 1123 2053; baseline -0.001 -21"><span class='ocrx_word' id='word_1_136' title='bbox 195 1975 270 2032; x_wconf 88' lang='lat' dir='ltr'><strong>ritus</strong></span> <span class='ocrx_word' id='word_1_137' title='bbox 292 1979 416 2033; x_wconf 88' lang='lat' dir='ltr'><strong>sanctus</strong></span> <span class='ocrx_word' id='word_1_138' title='bbox 438 1973 610 2033; x_wconf 83' lang='lat' dir='ltr'><strong>rhetoricae</strong></span> <span class='ocrx_word' id='word_1_139' title='bbox 642 1971 865 2050; x_wconf 91' lang='lat' dir='ltr'><strong>aliquantulum</strong></span> <span class='ocrx_word' id='word_1_140' title='bbox 893 1990 1007 2053; x_wconf 85' lang='lat' dir='ltr'><strong>guarus</strong></span> <span class='ocrx_word' id='word_1_141' title='bbox 1031 1978 1123 2052; x_wconf 85' lang='lat' dir='ltr'><strong>esset,</strong></span> 
     </span>
     <span class='ocr_line' id='line_1_21' title="bbox 195 2054 1123 2136; baseline 0.001 -22"><span class='ocrx_word' id='word_1_142' title='bbox 195 2054 364 2134; x_wconf 89' lang='lat' dir='ltr'><strong>periculum</strong></span> <span class='ocrx_word' id='word_1_143' title='bbox 387 2064 468 2136; x_wconf 84' lang='lat' dir='ltr'><strong>eret,</strong></span> <span class='ocrx_word' id='word_1_144' title='bbox 499 2074 538 2115; x_wconf 94' lang='lat' dir='ltr'><strong>ne</strong></span> <span class='ocrx_word' id='word_1_145' title='bbox 566 2061 652 2115; x_wconf 89' lang='lat' dir='ltr'><strong>tanta</strong></span> <span class='ocrx_word' id='word_1_146' title='bbox 678 2054 810 2115; x_wconf 89' lang='lat' dir='ltr'><strong>simulati</strong></span> <span class='ocrx_word' id='word_1_147' title='bbox 839 2060 1036 2135; x_wconf 88' lang='lat' dir='ltr'><strong>contemptus</strong></span> <span class='ocrx_word' id='word_1_148' title='bbox 1058 2062 1123 2115; x_wconf 83' lang='lat' dir='ltr'><strong>arte</strong></span> 
     </span>
     <span class='ocr_line' id='line_1_22' title="bbox 194 2137 1123 2218; baseline 0 -21"><span class='ocrx_word' id='word_1_149' title='bbox 194 2139 307 2197; x_wconf 79' lang='lat' dir='ltr'><strong>fractus</strong></span> <span class='ocrx_word' id='word_1_150' title='bbox 330 2157 454 2217; x_wconf 86' lang='lat' dir='ltr'><strong>prorsus</strong></span> <span class='ocrx_word' id='word_1_151' title='bbox 477 2138 515 2198; x_wconf 92' lang='lat' dir='ltr'><strong>de</strong></span> <span class='ocrx_word' id='word_1_152' title='bbox 537 2157 630 2199; x_wconf 89' lang='lat' dir='ltr'><strong>causa</strong></span> <span class='ocrx_word' id='word_1_153' title='bbox 654 2137 832 2217; x_wconf 88' lang='lat' dir='ltr'><strong>desperaret</strong></span> <span class='ocrx_word' id='word_1_154' title='bbox 866 2145 897 2199; x_wconf 87' lang='lat' dir='ltr'><strong>el</strong></span> <span class='ocrx_word' id='word_1_155' title='bbox 930 2137 1068 2218; x_wconf 86' lang='lat' dir='ltr'><strong>palmam</strong></span> <span class='ocrx_word' id='word_1_156' title='bbox 1089 2137 1123 2197; x_wconf 90' lang='lat' dir='ltr'><strong>li·</strong></span> 
     </span>
     <span class='ocr_line' id='line_1_23' title="bbox 195 2219 1122 2300; baseline -0.001 -19"><span class='ocrx_word' id='word_1_157' title='bbox 195 2220 269 2281; x_wconf 93' lang='lat' dir='ltr'><strong>bero</strong></span> <span class='ocrx_word' id='word_1_158' title='bbox 292 2221 415 2282; x_wconf 88' lang='lat' dir='ltr'><strong>arbitrio</strong></span> <span class='ocrx_word' id='word_1_159' title='bbox 452 2220 637 2282; x_wconf 85' lang='lat' dir='ltr'><strong>concederet</strong></span> <span class='ocrx_word' id='word_1_160' title='bbox 658 2230 730 2281; x_wconf 91' lang='lat' dir='ltr'><strong>ante</strong></span> <span class='ocrx_word' id='word_1_161' title='bbox 751 2220 866 2282; x_wconf 86' lang='lat' dir='ltr'><strong>tubam.</strong></span> <span class='ocrx_word' id='word_1_162' title='bbox 909 2219 970 2283; x_wconf 70' lang='lat' dir='ltr'><strong>sod</strong></span> <span class='ocrx_word' id='word_1_163' title='bbox 993 2240 1055 2300; x_wconf 82' lang='lat' dir='ltr'><strong>ego</strong></span> <span class='ocrx_word' id='word_1_164' title='bbox 1076 2222 1122 2281; x_wconf 93' lang='lat' dir='ltr'><strong>in·</strong></span> 
     </span>
     <span class='ocr_line' id='line_1_24' title="bbox 194 2302 1122 2365; baseline 0.001 -3"><span class='ocrx_word' id='word_1_165' title='bbox 194 2303 286 2364; x_wconf 80' lang='lat' dir='ltr'><strong>lenius</strong></span> <span class='ocrx_word' id='word_1_166' title='bbox 309 2306 551 2365; x_wconf 85' lang='lat' dir='ltr'><strong>succenturiatus</strong></span> <span class='ocrx_word' id='word_1_167' title='bbox 583 2304 643 2363; x_wconf 93' lang='lat' dir='ltr'><strong>illis</strong></span> <span class='ocrx_word' id='word_1_168' title='bbox 665 2302 785 2365; x_wconf 86' lang='lat' dir='ltr'><strong>duobus</strong></span> <span class='ocrx_word' id='word_1_169' title='bbox 807 2304 884 2364; x_wconf 93' lang='lat' dir='ltr'><strong>locis</strong></span> <span class='ocrx_word' id='word_1_170' title='bbox 907 2303 1070 2365; x_wconf 86' lang='lat' dir='ltr'><strong>ostendam</strong></span> <span class='ocrx_word' id='word_1_171' title='bbox 1092 2311 1122 2365; x_wconf 85' lang='lat' dir='ltr'><strong>et</strong></span> 
     </span>
     <span class='ocr_line' id='line_1_25' title="bbox 195 2386 1122 2468; baseline 0.001 -22"><span class='ocrx_word' id='word_1_172' title='bbox 195 2394 316 2447; x_wconf 87' lang='lat' dir='ltr'><strong>nostras</strong></span> <span class='ocrx_word' id='word_1_173' title='bbox 338 2389 455 2467; x_wconf 81' lang='lat' dir='ltr'><strong>copies,</strong></span> <span class='ocrx_word' id='word_1_174' title='bbox 479 2405 653 2466; x_wconf 80' lang='lat' dir='ltr'><strong>quanquam</strong></span> <span class='ocrx_word' id='word_1_175' title='bbox 677 2388 728 2447; x_wconf 92' lang='lat' dir='ltr'><strong>ubi</strong></span> <span class='ocrx_word' id='word_1_176' title='bbox 758 2386 827 2447; x_wconf 87' lang='lat' dir='ltr'><strong>talis</strong></span> <span class='ocrx_word' id='word_1_177' title='bbox 851 2394 898 2448; x_wconf 87' lang='lat' dir='ltr'><strong>est</strong></span> <span class='ocrx_word' id='word_1_178' title='bbox 919 2406 1044 2468; x_wconf 86' lang='lat' dir='ltr'><strong>pugnae</strong></span> <span class='ocrx_word' id='word_1_179' title='bbox 1065 2387 1122 2448; x_wconf 84' lang='lat' dir='ltr'><strong>for-</strong></span> 
     </span>
     <span class='ocr_line' id='line_1_26' title="bbox 195 2470 1122 2551; baseline 0 -22"><span class='ocrx_word' id='word_1_180' title='bbox 195 2477 284 2549; x_wconf 87' lang='lat' dir='ltr'><strong>tuna,</strong></span> <span class='ocrx_word' id='word_1_181' title='bbox 313 2478 345 2529; x_wconf 90' lang='lat' dir='ltr'><strong>ut</strong></span> <span class='ocrx_word' id='word_1_182' title='bbox 367 2490 445 2530; x_wconf 92' lang='lat' dir='ltr'><strong>nnus</strong></span> <span class='ocrx_word' id='word_1_183' title='bbox 467 2471 551 2551; x_wconf 87' lang='lat' dir='ltr'><strong>fuget</strong></span> <span class='ocrx_word' id='word_1_184' title='bbox 572 2470 680 2530; x_wconf 90' lang='lat' dir='ltr'><strong>decem</strong></span> <span class='ocrx_word' id='word_1_185' title='bbox 704 2470 814 2547; x_wconf 92' lang='lat' dir='ltr'><strong>millia,</strong></span> <span class='ocrx_word' id='word_1_186' title='bbox 848 2470 938 2532; x_wconf 88' lang='lat' dir='ltr'><strong>nullis</strong></span> <span class='ocrx_word' id='word_1_187' title='bbox 975 2489 1056 2550; x_wconf 90' lang='lat' dir='ltr'><strong>opus</strong></span> <span class='ocrx_word' id='word_1_188' title='bbox 1077 2477 1122 2531; x_wconf 89' lang='lat' dir='ltr'><strong>est</strong></span> 
     </span>
     <span class='ocr_line' id='line_1_27' title="bbox 195 2553 1121 2632; baseline 0 -19"><span class='ocrx_word' id='word_1_189' title='bbox 195 2554 302 2632; x_wconf 87' lang='lat' dir='ltr'><strong>copiis.</strong></span> <span class='ocrx_word' id='word_1_190' title='bbox 346 2553 378 2615; x_wconf 87' lang='lat' dir='ltr'><strong>Si</strong></span> <span class='ocrx_word' id='word_1_191' title='bbox 414 2555 494 2614; x_wconf 93' lang='lat' dir='ltr'><strong>enim</strong></span> <span class='ocrx_word' id='word_1_192' title='bbox 525 2573 604 2613; x_wconf 91' lang='lat' dir='ltr'><strong>unns</strong></span> <span class='ocrx_word' id='word_1_193' title='bbox 634 2553 720 2614; x_wconf 92' lang='lat' dir='ltr'><strong>locus</strong></span> <span class='ocrx_word' id='word_1_194' title='bbox 753 2554 860 2613; x_wconf 89' lang='lat' dir='ltr'><strong>vicerit</strong></span> <span class='ocrx_word' id='word_1_195' title='bbox 890 2553 1021 2614; x_wconf 91' lang='lat' dir='ltr'><strong>liberum</strong></span> <span class='ocrx_word' id='word_1_196' title='bbox 1044 2553 1121 2615; x_wconf 87' lang='lat' dir='ltr'><strong>arbi·</strong></span> 
     </span>
     <span class='ocr_line' id='line_1_28' title="bbox 194 2635 1121 2716; baseline 0 -20"><span class='ocrx_word' id='word_1_197' title='bbox 194 2637 301 2715; x_wconf 90' lang='lat' dir='ltr'><strong>trium,</strong></span> <span class='ocrx_word' id='word_1_198' title='bbox 351 2636 426 2697; x_wconf 88' lang='lat' dir='ltr'><strong>nihil</strong></span> <span class='ocrx_word' id='word_1_199' title='bbox 474 2637 643 2716; x_wconf 87' lang='lat' dir='ltr'><strong>proluerint</strong></span> <span class='ocrx_word' id='word_1_200' title='bbox 684 2639 711 2696; x_wconf 93' lang='lat' dir='ltr'><strong>ei</strong></span> <span class='ocrx_word' id='word_1_201' title='bbox 760 2635 1010 2697; x_wconf 76' lang='lat' dir='ltr'><strong>innumerabiles*</strong></span> <span class='ocrx_word' id='word_1_202' title='bbox 1047 2655 1121 2698; x_wconf 87' lang='lat' dir='ltr'><strong>suae</strong></span> 
     </span>
     <span class='ocr_line' id='line_1_29' title="bbox 194 2736 316 2798; baseline 0.016 -19"><span class='ocrx_word' id='word_1_203' title='bbox 194 2736 316 2798; x_wconf 82' lang='lat' dir='ltr'><strong>copiae.</strong></span> 
     </span>
    </p>
   </div>
   <div class='ocr_carea' id='block_1_4' title="bbox 192 2834 1122 3831">
    <p class='ocr_par' dir='ltr' id='par_1_4' title="bbox 192 2834 1122 3831">
     <span class='ocr_line' id='line_1_30' title="bbox 278 2834 1121 2915; baseline -0.001 -20"><span class='ocrx_word' id='word_1_204' title='bbox 278 2836 335 2895; x_wconf 89' lang='lat' dir='ltr'><strong>Hic</strong></span> <span class='ocrx_word' id='word_1_205' title='bbox 367 2837 458 2915; x_wconf 85' lang='lat' dir='ltr'><strong>igitur</strong></span> <span class='ocrx_word' id='word_1_206' title='bbox 480 2834 608 2896; x_wconf 88' lang='lat' dir='ltr'><strong>diatribe</strong></span> <span class='ocrx_word' id='word_1_207' title='bbox 639 2836 756 2895; x_wconf 87' lang='lat' dir='ltr'><strong>invenit</strong></span> <span class='ocrx_word' id='word_1_208' title='bbox 788 2853 899 2895; x_wconf 89' lang='lat' dir='ltr'><strong>novam</strong></span> <span class='ocrx_word' id='word_1_209' title='bbox 929 2839 1028 2895; x_wconf 83' lang='lat' dir='ltr'><strong>artem</strong></span> <span class='ocrx_word' id='word_1_210' title='bbox 1061 2834 1121 2895; x_wconf 88' lang='lat' dir='ltr'><strong>elu-</strong></span> 
     </span>
     <span class='ocr_line' id='line_1_31' title="bbox 193 2915 1120 2999; baseline 0.001 -22"><span class='ocrx_word' id='word_1_211' title='bbox 193 2916 285 2978; x_wconf 89' lang='lat' dir='ltr'><strong>dendi</strong></span> <span class='ocrx_word' id='word_1_212' title='bbox 314 2919 580 2979; x_wconf 87' lang='lat' dir='ltr'><strong>manifestissimos</strong></span> <span class='ocrx_word' id='word_1_213' title='bbox 604 2918 707 2993; x_wconf 90' lang='lat' dir='ltr'><strong>locos,</strong></span> <span class='ocrx_word' id='word_1_214' title='bbox 747 2937 857 2997; x_wconf 91' lang='lat' dir='ltr'><strong>nempe</strong></span> <span class='ocrx_word' id='word_1_215' title='bbox 885 2915 969 2996; x_wconf 90' lang='lat' dir='ltr'><strong>qnod</strong></span> <span class='ocrx_word' id='word_1_216' title='bbox 999 2924 1120 2999; x_wconf 89' lang='lat' dir='ltr'><strong>tropum</strong></span> 
     </span>
     <span class='ocr_line' id='line_1_32' title="bbox 194 3000 1122 3080; baseline 0 -21"><span class='ocrx_word' id='word_1_217' title='bbox 194 3000 269 3060; x_wconf 86' lang='lat' dir='ltr'><strong>velit</strong></span> <span class='ocrx_word' id='word_1_218' title='bbox 297 3002 398 3061; x_wconf 88' lang='lat' dir='ltr'><strong>inesse</strong></span> <span class='ocrx_word' id='word_1_219' title='bbox 425 3003 524 3062; x_wconf 86' lang='lat' dir='ltr'><strong>verbis</strong></span> <span class='ocrx_word' id='word_1_220' title='bbox 547 3001 780 3080; x_wconf 89' lang='lat' dir='ltr'><strong>simplicissimis</strong></span> <span class='ocrx_word' id='word_1_221' title='bbox 815 3000 1061 3080; x_wconf 81' lang='lat' dir='ltr'><strong>et&#39;clarissimis,</strong></span> <span class='ocrx_word' id='word_1_222' title='bbox 1090 3006 1122 3061; x_wconf 92' lang='lat' dir='ltr'><strong>ut</strong></span> 
     </span>
     <span class='ocr_line' id='line_1_33' title="bbox 195 3083 1121 3165; baseline -0.002 -21"><span class='ocrx_word' id='word_1_223' title='bbox 195 3084 454 3162; x_wconf 88' lang='lat' dir='ltr'><strong>quemadmodum</strong></span> <span class='ocrx_word' id='word_1_224' title='bbox 472 3088 610 3165; x_wconf 89' lang='lat' dir='ltr'><strong>superius</strong></span> <span class='ocrx_word' id='word_1_225' title='bbox 623 3102 678 3164; x_wconf 91' lang='lat' dir='ltr'><strong>pro</strong></span> <span class='ocrx_word' id='word_1_226' title='bbox 690 3083 787 3144; x_wconf 90' lang='lat' dir='ltr'><strong>libero</strong></span> <span class='ocrx_word' id='word_1_227' title='bbox 797 3083 924 3144; x_wconf 87' lang='lat' dir='ltr'><strong>arbitrio</strong></span> <span class='ocrx_word' id='word_1_228' title='bbox 947 3102 1045 3164; x_wconf 85' lang='lat' dir='ltr'><strong>agens</strong></span> <span class='ocrx_word' id='word_1_229' title='bbox 1060 3102 1121 3145; x_wconf 93' lang='lat' dir='ltr'><strong>om·</strong></span> 
     </span>
     <span class='ocr_line' id='line_1_34' title="bbox 193 3167 1121 3247; baseline 0.001 -21"><span class='ocrx_word' id='word_1_230' title='bbox 193 3168 246 3226; x_wconf 92' lang='lat' dir='ltr'><strong>nia</strong></span> <span class='ocrx_word' id='word_1_231' title='bbox 279 3167 373 3227; x_wconf 88' lang='lat' dir='ltr'><strong>verba</strong></span> <span class='ocrx_word' id='word_1_232' title='bbox 395 3169 575 3247; x_wconf 83' lang='lat' dir='ltr'><strong>imperative</strong></span> <span class='ocrx_word' id='word_1_233' title='bbox 609 3175 640 3228; x_wconf 87' lang='lat' dir='ltr'><strong>et</strong></span> <span class='ocrx_word' id='word_1_234' title='bbox 662 3168 858 3229; x_wconf 85' lang='lat' dir='ltr'><strong>coniunctiva</strong></span> <span class='ocrx_word' id='word_1_235' title='bbox 879 3167 957 3247; x_wconf 83' lang='lat' dir='ltr'><strong>legis</strong></span> <span class='ocrx_word' id='word_1_236' title='bbox 986 3185 1044 3246; x_wconf 90' lang='lat' dir='ltr'><strong>per</strong></span> <span class='ocrx_word' id='word_1_237' title='bbox 1076 3186 1121 3227; x_wconf 88' lang='lat' dir='ltr'><strong>se-</strong></span> 
     </span>
     <span class='ocr_line' id='line_1_35' title="bbox 194 3249 1121 3329; baseline 0.001 -19"><span class='ocrx_word' id='word_1_238' title='bbox 194 3250 300 3328; x_wconf 88' lang='lat' dir='ltr'><strong>quelas</strong></span> <span class='ocrx_word' id='word_1_239' title='bbox 332 3251 469 3311; x_wconf 85' lang='lat' dir='ltr'><strong>adiectas</strong></span> <span class='ocrx_word' id='word_1_240' title='bbox 504 3259 533 3310; x_wconf 87' lang='lat' dir='ltr'><strong>et</strong></span> <span class='ocrx_word' id='word_1_241' title='bbox 556 3249 769 3311; x_wconf 89' lang='lat' dir='ltr'><strong>similitudines</strong></span> <span class='ocrx_word' id='word_1_242' title='bbox 792 3249 911 3312; x_wconf 84' lang='lat' dir='ltr'><strong>affictas</strong></span> <span class='ocrx_word' id='word_1_243' title='bbox 935 3249 1044 3329; x_wconf 87' lang='lat' dir='ltr'><strong>elusit,</strong></span> <span class='ocrx_word' id='word_1_244' title='bbox 1080 3251 1121 3311; x_wconf 82' lang='lat' dir='ltr'><strong>its</strong></span> 
     </span>
     <span class='ocr_line' id='line_1_36' title="bbox 193 3334 1121 3413; baseline -0.001 -20"><span class='ocrx_word' id='word_1_245' title='bbox 193 3352 275 3393; x_wconf 93' lang='lat' dir='ltr'><strong>nuuc</strong></span> <span class='ocrx_word' id='word_1_246' title='bbox 297 3343 404 3393; x_wconf 86' lang='lat' dir='ltr'><strong>contra</strong></span> <span class='ocrx_word' id='word_1_247' title='bbox 432 3353 490 3393; x_wconf 92' lang='lat' dir='ltr'><strong>nos</strong></span> <span class='ocrx_word' id='word_1_248' title='bbox 520 3337 626 3396; x_wconf 87' lang='lat' dir='ltr'><strong>actura</strong></span> <span class='ocrx_word' id='word_1_249' title='bbox 654 3334 757 3393; x_wconf 88' lang='lat' dir='ltr'><strong>omnia</strong></span> <span class='ocrx_word' id='word_1_250' title='bbox 791 3335 885 3394; x_wconf 87' lang='lat' dir='ltr'><strong>verba</strong></span> <span class='ocrx_word' id='word_1_251' title='bbox 906 3334 1121 3413; x_wconf 88' lang='lat' dir='ltr'><strong>promissionis</strong></span> 
     </span>
     <span class='ocr_line' id='line_1_37' title="bbox 193 3415 1120 3498; baseline 0.002 -23"><span class='ocrx_word' id='word_1_252' title='bbox 193 3424 224 3476; x_wconf 89' lang='lat' dir='ltr'><strong>et</strong></span> <span class='ocrx_word' id='word_1_253' title='bbox 255 3415 465 3476; x_wconf 84' lang='lat' dir='ltr'><strong>affirmationis</strong></span> <span class='ocrx_word' id='word_1_254' title='bbox 494 3415 616 3476; x_wconf 88' lang='lat' dir='ltr'><strong>divinae</strong></span> <span class='ocrx_word' id='word_1_255' title='bbox 646 3435 700 3495; x_wconf 91' lang='lat' dir='ltr'><strong>per</strong></span> <span class='ocrx_word' id='word_1_256' title='bbox 728 3424 848 3495; x_wconf 90' lang='lat' dir='ltr'><strong>tropum</strong></span> <span class='ocrx_word' id='word_1_257' title='bbox 878 3422 1033 3498; x_wconf 91' lang='lat' dir='ltr'><strong>repertum</strong></span> <span class='ocrx_word' id='word_1_258' title='bbox 1064 3422 1120 3477; x_wconf 87' lang='lat' dir='ltr'><strong>tor-</strong></span> 
     </span>
     <span class='ocr_line' id='line_1_38' title="bbox 193 3498 1119 3580; baseline 0.003 -22"><span class='ocrx_word' id='word_1_259' title='bbox 193 3507 275 3578; x_wconf 85' lang='lat' dir='ltr'><strong>quet,</strong></span> <span class='ocrx_word' id='word_1_260' title='bbox 297 3517 441 3577; x_wconf 87' lang='lat' dir='ltr'><strong>qnorsum</strong></span> <span class='ocrx_word' id='word_1_261' title='bbox 466 3501 563 3559; x_wconf 90' lang='lat' dir='ltr'><strong>visum</strong></span> <span class='ocrx_word' id='word_1_262' title='bbox 587 3505 643 3578; x_wconf 91' lang='lat' dir='ltr'><strong>est,</strong></span> <span class='ocrx_word' id='word_1_263' title='bbox 666 3507 699 3558; x_wconf 92' lang='lat' dir='ltr'><strong>ut</strong></span> <span class='ocrx_word' id='word_1_264' title='bbox 711 3498 872 3579; x_wconf 89' lang='lat' dir='ltr'><strong>utrobique</strong></span> <span class='ocrx_word' id='word_1_265' title='bbox 893 3503 934 3561; x_wconf 84' lang='lat' dir='ltr'><strong>eit</strong></span> <span class='ocrx_word' id='word_1_266' title='bbox 944 3501 1119 3580; x_wconf 89' lang='lat' dir='ltr'><strong>incompre-</strong></span> 
     </span>
     <span class='ocr_line' id='line_1_39' title="bbox 192 3580 1117 3664; baseline 0.001 -23"><span class='ocrx_word' id='word_1_267' title='bbox 192 3580 498 3645; x_wconf 88' lang='lat' dir='ltr'><strong>hensibilisProteus.</strong></span> <span class='ocrx_word' id='word_1_268' title='bbox 543 3581 622 3656; x_wconf 79' lang='lat' dir='ltr'><strong>Quin</strong></span> <span class='ocrx_word' id='word_1_269' title='bbox 651 3581 793 3662; x_wconf 89' lang='lat' dir='ltr'><strong>idipsum</strong></span> <span class='ocrx_word' id='word_1_270' title='bbox 816 3602 930 3664; x_wconf 85' lang='lat' dir='ltr'><strong>magno</strong></span> <span class='ocrx_word' id='word_1_271' title='bbox 953 3582 1117 3663; x_wconf 86' lang='lat' dir='ltr'><strong>supercilio</strong></span> 
     </span>
     <span class='ocr_line' id='line_1_40' title="bbox 193 3665 1117 3747; baseline 0.001 -23"><span class='ocrx_word' id='word_1_272' title='bbox 193 3666 289 3744; x_wconf 86' lang='lat' dir='ltr'><strong>exigit</strong></span> <span class='ocrx_word' id='word_1_273' title='bbox 310 3665 365 3726; x_wconf 86' lang='lat' dir='ltr'><strong>sibi</strong></span> <span class='ocrx_word' id='word_1_274' title='bbox 385 3685 404 3725; x_wconf 91' lang='lat' dir='ltr'><strong>a</strong></span> <span class='ocrx_word' id='word_1_275' title='bbox 425 3666 513 3726; x_wconf 91' lang='lat' dir='ltr'><strong>nobis</strong></span> <span class='ocrx_word' id='word_1_276' title='bbox 536 3665 679 3745; x_wconf 88' lang='lat' dir='ltr'><strong>permitti,</strong></span> <span class='ocrx_word' id='word_1_277' title='bbox 703 3672 736 3725; x_wconf 86' lang='lat' dir='ltr'><strong>ut</strong></span> <span class='ocrx_word' id='word_1_278' title='bbox 758 3666 809 3745; x_wconf 92' lang='lat' dir='ltr'><strong>qui</strong></span> <span class='ocrx_word' id='word_1_279' title='bbox 831 3668 929 3747; x_wconf 89' lang='lat' dir='ltr'><strong>etipsi</strong></span> <span class='ocrx_word' id='word_1_280' title='bbox 952 3665 1117 3741; x_wconf 83' lang='lat' dir='ltr'><strong>soleamus,</strong></span> 
     </span>
     <span class='ocr_line' id='line_1_41' title="bbox 193 3747 1117 3831; baseline 0.001 -24"><span class='ocrx_word' id='word_1_281' title='bbox 193 3747 243 3808; x_wconf 90' lang='lat' dir='ltr'><strong>nbi</strong></span> <span class='ocrx_word' id='word_1_282' title='bbox 266 3767 418 3831; x_wconf 82' lang='lat' dir='ltr'><strong>urgemur,</strong></span> <span class='ocrx_word' id='word_1_283' title='bbox 440 3750 535 3828; x_wconf 86' lang='lat' dir='ltr'><strong>tropis</strong></span> <span class='ocrx_word' id='word_1_284' title='bbox 556 3750 686 3828; x_wconf 86' lang='lat' dir='ltr'><strong>repertis</strong></span> <span class='ocrx_word' id='word_1_285' title='bbox 708 3748 799 3827; x_wconf 90' lang='lat' dir='ltr'><strong>elabi,</strong></span> <span class='ocrx_word' id='word_1_286' title='bbox 821 3758 854 3810; x_wconf 89' lang='lat' dir='ltr'><strong>ut</strong></span> <span class='ocrx_word' id='word_1_287' title='bbox 885 3751 944 3812; x_wconf 86' lang='lat' dir='ltr'><strong>ibi:</strong></span> <span class='ocrx_word' id='word_1_288' title='bbox 976 3748 1117 3811; x_wconf 81' lang='lat' dir='ltr'><strong>Extende</strong></span> 
     </span>
    </p>
   </div>
   <div class='ocr_carea' id='block_1_5' title="bbox 0 0 1179 4162">
    <p class='ocr_par' dir='ltr' id='par_1_5' title="bbox 0 0 1179 4162">
     <span class='ocr_line' id='line_1_42' title="bbox 0 0 1179 4162; baseline 0 0"><span class='ocrx_word' id='word_1_289' title='bbox 0 0 1179 4162; x_wconf 95' lang='lat' dir='ltr'><strong> </strong></span> 
     </span>
    </p>
   </div>
  </div>
 </body>
</html>
