2348 4162
275 310 285 329 .
339 266 377 324 ad
395 267 427 323 D.
445 266 589 325 Eranam
608 240 844 324 Rotsrodamums
987 264 1050 335 281

126 442 189 503 nita
210 446 315 524 potest
336 460 371 504 se
391 440 628 503 aooommodere
651 440 691 502 sd
712 440 901 503 voluntatem
925 440 1050 504 domini.

124 525 172 587 ltx
192 526 231 587 iis
254 525 329 603 vult,
351 524 578 586 similitudinem
601 543 661 585 noo
685 544 740 604 per
759 525 863 586 omnia
888 524 1050 604 quadrare,
1147 576 1164 605 „

127 615 220 689 atque
242 608 288 670 sie
311 608 439 687 elusam,
463 614 496 670 ot
518 607 592 669 nihil
614 606 734 673 effleiat.

205 691 405 773 Respondeo,
429 711 468 754 ne
489 690 564 753 illud
585 691 719 770 eavillar,
740 690 824 772 quod
853 690 964 752 Paulus
987 709 1048 752 non

125 774 215 837 dioit:
237 775 271 837 si
292 776 359 855 quis
383 794 416 836 sa
437 774 682 854 emundaverit¹l
705 773 880 838 asordibus
901 775 973 852 suis,
995 774 1049 835 sed
1131 822 1141 841 .

126 857 164 921 ab
184 858 264 937 istis,
286 858 316 919 ld
340 865 397 939 est,
419 877 439 920 a
458 860 541 921 vasis
563 858 784 936 contumeliae,
807 866 840 920 nt
860 876 969 918 sensns
996 859 1049 919 sit:

126 941 157 1004 ot
179 943 249 1023 quis
271 948 433 1024 separatus
466 944 630 1021 manserit,
670 961 707 1003 ae
740 962 801 1003 non
831 943 910 1002 inter
938 941 1049 1021 impios

126 1026 290 1107 magistros
313 1025 496 1103 misoeatur,
530 1026 586 1085 arit
615 1045 669 1087 vas
695 1025 823 1087 honoris
845 1033 901 1088 ete.
946 1025 1048 1085 Doue-

126 1127 193 1170 mus
216 1128 340 1189 quoque
363 1109 446 1170 hune
467 1109 568 1170 loeum
585 1109 671 1170 Pauli
693 1128 818 1190 prorsus
833 1109 943 1185 faeere,
966 1107 1048 1185 qnod

126 1191 189 1253 salt
212 1191 351 1264 diatriba,
373 1191 403 1252 id
427 1200 483 1268 est,
505 1191 733 1253 similitudinem
756 1212 817 1254 non
850 1211 918 1253 assa
947 1190 1048 1252 alflaa-

126 1293 203 1348 osm,
225 1274 384 1355 quomodo
397 1274 539 1357 probabit
559 1275 640 1336 idem
664 1275 744 1337 velle
758 1275 884 1337 Paulum
901 1275 972 1336 loeo
994 1274 1048 1336 illo

125 1357 162 1420 ad
184 1359 276 1423 Rom.
290 1361 319 1433 9,
342 1358 381 1420 da
403 1378 465 1440 quo
488 1358 702 1439 disputamus?
723 1357 771 1420 An
788 1359 862 1421 setis
885 1366 932 1419 est
955 1358 1047 1418 alium

125 1441 228 1504 loenm
250 1442 360 1515 uitare,
383 1448 414 1502 et
436 1442 508 1503 nihil
532 1461 657 1523 prorsus
681 1462 802 1522 aurare,
834 1461 872 1502 an
896 1440 976 1502 idem
1000 1441 1048 1502 vel

126 1523 279 1587 diversum
316 1524 449 1586 efficiat?
491 1524 560 1586 Non
595 1531 642 1586 ast
680 1525 799 1587 facilior
833 1532 864 1586 et
896 1524 1050 1604 vulgatior

126 1608 231 1690 lapsus
252 1608 283 1670 in
306 1607 484 1689 Seripturis,
518 1627 610 1688 quem
632 1607 772 1669 diversos
795 1609 881 1669 looos
904 1607 987 1668 velut
1008 1608 1049 1667 si·

124 1692 213 1753 miles
235 1710 254 1753 e
274 1691 439 1774 Seriptoris
467 1698 629 1772 coaptare,
663 1699 695 1753 ut
723 1692 846 1771 saepius
867 1691 1047 1772 monstravi,

126 1781 157 1836 nt
177 1773 347 1837 similitudo
375 1775 513 1836 loeoram
544 1775 643 1857 magis
665 1773 808 1836 ineffioax
831 1774 886 1845 sit,
918 1772 957 1833 de
986 1791 1047 1851 qsro

124 1856 253 1920 diatriba
279 1857 425 1938 superbit,
449 1876 540 1936 qnam
562 1863 680 1937 nostra,
703 1877 794 1938 quam
818 1857 963 1920 eonsules.
987 1855 1048 1917 Sed

123 1960 161 2002 na
194 1943 382 2004 contentiosi
415 1942 526 2022 simus,
564 1941 714 2003 donemus
749 1948 910 2022 utrumque
945 1940 1047 2001 loeum

122 2023 208 2087 Pauli
229 2024 311 2085 idem
334 2025 427 2102 vella,
451 2030 491 2103 et,
514 2024 597 2104 quod
620 2025 686 2087 sina
709 2025 920 2086 oontroversia
942 2043 1047 2085 varum

124 2113 186 2185 ast,
219 2106 449 2169 similitudinem
471 2125 533 2169 non
570 2128 694 2190 semper
719 2116 749 2170 et
769 2128 823 2190 per
846 2109 950 2168 omnia
971 2126 1046 2188 qua-

123 2190 229 2271 drare,
252 2190 367 2271 alioqui
395 2210 458 2253 non
481 2191 648 2254 similitudo
671 2212 772 2272 nequa
794 2191 970 2267 translatio,
992 2189 1047 2251 sed

121 2274 191 2419 ipsa
211 2292 263 2336 res
285 2280 382 2356 esset,
404 2276 505 2335 iuxtra
526 2275 741 2355 proverbium:
772 2274 945 2337 Similitudo
968 2273 1048 2333 olau-

141 2358 207 2420 ieat
227 2376 286 2419 nee
306 2376 429 2438 semper
450 2359 542 2419 ourrit
564 2365 695 2436 quatuor
715 2356 855 2440 pedibus.

206 2438 242 2503 lu
266 2440 327 2502 hoo
359 2447 462 2502 temen
495 2447 575 2502 errat
601 2448 633 2502 et
653 2446 764 2522 paeaat
784 2439 931 2517 diatriba,
966 2438 1049 2517 quod

121 2523 266 2605 neglecta
289 2543 382 2585 eausa
402 2523 617 2598 similitudinis,
640 2543 718 2605 quae
731 2524 866 2584 maxime
879 2520 1048 2603 speetanda

122 2612 183 2687 est,
218 2607 370 2669 voeabula
399 2609 593 2669 eontentiose
616 2612 730 2688 eaptat.
772 2606 820 2667 Ex
843 2605 944 2667 nausis
966 2606 1046 2666 anim

122 2688 244 2751 dioendi
265 2690 469 2772 intelligentia
491 2689 624 2772 petenda
647 2696 711 2769 ast,
743 2691 786 2753 ait
807 2688 955 2769 Hilarius,
984 2707 1046 2749 non

124 2792 164 2835 ex
187 2772 349 2836 voeabnlis
368 2774 460 2852 solis,
480 2775 523 2836 ita
546 2773 752 2836 similitudinis
774 2772 912 2834 affioaeia
934 2770 1049 2852 pendat

121 2875 161 2919 ex
183 2874 280 2919 eausa
299 2856 513 2921 similitudinis.
543 2857 604 2918 Gur
625 2876 700 2939 ergo
723 2856 852 2919 diatriba
874 2855 986 2917 omittit
1006 2853 1048 2931 id,

121 2939 222 3022 gratia
245 2940 331 3001 onius
353 2939 465 3002 Paulus
487 2941 684 3002 similitudine
705 2944 764 3003 ista
787 2942 895 3014 utitur,
925 2945 956 3000 et
977 2955 1047 3018 oap-

119 3029 165 3085 tat
175 3022 219 3105 id,
243 3023 325 3104 quod
343 3030 430 3085 extre
454 3043 578 3085 eausam
593 3024 798 3086 similitudinis
811 3022 906 3085 dieii?
925 3021 1047 3102 Nempe

119 3102 182 3169 hoo
203 3106 244 3168 ad
266 3107 514 3169 exhortationem
537 3110 676 3188 pertinet,
700 3106 782 3188 qnod
805 3106 893 3169 dioit:
924 3105 956 3168 si
979 3106 1046 3185 quis

120 3207 191 3252 sese
212 3189 442 3268 amandaverit,
475 3189 550 3253 illud
573 3209 648 3252 vero
675 3191 714 3251 ad
738 3190 927 3268 doetrinam,
963 3187 1045 3268 quod

120 3270 209 3335 dioit:
231 3273 263 3335 ln
287 3292 400 3352 magna
422 3274 515 3335 domo
539 3279 609 3334 sunt
631 3292 705 3334 vasa
728 3282 796 3351 eta,
827 3278 860 3333 nt
886 3290 925 3332 ex
949 3272 1045 3332 omni·

119 3354 178 3420 bus
200 3356 436 3419 oiroumstantiis
458 3356 621 3418 verborum
644 3362 675 3417 et
701 3356 872 3417 sentent-iae
894 3354 979 3415 Pauli
1003 3355 1045 3414 in·

119 3438 242 3522 telligas
265 3459 333 3502 enm
356 3443 491 3502 statuere
513 3439 552 3502 de
573 3439 751 3501 diversitate
770 3447 802 3501 et
818 3457 873 3499 usu
892 3455 1046 3513 vasorum,

119 3528 153 3586 ut
175 3525 216 3586 sit
237 3542 360 3587 sensus:
383 3543 453 3585 eum
476 3530 537 3586 tam
560 3523 646 3585 multi
670 3543 689 3586 e
710 3522 770 3585 lida
791 3520 960 3600 disoadant,
983 3519 1045 3580 nul·

193 3774 226 3845 1)
247 3773 279 3831 Iu
298 3774 342 3833 ed.
362 3775 446 3835 lb2b=
464 3775 648 3834 mundaverit
