2348 4162
151 232 156 239 ·
213 284 237 324 c.
255 282 321 339 pap.
341 272 370 324 et
387 272 459 339 port
478 264 528 326 inf.
547 272 636 324 const
656 266 815 324 asserenda.
917 264 980 332 463

58 440 141 501 nium
172 440 341 501 animarum
365 438 431 517 die,
465 445 495 500 et
522 438 778 500 viscerationibus
810 445 912 500 actum
936 444 983 499 est

57 525 87 584 in
111 524 320 604 purgatorium
344 523 393 583 vel
416 542 483 582 cum
507 523 706 603 purgatorio,
740 528 774 582 ut
794 522 888 583 Missa
911 541 981 603 pro·

58 606 225 687 pemodum
248 626 303 686 pro
333 608 458 667 mortuis
481 606 631 666 duntaxat
658 611 804 685 usurpata
826 607 883 685 sit,
912 624 981 665 curn

58 700 161 750 tamen
180 690 316 750 Christus
339 697 562 751 sacramentum
578 708 663 748 suum
684 707 740 768 pro
763 689 841 748 vivis
864 695 980 749 tantum

58 773 231 836 instituerit.
268 774 479 854 Purgatorinm
492 774 595 851 itaque
609 791 677 831 oum
692 773 775 832 omni
788 791 844 832 sua
856 790 981 852 pompa,
1058 830 1062 839 ,

57 857 163 917 divino
187 856 270 918 cultu
293 863 324 916 et
342 863 474 917 mercatu
498 875 554 936 pro
577 855 705 915 ludibrio
730 854 844 915 diaboli
867 854 982 915 haben·

58 940 129 999 dum
144 946 200 1004 est.
220 939 407 999 Adversatur
421 941 500 1000 enim
522 940 582 998 boc
602 938 895 1019 qnoqueprinoipaii
908 939 981 998 arti-

58 1024 140 1101 culo,
156 1024 205 1101 qni
221 1024 324 1083 docet:
340 1042 402 1083 non
418 1043 471 1102 per
485 1042 580 1103 opera
591 1022 735 1100 hnmana,
749 1021 802 1081 sed
815 1041 869 1101 per
881 1021 981 1081 solnm

58 1105 211 1167 Obristum
247 1108 364 1166 animas
394 1106 522 1167 liberari.
581 1104 701 1165 Deinde
730 1103 804 1164 nibil
831 1104 919 1164 nobis
943 1103 982 1164 de
1022 1178 1024 1183 ,

59 1191 186 1250 mortuis
210 1190 351 1249 divinitus
375 1189 551 1249 mandatum
575 1197 629 1263 est.
665 1186 785 1248 Idcirco
808 1189 906 1247 omitti
929 1205 982 1267 po·

35 1280 118 1337 rtest
140 1273 359 1352 purgatorium,
382 1273 502 1332 etiamsi
524 1291 586 1334 non
605 1278 686 1332 esset
708 1290 791 1331 error
812 1282 865 1330 aut
886 1270 983 1331 idola·

57 1356 125 1417 tria.
180 1354 323 1434 Papisius
357 1355 493 1435 allegant
522 1356 582 1416 hoc
613 1355 681 1414 loco
714 1355 917 1434 Augustinum
952 1361 983 1414 et

57 1438 462 1499 testimonianonnullorum
486 1438 618 1514 Petrum,
642 1455 719 1516 quos
744 1436 782 1496 de
804 1437 982 1517 purgatorio

57 1523 143 1581 aiunt
165 1522 333 1601 scripsisse.
377 1521 562 1582 Existimant
584 1529 684 1581 autem
708 1539 765 1580 nos
788 1538 850 1579 non
872 1519 982 1579 inteili-

58 1624 141 1685 gere,
164 1623 258 1684 qnare
291 1605 368 1664 tales
391 1608 558 1666 sententias
581 1605 684 1665 citent.
737 1603 766 1666 S.
791 1604 980 1682 Augustinus

58 1708 122 1749 non
146 1687 250 1747 scribit
282 1707 351 1746 esse
375 1691 602 1768 purgatorium,
636 1705 737 1765 neque
765 1685 858 1745 habet
880 1686 981 1746 locum

58 1789 166 1831 sacrae
188 1770 376 1851 Scripturas,
401 1773 452 1849 qui
475 1773 534 1851 ipsi
556 1771 616 1831 hoc
638 1769 836 1848 persuadeat,
874 1769 928 1829 sed
950 1769 982 1828 in

59 1854 152 1914 dnbio
183 1854 319 1932 reliquit,
352 1861 450 1914 utrum
480 1856 518 1914 sit
539 1854 748 1935 purgatorium
776 1871 919 1933 annon,
952 1857 983 1911 et

59 1939 117 2018 ait,
154 1943 280 1997 matrem
304 1957 389 1996 suam
412 1938 543 2018 petiise,
577 1945 610 1996 ut
631 1939 676 1996 sni
698 1935 784 1995 fieret
806 1937 920 1996 mentio
943 1934 980 1994 ad

59 2020 157 2080 altare
180 2021 228 2080 vel
249 2027 485 2083 sacramentum.
541 2020 609 2080 Hoc
632 2028 733 2079 autem
757 2018 899 2097 quicqrsrd
923 2024 980 2097 est,

58 2110 175 2164 tantum
193 2104 337 2182 religiosa
350 2104 497 2183 cogitatio
511 2111 557 2164 est
571 2120 793 2184 perpaucorum
814 2102 982 2176 bominum,

59 2188 109 2267 qui
132 2187 278 2247 articulos
315 2185 385 2246 fidei
415 2206 475 2247 non
508 2196 638 2268 possunt
660 2185 813 2265 condere,
845 2187 876 2244 id
899 2183 982 2265 quod

59 2270 156 2331 solius
192 2271 248 2329 Dei
281 2278 336 2330 est.
391 2270 504 2330 Verum
540 2271 680 2350 papistae
716 2270 791 2328 talia
823 2268 981 2328 hominum

60 2353 143 2414 dicta
165 2372 203 2413 eo
227 2353 418 2431 detorquent,
440 2360 472 2411 ut
494 2352 570 2412 fides
590 2353 737 2412 habeatur
749 2351 895 2431 turpibus,
919 2369 982 2411 sce·

60 2437 163 2496 ieratis
186 2442 217 2496 et
239 2435 427 2495 detestandis
441 2435 710 2495 nundinationibus
733 2435 795 2494 suis
819 2433 982 2494 deMissis

60 2518 226 2580 offerendis
247 2520 278 2578 in
302 2520 509 2598 purgatorium
536 2536 592 2598 pro
621 2518 771 2577 defunctis
805 2524 862 2582 etc.
915 2517 983 2578 Hoc

61 2621 215 2681 nunquam
240 2621 280 2662 ex
305 2602 476 2680 Augustino
491 2600 671 2680 probabant.
708 2601 765 2661 Ubi
788 2607 889 2660 autem
913 2620 981 2680 pur·
1048 2616 1052 2625 ·

59 2687 196 2767 gatorias
218 2684 456 2747 nundinationes
478 2685 637 2745 Missurum
675 2685 907 2764 abrogaveriut‚
943 2682 982 2744 de

60 2768 169 2848 quibus
198 2768 228 2830 S.
258 2769 446 2848 Augustinus
477 2788 516 2827 ne
545 2769 711 2828 somniavit
739 2766 877 2846 quidem,
910 2774 982 2826 tunc

60 2871 127 2912 cum
150 2852 209 2911 iliis
232 2851 425 2932 disseremus,
449 2871 487 2911 an
510 2852 540 2916 S.
553 2852 715 2930 Augustini
739 2851 891 2912 sententia
913 2849 981 2912 abs·

60 2953 119 3015 que
141 2953 295 2995 sacrarum
320 2935 473 2995 literarum
498 2936 682 2995 testimoniis
711 2931 912 3013 approbanda
932 2935 980 3015 sit,

60 3026 89 3079 et
117 3038 161 3079 an·
186 3019 277 3079 liceat
306 3020 493 3078 mentionem
525 3026 711 3078 mortuorum
743 3017 808 3077 deri
830 3016 910 3096 apud
933 3034 981 3083 sa·

59 3109 258 3164 aramentum.
309 3101 509 3181 Nequaquam
543 3103 623 3161 enirn
653 3107 828 3161 sanctorum
860 3100 982 3160 Petrum

59 3184 141 3247 iacta
170 3192 222 3245 aut
252 3184 332 3244 dicta
359 3187 436 3244 inter
458 3184 603 3244 articulos
631 3183 703 3244 fidei
733 3184 836 3244 referri
859 3183 980 3246 debent.

59 3268 137 3329 Nam
170 3287 207 3328 eo
241 3275 331 3347 pacto
361 3287 417 3347 pro
452 3268 579 3329 articulo
609 3266 681 3327 fidei
710 3266 869 3327 habendus
899 3273 983 3327 esset

58 3351 180 3411 iliorum
203 3351 318 3426 victus,
347 3352 488 3427 vestitus,
517 3351 688 3430 domicilia,
722 3348 980 3429 quemadmodum

58 3434 205 3512 reliquiae
234 3434 414 3494 Sanctorum
437 3435 537 3495 cultae
560 3441 638 3497 sunt.
679 3433 740 3495 Sed
763 3433 887 3493 verbnm
923 3433 981 3493 Dei

58 3516 152 3578 debet
181 3516 326 3578 articulos
356 3517 426 3577 fidei
463 3519 666 3597 constituere,
702 3525 733 3578 et
760 3525 881 3598 praeter
907 3514 982 3576 illud

58 3619 161 3675 uerno,
184 3620 222 3661 ne
244 3600 372 3680 angelus
395 3600 527 3680 quidem.

125 3683 284 3745 'Secundo
324 3682 395 3743 hinc
429 3686 610 3744 exstiterunt
636 3684 807 3765 permultae
833 3684 981 3746 cacodae-

59 3786 184 3833 monum
206 3768 407 3848 praestigiae,
435 3768 485 3846 qui
509 3769 612 3849 specie
634 3770 802 3830 animarum
835 3767 981 3831 humana-
