2348 4162
134 250 175 322 10
473 258 602 318 Formula
618 261 720 321 musas

132 428 252 489 interim
286 433 424 492 cantatur
446 429 553 512 Agnus
580 431 651 496 Dei.
695 431 786 509 Quod
818 434 844 494 si
877 406 1060 496 orationem

132 511 230 573 illam:
269 509 400 576 Domine
420 511 489 576 Iesu
513 515 647 596 Christe,
669 517 725 577 Fili
746 517 804 577 Dei
827 517 904 593 vivi,
937 518 989 596 qui
1013 538 1052 578 ex

132 594 289 657 voluntate
311 597 407 658 Patris
430 605 488 661 etc.
511 607 582 660 ante
605 602 809 680 sumptionem
838 619 925 662 orara
949 601 1051 663 volue-

132 680 180 756 rit,
203 699 265 740 non
289 679 368 741 male
391 681 499 760 orabit,
523 690 640 745 mutato
653 684 752 744 solum
765 702 892 745 numero
904 684 1051 764 singulari

65 760 70 769 ’
130 762 161 823 iu
185 762 341 843 pluralem,
367 767 480 826 nostris
502 772 533 826 et
553 786 621 839 nos,
645 786 699 846 pro
724 767 799 827 meis
822 773 852 827 et
873 786 932 832 me.
975 767 1050 828 Item

132 851 163 908 et
199 845 299 907 illam:
336 847 455 927 Corpus
485 845 614 910 Domini
636 857 694 911 eto.
730 850 883 911 custodiat
917 851 1050 911 animam

131 948 231 990 meam
254 930 303 990 vel
327 936 409 990 tuam
431 933 461 992 in
484 933 576 993 vitam
598 940 769 1013 aeternam,
793 938 824 993 ct
845 935 969 1013 sanguis
990 934 1050 995 Do-

131 1012 204 1074 mini
236 1015 332 1074 nostri
345 1010 376 1096 ¹)
417 1015 571 1077 custodiat
602 1017 734 1079 animam
773 1020 855 1077 tuam
887 1017 919 1080 in
957 1017 1049 1078 vitam

71 1108 77 1119 “
130 1102 295 1157 aeternam.

212 1178 246 1259 7)
270 1178 302 1241 Si
323 1182 570 1242 communionem
593 1186 717 1242 cantare
733 1179 764 1256 2)
789 1180 878 1259 libet,
902 1187 1050 1246 cantetur.

130 1262 190 1324 Sed
224 1263 295 1324 loco
318 1263 523 1344 complendae
551 1285 605 1325 seu
628 1264 752 1326 ultimae
779 1263 945 1345 collectae,
979 1266 1051 1347 quia

129 1345 192 1406 fera
215 1345 395 1411 sacrificium
409 1354 530 1421 sonant,
552 1348 671 1427 legatur
684 1349 715 1409 in
728 1347 836 1410 eodem
861 1355 936 1411 tono
951 1350 1049 1411 oratio

120 1428 196 1490 illa:
221 1428 311 1504 Quod
333 1449 389 1492 ore
410 1432 604 1511 sumpsimus,
624 1431 766 1493 Domine.
810 1432 924 1501 Poterit
946 1441 976 1494 et
998 1432 1051 1492 illa

129 1511 205 1593 legi:
242 1513 361 1592 Corpus
385 1520 479 1591 tuum,
504 1516 642 1591 Domine,
665 1514 747 1593 quod
772 1517 956 1596 sumpsimus
980 1521 1048 1596 etc,

129 1601 247 1656 mutato
269 1616 395 1657 numero
417 1599 448 1658 in
471 1597 634 1679 pluralem,
670 1599 720 1677 qui
760 1599 838 1660 vivis
872 1605 904 1659 et
938 1617 1049 1678 regnas

128 1684 187 1740 etc.
230 1679 380 1741 Dominus
416 1681 575 1743 vobiscum
614 1688 672 1742 etc.
722 1680 821 1759 Loco:
868 1679 916 1743 Ite
944 1682 1049 1761 Missa,

129 1761 261 1823 dicatur:
304 1762 529 1826 Benedicamus
562 1762 715 1840 Domino,
756 1763 876 1825 adiecto
915 1764 985 1846 (ubi
1019 1772 1050 1824 at

128 1845 251 1924 quaudo
285 1845 403 1930 placet)
426 1847 577 1908 Halleluia
606 1849 635 1906 in
660 1849 722 1908 suis
745 1846 901 1928 melodiis,
937 1848 1049 1908 velex

128 1926 329 2010 Vespertiuis,
353 1931 593 2005 Benedieamus,
608 1936 789 1990 mutuentur.

209 2013 247 2089 8)
272 2012 448 2076 Benedictio
472 2014 564 2074 solita
586 2012 689 2089 detur,
725 2013 775 2073 vel
803 2013 970 2092 accipiatur
997 2011 1050 2074 illa

126 2095 250 2155 Numeri
274 2099 308 2173 6,
341 2116 432 2176 quom
467 2098 536 2178 ipse
562 2097 712 2156 Dominus
751 2094 893 2174 digessit,
926 2095 1049 2156 diceus:

126 2177 294 2239 Benedicat
327 2199 384 2241 nos
407 2180 555 2240 Dominus
579 2186 610 2239 et
631 2177 784 2239 custodiat
806 2197 874 2258 uos,
896 2178 1050 2250 Ostendat

125 2261 215 2327 uubis
238 2262 346 2324 faciem
376 2281 460 2323 suam
490 2268 521 2322 et
550 2262 729 2322 misereatur
752 2263 871 2340 nostri,
890 2267 1050 2322 convertat

126 2345 276 2408 Dominus
298 2345 406 2407 faciem
437 2363 524 2404 suam
548 2343 587 2404 ad
611 2363 668 2405 nos
691 2350 721 2404 et
742 2343 796 2404 det
817 2344 905 2424 nobis
929 2364 1048 2424 pacem.

127 2424 187 2489 Vel
208 2428 262 2489 illa
286 2429 364 2490 Psal.
388 2426 444 2492 96:
468 2426 638 2495 Benedicat
660 2446 717 2488 nos
731 2427 910 2487 DeusDeus
933 2435 1047 2507 noster,

124 2508 290 2573 benedicat
320 2530 379 2572 nos
402 2509 486 2571 Deus
523 2517 553 2570 et
577 2515 713 2571 metuant
738 2529 807 2569 eum
842 2528 949 2570 omnes
971 2509 1047 2572 fines

125 2600 236 2672 murae,
259 2594 368 2658 Amen.
412 2593 571 2656 Eiusmodi
594 2592 686 2653 credo
717 2595 748 2654 et
768 2592 921 2654 Christum
959 2613 1048 2658 usum

124 2677 234 2754 fuisse,
269 2696 337 2737 cum
367 2678 399 2737 in
432 2676 551 2737 coelum
583 2675 754 2737 ascendens
784 2694 856 2737 suos
879 2675 1048 2757 discipulos

125 2757 295 2823 benedixit:

208 2843 247 2902 Et
268 2842 319 2902 hic
338 2859 464 2920 quoque
484 2840 614 2902 liberum
645 2841 685 2901 sit
706 2841 880 2922 Episcopo,
918 2859 978 2919 quo
1001 2860 1047 2902 or-

126 2923 196 2985 dine
219 2925 292 2985 velit
313 2930 473 3003 utramque
495 2926 629 3004 speciem
651 2923 701 2984 vel
721 2941 861 3002 sumere,
891 2922 939 2985 vel
961 2924 1048 3003 mini·

124 3013 229 3070 auare.
272 3008 388 3068 Poterit
410 3009 490 3069 enim
514 3014 665 3086 utrunque
688 3026 801 3086 nempe
818 3025 928 3085 panem
953 3014 983 3067 et
1005 3008 1048 3067 vi·

124 3110 195 3151 num
220 3092 365 3151 continuo
400 3089 599 3170 benediceue,
625 3097 789 3169 antequam
812 3107 924 3169 panem
942 3108 1047 3170 sump-

124 3175 212 3253 serit,
242 3174 292 3234 vsl
324 3175 404 3233 inter
425 3173 670 3235 benedictionem
693 3168 782 3252 pani's
803 3177 835 3232 et
857 3172 920 3231 vini
943 3174 1046 3240 statim

123 3275 193 3316 sese
215 3263 245 3316 st
267 3262 418 3335 quotquot
439 3256 589 3317 voluerint
618 3273 699 3334 pane
733 3255 972 3330 communicare,
996 3255 1047 3317 de

123 3337 194 3398 inde
216 3340 319 3399 viuum
341 3338 539 3414 benedicere,
571 3356 609 3398 ao
631 3337 751 3396 demum
776 3335 917 3399 omnibus
940 3337 1046 3401 biben-

125 3419 195 3482 dum
219 3422 304 3500 dare,
326 3441 388 3501 quo
411 3423 470 3482 ritu
492 3421 628 3484 Christus
651 3439 723 3484 usus
747 3418 864 3481 videtur
886 3419 989 3500 fuisse,
1007 3417 1046 3482 'ut

123 3504 216 3566 verba
229 3505 388 3586 Evangelii
408 3512 530 3579 sonant,
552 3503 602 3564 ubi
616 3502 800 3564 manducare
821 3503 912 3563 iussit
922 3522 1046 3585 panem,

121 3779 152 3829 ,a
169 3705 225 3786 51)
244 3701 364 3760 usuam:
389 3701 502 3761 nomm
525 3701 614 3763 nosci
636 3705 692 3759 uc
729 3703 757 3771 2)
773 3701 808 3759 111
827 3700 870 3759 m.
890 3703 959 3759 101¹*
980 3716 1044 3761 0³¹¹·

151 3790 185 3829 m.
962 3806 972 3819 ’
