<?xml version="1.0" encoding="UTF-8"?>
<!DOCTYPE html PUBLIC "-//W3C//DTD XHTML 1.0 Transitional//EN"
    "http://www.w3.org/TR/xhtml1/DTD/xhtml1-transitional.dtd">
<html xmlns="http://www.w3.org/1999/xhtml" xml:lang="en" lang="en">
 <head>
  <title>
</title>
<meta http-equiv="Content-Type" content="text/html;charset=utf-8" />
  <meta name='ocr-system' content='tesseract 3.04.00' />
  <meta name='ocr-capabilities' content='ocr_page ocr_carea ocr_par ocr_line ocrx_word'/>
</head>
<body>
  <div class='ocr_page' id='page_1' title='image "./dmartinilutheri02luthgoog_0461.png"; bbox 0 0 2348 4162; ppageno 0'>
   <div class='ocr_carea' id='block_1_1' title="bbox 66 3820 112 3916">
    <p class='ocr_par' dir='ltr' id='par_1_1' title="bbox 66 3820 112 3916">
     <span class='ocr_line' id='line_1_1' title="bbox 66 3820 112 3916; baseline 0 0"><span class='ocrx_word' id='word_1_1' title='bbox 66 3820 112 3916; x_wconf 79' lang='grc' dir='ltr'>Ιι</span> 
     </span>
    </p>
   </div>
   <div class='ocr_carea' id='block_1_2' title="bbox 204 227 958 301">
    <p class='ocr_par' dir='ltr' id='par_1_2' title="bbox 204 227 958 301">
     <span class='ocr_line' id='line_1_2' title="bbox 204 227 958 301; baseline -0.009 -7"><span class='ocrx_word' id='word_1_2' title='bbox 204 228 268 294; x_wconf 83' lang='grc'>448</span> <span class='ocrx_word' id='word_1_3' title='bbox 386 227 442 284; x_wconf 79' lang='lat' dir='ltr'>Gur</span> <span class='ocrx_word' id='word_1_4' title='bbox 459 234 488 285; x_wconf 87' lang='lat' dir='ltr'>et</span> <span class='ocrx_word' id='word_1_5' title='bbox 505 229 646 301; x_wconf 88' lang='lat' dir='ltr'>quomodo</span> <span class='ocrx_word' id='word_1_6' title='bbox 666 228 852 287; x_wconf 77' lang='lat' dir='ltr'>Christianum</span> <span class='ocrx_word' id='word_1_7' title='bbox 870 229 958 287; x_wconf 78' lang='lat' dir='ltr'>Onne.</span> 
     </span>
    </p>
   </div>
   <div class='ocr_carea' id='block_1_3' title="bbox 205 400 1126 3566">
    <p class='ocr_par' dir='ltr' id='par_1_3' title="bbox 205 400 1126 3062">
     <span class='ocr_line' id='line_1_3' title="bbox 208 400 1125 482; baseline -0.001 -21"><span class='ocrx_word' id='word_1_8' title='bbox 208 400 431 462; x_wconf 87' lang='lat' dir='ltr'>defendendum</span> <span class='ocrx_word' id='word_1_9' title='bbox 466 407 574 463; x_wconf 90' lang='lat' dir='ltr'>eontra</span> <span class='ocrx_word' id='word_1_10' title='bbox 605 420 728 464; x_wconf 88' lang='lat' dir='ltr'>omnem</span> <span class='ocrx_word' id='word_1_11' title='bbox 761 402 927 468; x_wconf 85' lang='lat' dir='ltr'>hominem.</span> <span class='ocrx_word' id='word_1_12' title='bbox 978 400 1125 482; x_wconf 79' lang='lat' dir='ltr'>Legatum</span> 
     </span>
     <span class='ocr_line' id='line_1_4' title="bbox 208 483 1126 564; baseline 0 -19"><span class='ocrx_word' id='word_1_13' title='bbox 208 484 410 564; x_wconf 84' lang='lat' dir='ltr'>Apostolioae</span> <span class='ocrx_word' id='word_1_14' title='bbox 444 485 526 545; x_wconf 88' lang='lat' dir='ltr'>sedis</span> <span class='ocrx_word' id='word_1_15' title='bbox 547 486 577 545; x_wconf 94' lang='lat' dir='ltr'>in</span> <span class='ocrx_word' id='word_1_16' title='bbox 601 484 703 547; x_wconf 85' lang='lat' dir='ltr'>eundo</span> <span class='ocrx_word' id='word_1_17' title='bbox 727 493 757 546; x_wconf 90' lang='lat' dir='ltr'>et</span> <span class='ocrx_word' id='word_1_18' title='bbox 779 486 937 547; x_wconf 89' lang='lat' dir='ltr'>redeundo</span> <span class='ocrx_word' id='word_1_19' title='bbox 960 483 1126 547; x_wconf 89' lang='lat' dir='ltr'>honoriliee</span> 
     </span>
     <span class='ocr_line' id='line_1_5' title="bbox 207 564 1125 646; baseline 0 -19"><span class='ocrx_word' id='word_1_20' title='bbox 207 568 345 629; x_wconf 79' lang='lat' dir='ltr'>tractabo</span> <span class='ocrx_word' id='word_1_21' title='bbox 384 576 413 628; x_wconf 90' lang='lat' dir='ltr'>et</span> <span class='ocrx_word' id='word_1_22' title='bbox 445 570 474 627; x_wconf 91' lang='lat' dir='ltr'>in</span> <span class='ocrx_word' id='word_1_23' title='bbox 497 570 560 627; x_wconf 90' lang='lat' dir='ltr'>auis</span> <span class='ocrx_word' id='word_1_24' title='bbox 583 568 816 630; x_wconf 76' lang='lat' dir='ltr'>necessitatibus</span> <span class='ocrx_word' id='word_1_25' title='bbox 840 568 1005 630; x_wconf 90' lang='lat' dir='ltr'>adiuvabo.</span> <span class='ocrx_word' id='word_1_26' title='bbox 1050 564 1125 646; x_wconf 90' lang='lat' dir='ltr'>Iura,</span> 
     </span>
     <span class='ocr_line' id='line_1_6' title="bbox 206 650 1125 731; baseline 0.001 -21"><span class='ocrx_word' id='word_1_27' title='bbox 206 651 357 728; x_wconf 83' lang='lat' dir='ltr'>honores,</span> <span class='ocrx_word' id='word_1_28' title='bbox 386 651 545 731; x_wconf 89' lang='lat' dir='ltr'>privilegia</span> <span class='ocrx_word' id='word_1_29' title='bbox 582 660 612 710; x_wconf 89' lang='lat' dir='ltr'>et</span> <span class='ocrx_word' id='word_1_30' title='bbox 635 654 830 713; x_wconf 78' lang='lat' dir='ltr'>autoritatem</span> <span class='ocrx_word' id='word_1_31' title='bbox 852 653 1015 713; x_wconf 86' lang='lat' dir='ltr'>Romanae</span> <span class='ocrx_word' id='word_1_32' title='bbox 1034 650 1125 713; x_wconf 85' lang='lat' dir='ltr'>seele-</span> 
     </span>
     <span class='ocr_line' id='line_1_7' title="bbox 207 733 1123 815; baseline 0 -21"><span class='ocrx_word' id='word_1_33' title='bbox 207 736 283 813; x_wconf 87' lang='lat' dir='ltr'>siae,</span> <span class='ocrx_word' id='word_1_34' title='bbox 307 735 422 794; x_wconf 90' lang='lat' dir='ltr'>domini</span> <span class='ocrx_word' id='word_1_35' title='bbox 445 735 538 794; x_wconf 78' lang='lat' dir='ltr'>nostri</span> <span class='ocrx_word' id='word_1_36' title='bbox 561 733 665 813; x_wconf 85' lang='lat' dir='ltr'>Papae</span> <span class='ocrx_word' id='word_1_37' title='bbox 693 742 725 795; x_wconf 88' lang='lat' dir='ltr'>at</span> <span class='ocrx_word' id='word_1_38' title='bbox 756 754 969 796; x_wconf 83' lang='lat' dir='ltr'>suceessorum</span> <span class='ocrx_word' id='word_1_39' title='bbox 991 734 1123 815; x_wconf 82' lang='lat' dir='ltr'>praedio</span> 
     </span>
     <span class='ocr_line' id='line_1_8' title="bbox 208 816 1124 899; baseline 0.001 -21"><span class='ocrx_word' id='word_1_40' title='bbox 208 824 307 878; x_wconf 88' lang='lat' dir='ltr'>torum</span> <span class='ocrx_word' id='word_1_41' title='bbox 331 836 531 893; x_wconf 78' lang='lat' dir='ltr'>conservare,</span> <span class='ocrx_word' id='word_1_42' title='bbox 553 816 734 896; x_wconf 80' lang='lat' dir='ltr'>defendere,</span> <span class='ocrx_word' id='word_1_43' title='bbox 757 837 870 899; x_wconf 88' lang='lat' dir='ltr'>angers</span> <span class='ocrx_word' id='word_1_44' title='bbox 893 828 923 879; x_wconf 88' lang='lat' dir='ltr'>et</span> <span class='ocrx_word' id='word_1_45' title='bbox 944 836 1124 899; x_wconf 85' lang='lat' dir='ltr'>promovere</span> 
     </span>
     <span class='ocr_line' id='line_1_9' title="bbox 208 897 1123 980; baseline 0.001 -20"><span class='ocrx_word' id='word_1_46' title='bbox 208 897 331 962; x_wconf 84' lang='lat' dir='ltr'>curabo.</span> <span class='ocrx_word' id='word_1_47' title='bbox 375 900 440 960; x_wconf 88' lang='lat' dir='ltr'>Neo</span> <span class='ocrx_word' id='word_1_48' title='bbox 462 918 514 960; x_wconf 90' lang='lat' dir='ltr'>ero</span> <span class='ocrx_word' id='word_1_49' title='bbox 537 901 567 959; x_wconf 90' lang='lat' dir='ltr'>in</span> <span class='ocrx_word' id='word_1_50' title='bbox 590 902 730 980; x_wconf 89' lang='lat' dir='ltr'>oonsilio,</span> <span class='ocrx_word' id='word_1_51' title='bbox 752 902 782 961; x_wconf 92' lang='lat' dir='ltr'>in</span> <span class='ocrx_word' id='word_1_52' title='bbox 805 901 898 980; x_wconf 79' lang='lat' dir='ltr'>laeto,</span> <span class='ocrx_word' id='word_1_53' title='bbox 920 922 976 962; x_wconf 89' lang='lat' dir='ltr'>seu</span> <span class='ocrx_word' id='word_1_54' title='bbox 999 902 1032 961; x_wconf 92' lang='lat' dir='ltr'>in</span> <span class='ocrx_word' id='word_1_55' title='bbox 1055 907 1123 961; x_wconf 82' lang='lat' dir='ltr'>trae</span> 
     </span>
     <span class='ocr_line' id='line_1_10' title="bbox 207 982 1122 1064; baseline -0.001 -20"><span class='ocrx_word' id='word_1_56' title='bbox 207 988 287 1062; x_wconf 90' lang='lat' dir='ltr'>tatu,</span> <span class='ocrx_word' id='word_1_57' title='bbox 321 986 351 1043; x_wconf 90' lang='lat' dir='ltr'>in</span> <span class='ocrx_word' id='word_1_58' title='bbox 384 982 492 1063; x_wconf 89' lang='lat' dir='ltr'>quibus</span> <span class='ocrx_word' id='word_1_59' title='bbox 527 990 634 1044; x_wconf 86' lang='lat' dir='ltr'>eontra</span> <span class='ocrx_word' id='word_1_60' title='bbox 667 988 766 1064; x_wconf 89' lang='lat' dir='ltr'>ipsum</span> <span class='ocrx_word' id='word_1_61' title='bbox 793 984 951 1045; x_wconf 91' lang='lat' dir='ltr'>dominum</span> <span class='ocrx_word' id='word_1_62' title='bbox 990 991 1122 1045; x_wconf 85' lang='lat' dir='ltr'>nostrum</span> 
     </span>
     <span class='ocr_line' id='line_1_11' title="bbox 206 1065 1123 1148; baseline -0.001 -22"><span class='ocrx_word' id='word_1_63' title='bbox 206 1068 257 1127; x_wconf 88' lang='lat' dir='ltr'>vel</span> <span class='ocrx_word' id='word_1_64' title='bbox 279 1067 406 1127; x_wconf 88' lang='lat' dir='ltr'>eandem</span> <span class='ocrx_word' id='word_1_65' title='bbox 420 1065 590 1126; x_wconf 86' lang='lat' dir='ltr'>Romanam</span> <span class='ocrx_word' id='word_1_66' title='bbox 613 1068 775 1128; x_wconf 83' lang='lat' dir='ltr'>ecelesiam</span> <span class='ocrx_word' id='word_1_67' title='bbox 798 1068 900 1148; x_wconf 90' lang='lat' dir='ltr'>aliqua</span> <span class='ocrx_word' id='word_1_68' title='bbox 922 1068 1049 1128; x_wconf 88' lang='lat' dir='ltr'>sinistra</span> <span class='ocrx_word' id='word_1_69' title='bbox 1081 1065 1123 1126; x_wconf 85' lang='lat' dir='ltr'>val</span> 
     </span>
     <span class='ocr_line' id='line_1_12' title="bbox 207 1148 1122 1231; baseline -0.001 -22"><span class='ocrx_word' id='word_1_70' title='bbox 207 1148 438 1231; x_wconf 85' lang='lat' dir='ltr'>praeiudicialia</span> <span class='ocrx_word' id='word_1_71' title='bbox 461 1166 671 1228; x_wconf 88' lang='lat' dir='ltr'>personarum,</span> <span class='ocrx_word' id='word_1_72' title='bbox 693 1151 777 1229; x_wconf 86' lang='lat' dir='ltr'>iuris,</span> <span class='ocrx_word' id='word_1_73' title='bbox 799 1150 943 1230; x_wconf 87' lang='lat' dir='ltr'>honoris,</span> <span class='ocrx_word' id='word_1_74' title='bbox 962 1158 1078 1228; x_wconf 85' lang='lat' dir='ltr'>status,</span> <span class='ocrx_word' id='word_1_75' title='bbox 1098 1156 1122 1209; x_wconf 89' lang='lat' dir='ltr'>at</span> 
     </span>
     <span class='ocr_line' id='line_1_13' title="bbox 206 1232 1122 1313; baseline -0.003 -19"><span class='ocrx_word' id='word_1_76' title='bbox 206 1235 368 1313; x_wconf 88' lang='lat' dir='ltr'>potestatis</span> <span class='ocrx_word' id='word_1_77' title='bbox 391 1251 496 1294; x_wconf 86' lang='lat' dir='ltr'>eorum</span> <span class='ocrx_word' id='word_1_78' title='bbox 520 1232 747 1312; x_wconf 83' lang='lat' dir='ltr'>machinentur,</span> <span class='ocrx_word' id='word_1_79' title='bbox 770 1243 801 1294; x_wconf 90' lang='lat' dir='ltr'>et</span> <span class='ocrx_word' id='word_1_80' title='bbox 822 1236 847 1294; x_wconf 89' lang='lat' dir='ltr'>si</span> <span class='ocrx_word' id='word_1_81' title='bbox 869 1234 942 1294; x_wconf 90' lang='lat' dir='ltr'>talia</span> <span class='ocrx_word' id='word_1_82' title='bbox 965 1253 984 1293; x_wconf 88' lang='lat' dir='ltr'>a</span> <span class='ocrx_word' id='word_1_83' title='bbox 1007 1232 1122 1313; x_wconf 88' lang='lat' dir='ltr'>quibus·</span> 
     </span>
     <span class='ocr_line' id='line_1_14' title="bbox 207 1315 1122 1398; baseline -0.001 -22"><span class='ocrx_word' id='word_1_84' title='bbox 207 1316 277 1376; x_wconf 90' lang='lat' dir='ltr'>dam</span> <span class='ocrx_word' id='word_1_85' title='bbox 301 1318 421 1376; x_wconf 78' lang='lat' dir='ltr'>tractari</span> <span class='ocrx_word' id='word_1_86' title='bbox 444 1334 579 1394; x_wconf 86' lang='lat' dir='ltr'>novero,</span> <span class='ocrx_word' id='word_1_87' title='bbox 611 1317 658 1376; x_wconf 87' lang='lat' dir='ltr'>vel</span> <span class='ocrx_word' id='word_1_88' title='bbox 680 1317 855 1398; x_wconf 81' lang='lat' dir='ltr'>procurari,</span> <span class='ocrx_word' id='word_1_89' title='bbox 878 1315 1047 1397; x_wconf 90' lang='lat' dir='ltr'>impediam</span> <span class='ocrx_word' id='word_1_90' title='bbox 1069 1315 1122 1375; x_wconf 88' lang='lat' dir='ltr'>hoe</span> 
     </span>
     <span class='ocr_line' id='line_1_15' title="bbox 206 1396 1122 1481; baseline -0.001 -21"><span class='ocrx_word' id='word_1_91' title='bbox 206 1418 263 1480; x_wconf 93' lang='lat' dir='ltr'>pro</span> <span class='ocrx_word' id='word_1_92' title='bbox 285 1418 398 1479; x_wconf 90' lang='lat' dir='ltr'>posse,</span> <span class='ocrx_word' id='word_1_93' title='bbox 422 1402 462 1477; x_wconf 89' lang='lat' dir='ltr'>at,</span> <span class='ocrx_word' id='word_1_94' title='bbox 484 1401 665 1478; x_wconf 77' lang='lat' dir='ltr'>quantocius</span> <span class='ocrx_word' id='word_1_95' title='bbox 687 1409 807 1481; x_wconf 89' lang='lat' dir='ltr'>potero,</span> <span class='ocrx_word' id='word_1_96' title='bbox 829 1398 994 1461; x_wconf 76' lang='lat' dir='ltr'>commode</span> <span class='ocrx_word' id='word_1_97' title='bbox 1017 1396 1122 1480; x_wconf 87' lang='lat' dir='ltr'>signiti-</span> 
     </span>
     <span class='ocr_line' id='line_1_16' title="bbox 207 1482 1121 1563; baseline -0.003 -20"><span class='ocrx_word' id='word_1_98' title='bbox 207 1483 285 1543; x_wconf 88' lang='lat' dir='ltr'>oabo</span> <span class='ocrx_word' id='word_1_99' title='bbox 307 1482 407 1542; x_wconf 88' lang='lat' dir='ltr'>eidem</span> <span class='ocrx_word' id='word_1_100' title='bbox 429 1482 563 1542; x_wconf 91' lang='lat' dir='ltr'>Domino</span> <span class='ocrx_word' id='word_1_101' title='bbox 596 1489 719 1562; x_wconf 91' lang='lat' dir='ltr'>nostro,</span> <span class='ocrx_word' id='word_1_102' title='bbox 756 1483 805 1543; x_wconf 90' lang='lat' dir='ltr'>vel</span> <span class='ocrx_word' id='word_1_103' title='bbox 827 1482 929 1562; x_wconf 89' lang='lat' dir='ltr'>alteri,</span> <span class='ocrx_word' id='word_1_104' title='bbox 961 1502 1018 1563; x_wconf 89' lang='lat' dir='ltr'>per</span> <span class='ocrx_word' id='word_1_105' title='bbox 1039 1499 1121 1562; x_wconf 89' lang='lat' dir='ltr'>quem</span> 
     </span>
     <span class='ocr_line' id='line_1_17' title="bbox 207 1566 1122 1647; baseline -0.002 -22"><span class='ocrx_word' id='word_1_106' title='bbox 207 1566 244 1625; x_wconf 89' lang='lat' dir='ltr'>ed</span> <span class='ocrx_word' id='word_1_107' title='bbox 267 1567 361 1646; x_wconf 90' lang='lat' dir='ltr'>ipsius</span> <span class='ocrx_word' id='word_1_108' title='bbox 384 1567 523 1625; x_wconf 88' lang='lat' dir='ltr'>notitiam</span> <span class='ocrx_word' id='word_1_109' title='bbox 546 1567 645 1645; x_wconf 87' lang='lat' dir='ltr'>possit</span> <span class='ocrx_word' id='word_1_110' title='bbox 665 1566 837 1647; x_wconf 76' lang='lat' dir='ltr'>pervenire.</span> <span class='ocrx_word' id='word_1_111' title='bbox 882 1566 1020 1646; x_wconf 79' lang='lat' dir='ltr'>Regulus</span> <span class='ocrx_word' id='word_1_112' title='bbox 1041 1582 1122 1626; x_wconf 91' lang='lat' dir='ltr'>saue-</span> 
     </span>
     <span class='ocr_line' id='line_1_18' title="bbox 207 1646 1122 1728; baseline -0.005 -18"><span class='ocrx_word' id='word_1_113' title='bbox 207 1657 307 1710; x_wconf 89' lang='lat' dir='ltr'>torum</span> <span class='ocrx_word' id='word_1_114' title='bbox 335 1649 475 1727; x_wconf 84' lang='lat' dir='ltr'>Petrum,</span> <span class='ocrx_word' id='word_1_115' title='bbox 515 1646 655 1726; x_wconf 74' lang='lat' dir='ltr'>decreta,</span> <span class='ocrx_word' id='word_1_116' title='bbox 695 1648 919 1728; x_wconf 78' lang='lat' dir='ltr'>ordinationes,</span> <span class='ocrx_word' id='word_1_117' title='bbox 949 1648 1122 1725; x_wconf 86' lang='lat' dir='ltr'>sententias,</span> 
     </span>
     <span class='ocr_line' id='line_1_19' title="bbox 207 1730 1122 1814; baseline -0.001 -21"><span class='ocrx_word' id='word_1_118' title='bbox 207 1733 433 1813; x_wconf 89' lang='lat' dir='ltr'>disposationes</span> <span class='ocrx_word' id='word_1_119' title='bbox 450 1730 493 1813; x_wconf 85' lang='lat'>1),</span> <span class='ocrx_word' id='word_1_120' title='bbox 515 1735 749 1814; x_wconf 84' lang='lat' dir='ltr'>reservationes,</span> <span class='ocrx_word' id='word_1_121' title='bbox 771 1733 975 1812; x_wconf 86' lang='lat' dir='ltr'>provisiones,</span> <span class='ocrx_word' id='word_1_122' title='bbox 998 1742 1031 1793; x_wconf 90' lang='lat' dir='ltr'>et</span> <span class='ocrx_word' id='word_1_123' title='bbox 1044 1749 1122 1792; x_wconf 88' lang='lat' dir='ltr'>man·</span> 
     </span>
     <span class='ocr_line' id='line_1_20' title="bbox 208 1814 1121 1896; baseline -0.001 -20"><span class='ocrx_word' id='word_1_124' title='bbox 208 1816 281 1878; x_wconf 92' lang='lat' dir='ltr'>data</span> <span class='ocrx_word' id='word_1_125' title='bbox 304 1815 476 1896; x_wconf 84' lang='lat' dir='ltr'>apostoliea</span> <span class='ocrx_word' id='word_1_126' title='bbox 502 1816 575 1876; x_wconf 87' lang='lat' dir='ltr'>totis</span> <span class='ocrx_word' id='word_1_127' title='bbox 602 1816 715 1878; x_wconf 86' lang='lat' dir='ltr'>viribus</span> <span class='ocrx_word' id='word_1_128' title='bbox 740 1815 911 1877; x_wconf 83' lang='lat' dir='ltr'>observabo</span> <span class='ocrx_word' id='word_1_129' title='bbox 953 1820 986 1876; x_wconf 88' lang='lat' dir='ltr'>et</span> <span class='ocrx_word' id='word_1_130' title='bbox 1019 1814 1121 1875; x_wconf 81' lang='lat' dir='ltr'>faeiem</span> 
     </span>
     <span class='ocr_line' id='line_1_21' title="bbox 206 1898 1123 1980; baseline -0.002 -20"><span class='ocrx_word' id='word_1_131' title='bbox 206 1899 245 1960; x_wconf 91' lang='lat' dir='ltr'>ab</span> <span class='ocrx_word' id='word_1_132' title='bbox 268 1899 335 1960; x_wconf 90' lang='lat' dir='ltr'>aliis</span> <span class='ocrx_word' id='word_1_133' title='bbox 358 1899 523 1959; x_wconf 87' lang='lat' dir='ltr'>observari.</span> <span class='ocrx_word' id='word_1_134' title='bbox 565 1898 763 1978; x_wconf 84' lang='lat' dir='ltr'>Haeretioos,</span> <span class='ocrx_word' id='word_1_135' title='bbox 785 1899 1010 1980; x_wconf 75' lang='lat' dir='ltr'>schismaticos,</span> <span class='ocrx_word' id='word_1_136' title='bbox 1035 1904 1066 1959; x_wconf 90' lang='lat' dir='ltr'>et</span> <span class='ocrx_word' id='word_1_137' title='bbox 1083 1914 1123 1957; x_wconf 87' lang='lat' dir='ltr'>ve-</span> 
     </span>
     <span class='ocr_line' id='line_1_22' title="bbox 207 1979 1123 2062; baseline -0.009 -17"><span class='ocrx_word' id='word_1_138' title='bbox 207 1983 303 2045; x_wconf 88' lang='lat' dir='ltr'>belles</span> <span class='ocrx_word' id='word_1_139' title='bbox 326 1982 459 2042; x_wconf 90' lang='lat' dir='ltr'>Domino</span> <span class='ocrx_word' id='word_1_140' title='bbox 483 1986 589 2042; x_wconf 88' lang='lat' dir='ltr'>nostro</span> <span class='ocrx_word' id='word_1_141' title='bbox 629 1983 678 2043; x_wconf 91' lang='lat' dir='ltr'>vel</span> <span class='ocrx_word' id='word_1_142' title='bbox 711 1983 941 2053; x_wconf 77' lang='lat' dir='ltr'>suecessoribus</span> <span class='ocrx_word' id='word_1_143' title='bbox 963 1979 1123 2062; x_wconf 86' lang='lat' dir='ltr'>praedietis</span> 
     </span>
     <span class='ocr_line' id='line_1_23' title="bbox 206 2061 1123 2147; baseline -0.003 -21"><span class='ocrx_word' id='word_1_144' title='bbox 206 2084 377 2147; x_wconf 89' lang='lat' dir='ltr'>proposse</span> <span class='ocrx_word' id='word_1_145' title='bbox 415 2084 582 2145; x_wconf 86' lang='lat' dir='ltr'>persequar</span> <span class='ocrx_word' id='word_1_146' title='bbox 615 2073 646 2126; x_wconf 87' lang='lat' dir='ltr'>et</span> <span class='ocrx_word' id='word_1_147' title='bbox 676 2065 876 2146; x_wconf 83' lang='lat' dir='ltr'>impugnabo.</span> <span class='ocrx_word' id='word_1_148' title='bbox 919 2065 1059 2127; x_wconf 82' lang='lat' dir='ltr'>Vocatus</span> <span class='ocrx_word' id='word_1_149' title='bbox 1088 2061 1123 2123; x_wconf 89' lang='lat' dir='ltr'>ad</span> 
     </span>
     <span class='ocr_line' id='line_1_24' title="bbox 207 2146 1123 2230; baseline -0.008 -18"><span class='ocrx_word' id='word_1_150' title='bbox 207 2147 366 2229; x_wconf 81' lang='lat' dir='ltr'>Synodum</span> <span class='ocrx_word' id='word_1_151' title='bbox 389 2149 525 2227; x_wconf 87' lang='lat' dir='ltr'>veniam,</span> <span class='ocrx_word' id='word_1_152' title='bbox 561 2149 618 2208; x_wconf 92' lang='lat' dir='ltr'>nisi</span> <span class='ocrx_word' id='word_1_153' title='bbox 652 2148 847 2230; x_wconf 87' lang='lat' dir='ltr'>praepeditus</span> <span class='ocrx_word' id='word_1_154' title='bbox 869 2148 955 2209; x_wconf 84' lang='lat' dir='ltr'>fuero</span> <span class='ocrx_word' id='word_1_155' title='bbox 978 2146 1123 2209; x_wconf 80' lang='lat' dir='ltr'>canoniea</span> 
     </span>
     <span class='ocr_line' id='line_1_25' title="bbox 207 2226 1123 2314; baseline -0.005 -21"><span class='ocrx_word' id='word_1_156' title='bbox 207 2232 449 2314; x_wconf 85' lang='lat' dir='ltr'>praepeditione.</span> <span class='ocrx_word' id='word_1_157' title='bbox 492 2232 713 2311; x_wconf 87' lang='lat' dir='ltr'>Apostolorum</span> <span class='ocrx_word' id='word_1_158' title='bbox 736 2233 857 2311; x_wconf 87' lang='lat' dir='ltr'>limina,</span> <span class='ocrx_word' id='word_1_159' title='bbox 879 2231 1024 2292; x_wconf 87' lang='lat' dir='ltr'>Romana</span> <span class='ocrx_word' id='word_1_160' title='bbox 1045 2226 1123 2291; x_wconf 89' lang='lat' dir='ltr'>enria</span> 
     </span>
     <span class='ocr_line' id='line_1_26' title="bbox 208 2315 1121 2395; baseline -0.004 -19"><span class='ocrx_word' id='word_1_161' title='bbox 208 2318 358 2376; x_wconf 86' lang='lat' dir='ltr'>existente</span> <span class='ocrx_word' id='word_1_162' title='bbox 382 2317 472 2394; x_wconf 88' lang='lat' dir='ltr'>eitra,</span> <span class='ocrx_word' id='word_1_163' title='bbox 507 2315 634 2394; x_wconf 85' lang='lat' dir='ltr'>singulis</span> <span class='ocrx_word' id='word_1_164' title='bbox 657 2317 762 2395; x_wconf 92' lang='lat' dir='ltr'>annis,</span> <span class='ocrx_word' id='word_1_165' title='bbox 796 2315 875 2375; x_wconf 90' lang='lat' dir='ltr'>ultra</span> <span class='ocrx_word' id='word_1_166' title='bbox 903 2333 979 2376; x_wconf 92' lang='lat' dir='ltr'>vero</span> <span class='ocrx_word' id='word_1_167' title='bbox 1008 2321 1121 2375; x_wconf 86' lang='lat' dir='ltr'>montes</span> 
     </span>
     <span class='ocr_line' id='line_1_27' title="bbox 207 2397 1122 2480; baseline -0.007 -20"><span class='ocrx_word' id='word_1_168' title='bbox 207 2400 334 2480; x_wconf 88' lang='lat' dir='ltr'>singulis</span> <span class='ocrx_word' id='word_1_169' title='bbox 358 2399 494 2458; x_wconf 89' lang='lat' dir='ltr'>trienniis</span> <span class='ocrx_word' id='word_1_170' title='bbox 518 2397 660 2478; x_wconf 88' lang='lat' dir='ltr'>visitabo,</span> <span class='ocrx_word' id='word_1_171' title='bbox 683 2406 735 2459; x_wconf 91' lang='lat' dir='ltr'>aut</span> <span class='ocrx_word' id='word_1_172' title='bbox 756 2418 810 2479; x_wconf 89' lang='lat' dir='ltr'>per</span> <span class='ocrx_word' id='word_1_173' title='bbox 823 2417 871 2458; x_wconf 90' lang='lat' dir='ltr'>me</span> <span class='ocrx_word' id='word_1_174' title='bbox 893 2403 947 2458; x_wconf 89' lang='lat' dir='ltr'>aut</span> <span class='ocrx_word' id='word_1_175' title='bbox 961 2414 1122 2479; x_wconf 86' lang='lat' dir='ltr'>permeum</span> 
     </span>
     <span class='ocr_line' id='line_1_28' title="bbox 207 2481 1122 2561; baseline -0.004 -17"><span class='ocrx_word' id='word_1_176' title='bbox 207 2485 362 2560; x_wconf 89' lang='lat' dir='ltr'>nunoium,</span> <span class='ocrx_word' id='word_1_177' title='bbox 385 2483 442 2541; x_wconf 89' lang='lat' dir='ltr'>nisi</span> <span class='ocrx_word' id='word_1_178' title='bbox 459 2482 639 2561; x_wconf 89' lang='lat' dir='ltr'>Apostolioa</span> <span class='ocrx_word' id='word_1_179' title='bbox 660 2481 805 2543; x_wconf 86' lang='lat' dir='ltr'>absolvar</span> <span class='ocrx_word' id='word_1_180' title='bbox 826 2482 959 2544; x_wconf 83' lang='lat' dir='ltr'>licentia.</span> <span class='ocrx_word' id='word_1_181' title='bbox 1004 2482 1122 2542; x_wconf 87' lang='lat' dir='ltr'>Posses·</span> 
     </span>
     <span class='ocr_line' id='line_1_29' title="bbox 207 2564 1122 2646; baseline -0.007 -18"><span class='ocrx_word' id='word_1_182' title='bbox 207 2569 310 2628; x_wconf 88' lang='lat' dir='ltr'>siones</span> <span class='ocrx_word' id='word_1_183' title='bbox 334 2585 408 2626; x_wconf 89' lang='lat' dir='ltr'>vero</span> <span class='ocrx_word' id='word_1_184' title='bbox 427 2564 466 2624; x_wconf 93' lang='lat' dir='ltr'>ad</span> <span class='ocrx_word' id='word_1_185' title='bbox 489 2576 625 2625; x_wconf 87' lang='lat' dir='ltr'>mensam</span> <span class='ocrx_word' id='word_1_186' title='bbox 650 2585 749 2626; x_wconf 85' lang='lat' dir='ltr'>meam</span> <span class='ocrx_word' id='word_1_187' title='bbox 773 2566 960 2646; x_wconf 87' lang='lat' dir='ltr'>pertinentes</span> <span class='ocrx_word' id='word_1_188' title='bbox 983 2581 1122 2625; x_wconf 89' lang='lat' dir='ltr'>nonven·</span> 
     </span>
     <span class='ocr_line' id='line_1_30' title="bbox 208 2644 1121 2730; baseline -0.008 -18"><span class='ocrx_word' id='word_1_189' title='bbox 208 2652 288 2728; x_wconf 86' lang='lat' dir='ltr'>darn,</span> <span class='ocrx_word' id='word_1_190' title='bbox 311 2668 409 2728; x_wconf 89' lang='lat' dir='ltr'>neque</span> <span class='ocrx_word' id='word_1_191' title='bbox 431 2648 571 2730; x_wconf 90' lang='lat' dir='ltr'>donabo,</span> <span class='ocrx_word' id='word_1_192' title='bbox 595 2651 695 2728; x_wconf 88' lang='lat' dir='ltr'>neque</span> <span class='ocrx_word' id='word_1_193' title='bbox 716 2648 944 2730; x_wconf 85' lang='lat' dir='ltr'>impignorabo,</span> <span class='ocrx_word' id='word_1_194' title='bbox 966 2666 1067 2728; x_wconf 89' lang='lat' dir='ltr'>neque</span> <span class='ocrx_word' id='word_1_195' title='bbox 1087 2644 1121 2705; x_wconf 87' lang='lat' dir='ltr'>de</span> 
     </span>
     <span class='ocr_line' id='line_1_31' title="bbox 205 2730 1121 2810; baseline -0.01 -14"><span class='ocrx_word' id='word_1_196' title='bbox 205 2754 289 2797; x_wconf 93' lang='lat' dir='ltr'>novo</span> <span class='ocrx_word' id='word_1_197' title='bbox 310 2731 484 2810; x_wconf 84' lang='lat' dir='ltr'>infeudabo,</span> <span class='ocrx_word' id='word_1_198' title='bbox 507 2731 556 2792; x_wconf 91' lang='lat' dir='ltr'>vel</span> <span class='ocrx_word' id='word_1_199' title='bbox 578 2731 682 2810; x_wconf 88' lang='lat' dir='ltr'>aliquo</span> <span class='ocrx_word' id='word_1_200' title='bbox 705 2732 798 2793; x_wconf 90' lang='lat' dir='ltr'>modo</span> <span class='ocrx_word' id='word_1_201' title='bbox 818 2731 1013 2803; x_wconf 85' lang='lat' dir='ltr'>abalienabo,</span> <span class='ocrx_word' id='word_1_202' title='bbox 1037 2730 1121 2791; x_wconf 87' lang='lat' dir='ltr'>etiam</span> 
     </span>
     <span class='ocr_line' id='line_1_32' title="bbox 207 2813 1121 2895; baseline -0.007 -17"><span class='ocrx_word' id='word_1_203' title='bbox 207 2837 275 2878; x_wconf 89' lang='lat' dir='ltr'>eum</span> <span class='ocrx_word' id='word_1_204' title='bbox 306 2834 459 2877; x_wconf 85' lang='lat' dir='ltr'>consensu</span> <span class='ocrx_word' id='word_1_205' title='bbox 481 2814 614 2895; x_wconf 79' lang='lat' dir='ltr'>Capituli</span> <span class='ocrx_word' id='word_1_206' title='bbox 640 2816 791 2876; x_wconf 82' lang='lat' dir='ltr'>ecelesiae</span> <span class='ocrx_word' id='word_1_207' title='bbox 811 2834 918 2892; x_wconf 88' lang='lat' dir='ltr'>meae,</span> <span class='ocrx_word' id='word_1_208' title='bbox 952 2813 1121 2876; x_wconf 88' lang='lat' dir='ltr'>inoonsulto</span> 
     </span>
     <span class='ocr_line' id='line_1_33' title="bbox 207 2896 1122 2962; baseline -0.008 -1"><span class='ocrx_word' id='word_1_209' title='bbox 207 2902 348 2962; x_wconf 88' lang='lat' dir='ltr'>Romano</span> <span class='ocrx_word' id='word_1_210' title='bbox 371 2898 527 2959; x_wconf 86' lang='lat' dir='ltr'>Pontifioe.</span> <span class='ocrx_word' id='word_1_211' title='bbox 571 2898 621 2959; x_wconf 83' lang='lat' dir='ltr'>Sia</span> <span class='ocrx_word' id='word_1_212' title='bbox 656 2918 705 2960; x_wconf 92' lang='lat' dir='ltr'>me</span> <span class='ocrx_word' id='word_1_213' title='bbox 726 2900 808 2960; x_wconf 90' lang='lat' dir='ltr'>Deus</span> <span class='ocrx_word' id='word_1_214' title='bbox 837 2897 963 2959; x_wconf 88' lang='lat' dir='ltr'>adiuvet</span> <span class='ocrx_word' id='word_1_215' title='bbox 995 2906 1026 2959; x_wconf 89' lang='lat' dir='ltr'>st</span> <span class='ocrx_word' id='word_1_216' title='bbox 1051 2896 1122 2957; x_wconf 89' lang='lat' dir='ltr'>base</span> 
     </span>
     <span class='ocr_line' id='line_1_34' title="bbox 208 2980 739 3062; baseline -0.006 -18"><span class='ocrx_word' id='word_1_217' title='bbox 208 2992 315 3044; x_wconf 88' lang='lat' dir='ltr'>saneta</span> <span class='ocrx_word' id='word_1_218' title='bbox 336 2980 397 3043; x_wconf 89' lang='lat' dir='ltr'>Dei</span> <span class='ocrx_word' id='word_1_219' title='bbox 419 2982 599 3062; x_wconf 84' lang='lat' dir='ltr'>Evangelia.</span> <span class='ocrx_word' id='word_1_220' title='bbox 734 3028 739 3033; x_wconf 86' lang='lat'>.</span> 
     </span>
    </p>

    <p class='ocr_par' dir='ltr' id='par_1_4' title="bbox 207 3063 1123 3566">
     <span class='ocr_line' id='line_1_35' title="bbox 292 3063 1122 3147; baseline -0.002 -22"><span class='ocrx_word' id='word_1_221' title='bbox 292 3067 395 3143; x_wconf 87' lang='lat' dir='ltr'>Vides,</span> <span class='ocrx_word' id='word_1_222' title='bbox 417 3067 588 3127; x_wconf 81' lang='lat' dir='ltr'>Christiane</span> <span class='ocrx_word' id='word_1_223' title='bbox 611 3066 716 3147; x_wconf 85' lang='lat' dir='ltr'>laetor,</span> <span class='ocrx_word' id='word_1_224' title='bbox 739 3067 800 3128; x_wconf 88' lang='lat' dir='ltr'>hoo</span> <span class='ocrx_word' id='word_1_225' title='bbox 830 3067 1034 3126; x_wconf 89' lang='lat' dir='ltr'>iuramentum</span> <span class='ocrx_word' id='word_1_226' title='bbox 1064 3063 1122 3144; x_wconf 89' lang='lat' dir='ltr'>epi·</span> 
     </span>
     <span class='ocr_line' id='line_1_36' title="bbox 207 3148 1122 3231; baseline -0.005 -19"><span class='ocrx_word' id='word_1_227' title='bbox 207 3169 371 3231; x_wconf 86' lang='lat' dir='ltr'>sooporum</span> <span class='ocrx_word' id='word_1_228' title='bbox 393 3152 516 3230; x_wconf 91' lang='lat' dir='ltr'>gravius</span> <span class='ocrx_word' id='word_1_229' title='bbox 540 3150 631 3210; x_wconf 89' lang='lat' dir='ltr'>etiam</span> <span class='ocrx_word' id='word_1_230' title='bbox 648 3151 911 3226; x_wconf 87' lang='lat' dir='ltr'>etatrooiusesse,</span> <span class='ocrx_word' id='word_1_231' title='bbox 935 3168 1028 3229; x_wconf 87' lang='lat' dir='ltr'>quam</span> <span class='ocrx_word' id='word_1_232' title='bbox 1049 3148 1122 3208; x_wconf 88' lang='lat' dir='ltr'>iura·</span> 
     </span>
     <span class='ocr_line' id='line_1_37' title="bbox 208 3229 1122 3311; baseline -0.01 -15"><span class='ocrx_word' id='word_1_233' title='bbox 208 3244 343 3296; x_wconf 88' lang='lat' dir='ltr'>mentum</span> <span class='ocrx_word' id='word_1_234' title='bbox 377 3234 451 3294; x_wconf 92' lang='lat' dir='ltr'>illud</span> <span class='ocrx_word' id='word_1_235' title='bbox 474 3235 652 3299; x_wconf 83' lang='lat' dir='ltr'>Doetorum.</span> <span class='ocrx_word' id='word_1_236' title='bbox 708 3234 809 3310; x_wconf 83' lang='lat' dir='ltr'>Quare</span> <span class='ocrx_word' id='word_1_237' title='bbox 839 3233 914 3293; x_wconf 91' lang='lat' dir='ltr'>nibil</span> <span class='ocrx_word' id='word_1_238' title='bbox 946 3233 1072 3311; x_wconf 86' lang='lat' dir='ltr'>mirum,</span> <span class='ocrx_word' id='word_1_239' title='bbox 1101 3229 1122 3287; x_wconf 87' lang='lat' dir='ltr'>si</span> 
     </span>
     <span class='ocr_line' id='line_1_38' title="bbox 207 3316 1121 3399; baseline -0.008 -19"><span class='ocrx_word' id='word_1_240' title='bbox 207 3320 290 3380; x_wconf 89' lang='lat' dir='ltr'>dooti</span> <span class='ocrx_word' id='word_1_241' title='bbox 314 3325 345 3379; x_wconf 87' lang='lat' dir='ltr'>et</span> <span class='ocrx_word' id='word_1_242' title='bbox 365 3319 530 3398; x_wconf 87' lang='lat' dir='ltr'>prudentes</span> <span class='ocrx_word' id='word_1_243' title='bbox 545 3316 693 3379; x_wconf 83' lang='lat' dir='ltr'>Ganouiei</span> <span class='ocrx_word' id='word_1_244' title='bbox 715 3320 926 3399; x_wconf 81' lang='lat' dir='ltr'>episcopatum</span> <span class='ocrx_word' id='word_1_245' title='bbox 943 3316 1024 3377; x_wconf 91' lang='lat' dir='ltr'>ultro</span> <span class='ocrx_word' id='word_1_246' title='bbox 1037 3316 1121 3378; x_wconf 86' lang='lat' dir='ltr'>etlam</span> 
     </span>
     <span class='ocr_line' id='line_1_39' title="bbox 208 3399 1123 3483; baseline -0.009 -19"><span class='ocrx_word' id='word_1_247' title='bbox 208 3404 343 3465; x_wconf 86' lang='lat' dir='ltr'>oblatum</span> <span class='ocrx_word' id='word_1_248' title='bbox 366 3401 535 3482; x_wconf 89' lang='lat' dir='ltr'>repudient,</span> <span class='ocrx_word' id='word_1_249' title='bbox 557 3409 620 3480; x_wconf 90' lang='lat' dir='ltr'>ant,</span> <span class='ocrx_word' id='word_1_250' title='bbox 643 3404 667 3462; x_wconf 87' lang='lat' dir='ltr'>si</span> <span class='ocrx_word' id='word_1_251' title='bbox 691 3403 871 3483; x_wconf 80' lang='lat' dir='ltr'>suscipiant,</span> <span class='ocrx_word' id='word_1_252' title='bbox 895 3402 1047 3482; x_wconf 86' lang='lat' dir='ltr'>praestito</span> <span class='ocrx_word' id='word_1_253' title='bbox 1070 3399 1123 3459; x_wconf 86' lang='lat' dir='ltr'>boe</span> 
     </span>
     <span class='ocr_line' id='line_1_40' title="bbox 207 3482 1122 3566; baseline -0.005 -18"><span class='ocrx_word' id='word_1_254' title='bbox 207 3489 377 3548; x_wconf 86' lang='lat' dir='ltr'>iuramento</span> <span class='ocrx_word' id='word_1_255' title='bbox 410 3486 502 3566; x_wconf 91' lang='lat' dir='ltr'>plane</span> <span class='ocrx_word' id='word_1_256' title='bbox 532 3486 564 3545; x_wconf 94' lang='lat' dir='ltr'>in</span> <span class='ocrx_word' id='word_1_257' title='bbox 592 3484 705 3548; x_wconf 90' lang='lat' dir='ltr'>bestias</span> <span class='ocrx_word' id='word_1_258' title='bbox 732 3484 930 3566; x_wconf 80' lang='lat' dir='ltr'>degenerent,</span> <span class='ocrx_word' id='word_1_259' title='bbox 975 3482 1122 3559; x_wconf 78' lang='lat' dir='ltr'>Quantum</span> 
     </span>
    </p>
   </div>
   <div class='ocr_carea' id='block_1_4' title="bbox 211 3660 291 3669">
    <p class='ocr_par' dir='ltr' id='par_1_5' title="bbox 211 3660 291 3669">
     <span class='ocr_line' id='line_1_41' title="bbox 211 3660 291 3669; baseline -0.025 -1"><span class='ocrx_word' id='word_1_260' title='bbox 211 3660 291 3669; x_wconf 70' lang='grc' dir='ltr'>-ι-.</span> 
     </span>
    </p>
   </div>
   <div class='ocr_carea' id='block_1_5' title="bbox 282 3754 767 3829">
    <p class='ocr_par' dir='ltr' id='par_1_6' title="bbox 282 3754 767 3829">
     <span class='ocr_line' id='line_1_42' title="bbox 282 3754 767 3829; baseline -0.01 -17"><span class='ocrx_word' id='word_1_261' title='bbox 282 3760 311 3829; x_wconf 86' lang='grc'>1)</span> <span class='ocrx_word' id='word_1_262' title='bbox 333 3759 364 3811; x_wconf 94' lang='lat' dir='ltr'>In</span> <span class='ocrx_word' id='word_1_263' title='bbox 384 3757 428 3813; x_wconf 89' lang='lat' dir='ltr'>ed.</span> <span class='ocrx_word' id='word_1_264' title='bbox 448 3758 517 3812; x_wconf 80' lang='lat' dir='ltr'>Ian:</span> <span class='ocrx_word' id='word_1_265' title='bbox 538 3754 767 3825; x_wconf 85' lang='lat' dir='ltr'>dispensationes.</span> 
     </span>
    </p>
   </div>
   <div class='ocr_carea' id='block_1_6' title="bbox 0 0 1178 4162">
    <p class='ocr_par' dir='ltr' id='par_1_7' title="bbox 0 0 1178 4162">
     <span class='ocr_line' id='line_1_43' title="bbox 0 0 1178 4162; baseline 0 0"><span class='ocrx_word' id='word_1_266' title='bbox 0 0 1178 4162; x_wconf 95' lang='lat' dir='ltr'> </span> 
     </span>
    </p>
   </div>
  </div>
 </body>
</html>
