2348 4162
332 251 369 309 ad
387 251 422 309 D.
441 253 585 310 ttraarnun
602 254 828 311 Rotaromun.
979 253 1041 320 291

123 430 226 493 quam,
248 413 307 474 uiui
329 413 430 477 denuo
452 422 575 477 renatus
598 416 697 480 tuerit.
741 415 827 478 Sciat
847 418 951 497 itaque
964 416 1048 478 Obri-

122 498 256 574 atinum,
290 497 456 579 Origenem
480 507 510 560 et
530 499 752 580 Hieronymum
775 518 844 559 cum
868 502 930 561 auia
954 501 1049 561 omui·

123 578 178 641 buo
200 580 379 660 perniciose
401 601 512 662 ornare,
534 582 586 642 ubi
602 591 850 663 negantcar'uem
874 602 930 663 pro
951 583 1047 663 impio

124 662 236 724 affectu
257 665 356 745 accipi
390 666 421 725 in
452 666 519 726 iotis
542 666 628 726 locis.
671 665 749 725 Nam
773 673 803 726 et
824 664 899 725 illud
926 671 952 728 1.
976 666 1049 727 Gor·

123 746 197 807 intb.
210 744 243 826 ι)
264 748 302 811 3:
321 748 431 808 Adbuc
453 749 591 809 carnales
615 751 699 826 eolis,
721 747 760 808 ad
781 749 968 829 impietatem
983 768 1048 829 per·

124 829 209 890 tinet.
253 829 327 890 Vult
360 833 440 892 enim
464 831 574 892 Pauluo
614 832 715 892 adhuc
751 832 863 912 impios
893 833 972 892 inter
993 850 1048 893 eoa

124 931 203 989 eoae,
225 917 289 973 tum
311 914 390 995 pios,
415 921 564 994 quatenus
588 917 710 995 sapiunt
733 915 886 994 carnalia,
910 916 1047 976 carnales

124 1013 203 1071 aare,
226 995 299 1056 licet
320 999 427 1076 spiritu
448 999 509 1058 siut
528 997 694 1061 iustificati.

205 1077 341 1158 Summa,
364 1079 394 1141 id
417 1080 648 1159 observabisin
670 1079 852 1160 scripturis,
874 1080 1048 1160 ubicunque

124 1159 163 1223 dc
185 1179 278 1222 carne
298 1164 398 1242 agitur
420 1158 475 1243 p'cr
496 1165 659 1225 antithesin
689 1163 727 1222 ad
750 1165 899 1241 spiritum,
922 1162 962 1225 ibi
985 1165 1048 1224 tere

123 1262 322 1324 percurram
355 1246 510 1326 intelligas
540 1248 643 1307 omnia
666 1247 819 1306 contraria
841 1247 981 1326 spiritus,
1016 1253 1049 1307 ut

123 1328 180 1388 ibi:
205 1327 285 1388 Caro
308 1328 508 1409 nonprodeot
522 1331 694 1409 quicquam.
738 1328 796 1389 Ubi
819 1348 892 1389 vero
906 1329 1047 1390 absolute

123 1416 285 1489 tractatur,
319 1411 361 1471 ibi
394 1412 601 1475 conditionem
631 1419 833 1490 naturamque
854 1412 1046 1492 corporalem

122 1492 296 1575 significare
318 1494 408 1574 scias,
432 1501 482 1555 ut:
505 1494 602 1555 Erunt
624 1493 727 1555 duoin
751 1513 842 1557 carne
864 1515 943 1572 una;
966 1495 1045 1556 Oaro

123 1595 193 1637 mea
214 1584 355 1637 vernent
376 1578 479 1657 cibus;
513 1577 646 1638 Verbum
676 1596 748 1637 caro
777 1577 889 1637 factum
914 1584 969 1638 eat.
1013 1578 1047 1638 ln

122 1658 169 1720 bia
192 1658 270 1720 looia
284 1661 408 1739 poteria,
432 1666 548 1721 mutato
561 1659 734 1735 Ebraismo‚
758 1679 869 1740 corpus
886 1679 941 1739 pro
956 1678 1046 1720 oame

123 1741 242 1818 dicere,
276 1741 397 1804 Ebraea
432 1746 513 1805 enirn
547 1743 653 1824 lingua
689 1762 750 1803 uno
773 1743 924 1803 vocabulo
947 1745 1046 1804 carnia

122 1823 286 1906 significat,
310 1826 392 1906 quod
415 1846 472 1888 nos
494 1826 614 1888 duobus
637 1845 728 1887 came
750 1834 781 1885 et
802 1844 932 1906 corpore
954 1827 1045 1906 signi·
1161 1852 1166 1865 ¹

121 1908 259 1972 ficamus.
303 1908 342 1970 Et
365 1910 473 1971 vellem
508 1912 552 1970 oio
577 1910 671 1970 fuisse
694 1910 872 1969 translatum
896 1909 1045 1969 distinctis

120 1991 280 2054 vocabulis
313 1999 409 2053 totum
443 1992 555 2073 ubique
577 1992 751 2074 Scripturae
784 1992 952 2056 Cononem.
996 1991 1046 2053 Sic

121 2074 255 2138 arbitror
275 2076 363 2136 locun
387 2095 472 2137 mene
496 2097 534 2136 ex
557 2075 654 2138 (lene.
678 2080 706 2140 6.
730 2074 831 2135 adhuc
851 2075 969 2136 fortiter
985 2082 1044 2139 sta·
1111 2114 1117 2119 -

120 2157 164 2220 bit
187 2157 334 2219 advorsus
357 2159 482 2220 liberum
507 2158 681 2239 arbitrium,
716 2158 839 2238 quando
875 2178 947 2219 caro
976 2178 1045 2219 eoae

121 2241 286 2322 probatur,
319 2261 410 2321 quam
432 2242 543 2302 Paulus
567 2243 655 2306 Rom.
678 2243 707 2306 8.
744 2243 830 2316 dicit,
866 2261 924 2302 nec
953 2262 1045 2322 pocae

121 2324 189 2385 Deo
212 2323 330 2403 subiici,
352 2331 385 2385 ut
407 2325 578 2386 videbimus
602 2344 640 2385 eo
658 2324 745 2403 loco,
768 2330 801 2385 et
821 2325 952 2404 ipsamet
984 2324 1044 2385 dia-

121 2405 199 2470 triba
220 2406 304 2483 dicit,
326 2408 399 2468 nihil
421 2407 495 2469 boni
518 2408 597 2470 velle
619 2427 721 2488 posse,

207 2488 331 2571 Alter2)
354 2491 441 2552 looue
464 2503 510 2552 eat
531 2490 625 2554 Gene.
649 2491 684 2554 8:
707 2489 822 2551 Sensus
845 2496 875 2549 et
897 2491 1044 2569 cogitatio

123 2572 226 2635 cordio
248 2572 373 2634 humani
395 2593 492 2655 prona
514 2573 643 2634 suntad
667 2573 778 2633 malum
801 2570 840 2632 ab
863 2572 1044 2634 adolescen-

121 2655 164 2716 tia
186 2675 261 2734 eua3
282 2664 314 2717 et
335 2657 409 2738 Gap.
432 2661 464 2723 6:
488 2657 605 2719 Cuncta
627 2657 773 2736 cogitatio
797 2655 898 2716 cordis
922 2656 1044 2718 humaui

122 2739 241 2800 intenta
263 2747 310 2799 eat
332 2739 371 2801 ad
394 2741 506 2803 malum
531 2742 614 2801 omui
636 2748 784 2819 tempore.
827 2738 1044 2799 Hunosicelu-

122 2821 183 2883 dit:
220 2822 401 2883 Proclivitas
431 2824 470 2884 ad
503 2824 632 2904 malum,
669 2842 748 2903 quae
771 2830 817 2882 eat
837 2824 867 2881 in
892 2822 1045 2902 plerisque

121 2904 307 2986 bominibus,-
330 2926 391 2967 non
415 2907 520 2967 adimit
540 2908 570 2966 in
594 2914 691 2967 totum
714 2906 886 2966 libertatem
920 2904 1044 2968 arbitrii.

206 2986 268 3050 S'ed
291 2987 432 3068 obsecro,
454 2989 627 3069 loquiturne
651 2990 733 3049 Deus
757 2989 794 3049 de
817 2989 970 3068 plerisque
993 2989 1045 3048 lro·

123 3071 272 3152 minibus,
308 3092 345 3133 ao
366 3092 428 3133 non
450 3075 553 3153 potius
575 3072 614 3132 de
636 3072 794 3154 omnibus,
829 3071 951 3152 quando
969 3082 1046 3213 lm

123 3153 282 3234 diluvium,
306 3154 389 3216 velut
410 3158 583 3236 poenitens,
606 3157 756 3235 promittit
771 3156 893 3234 reliquis
918 3162 948 3215 et
983 3167 1045 3215 utu·

122 3239 163 3299 rio
186 3237 377 3317 hominibus,
406 3258 476 3299 oeae
507 3258 569 3300 non
597 3238 727 3317 amplius
755 3238 948 3297 inducturum
974 3238 1047 3298 dilu-

125 3322 206 3383 vium
229 3328 355 3403 propter
366 3323 531 3402 bominem,
553 3321 687 3382 subdens
700 3340 836 3389 caueam,
858 3321 939 3400 quod
953 3321 1046 3382 homo

124 3404 162 3464 ait
182 3424 299 3486 pronus
323 3405 361 3465 ad
385 3405 509 3484 malum,
532 3406 617 3485 quasi
642 3404 736 3463 dicat:
760 3402 791 3464 Si
815 3404 972 3464 hominum
987 3424 1047 3465 ma-

194 3693 227 3758 1)
249 3690 280 3745 ln
299 3690 343 3747 ab
363 3691 433 3748 1525
444 3696 472 3745 et
491 3693 575 3749 1526:
594 3691 662 3747 illud
682 3690 882 3747 Corinthiorum
903 3693 927 3748 3.
963 3688 996 3762 2⁸)
1016 3692 1047 3747 In

91 3832 94 3837 ,
125 3761 167 3818 ad.
187 3763 245 3818 Ian.
263 3761 308 3837 hic
329 3763 358 3816 in
377 3763 501 3832 margine
520 3763 636 3833 legitur:
654 3765 792 3820 Erasmus.

762 3835 837 3901 19*
