2348 4162
279 273 316 328 au
335 276 366 331 υ.
386 275 529 328 Erasmum
547 271 771 330 Rotarodamnm.
924 272 985 340 217

150 452 192 512 ut
212 453 264 515 hic
285 451 451 532 aliquando
474 452 596 514 tandem
620 455 666 515 sui
690 458 817 516 conatus
840 455 984 517 meminit.

32 598 35 603 .
65 538 206 600 innova
228 539 426 617 grammatica
449 535 594 600 Converti
625 538 705 616 apud
728 538 811 598 iilam
834 538 987 620 significat

65 621 102 699 iri,
125 621 209 701 quod
234 621 349 690 conari,
371 628 404 681 nt
426 623 466 680 sit
487 641 605 697 sensus,
629 623 848 683 convertimini
865 622 903 682 ad
926 643 985 694 me,

63 704 91 765 id
115 711 177 782 est,
200 705 354 765 conamini
378 706 529 770 converti.
555 711 585 765 ct
607 711 769 766 convertar
792 705 828 766 ad
853 726 924 781 vos,
953 705 984 765 id

64 793 125 866 ast,
165 787 305 849 conabor
326 790 464 848 converti
487 788 525 848 ad
549 808 621 868 vos,
657 794 690 848 nt
712 789 804 849 etiam
827 789 893 849 Deo
930 788 984 848 aii·

63 871 189 951 quando
214 877 357 931 conatum
379 872 501 947 tribuat,
524 871 603 932 forte
626 878 657 931 et
677 873 735 952 ipsi
758 873 885 951 gratiam
900 891 986 950 para·

63 959 128 1016 tura
153 955 295 1030 conanti3
318 956 344 1014 si
366 955 445 1014 enirn
470 957 606 1015 converti
631 955 808 1034 unoaiiquo
830 955 901 1016 loco
926 956 986 1036 sig·

62 1037 167 1098 niticat
190 1039 306 1110 conari,
329 1056 382 1098 our
405 1057 465 1099 non
489 1038 624 1116 ubique?

144 1121 261 1182 Rursus
290 1121 343 1180 ἰΙΙο
366 1121 440 1184 lere.
464 1124 517 1186 15:
541 1121 571 1182 Si
595 1123 785 1201 separaveris
818 1123 984 1202 pretiosum

61 1223 78 1264 a
100 1204 170 1272 viti,
192 1203 363 1264 libertatem
388 1203 531 1283 eligendi,
552 1224 615 1265 non
639 1205 738 1266 solum
752 1210 894 1266 conatum
917 1224 986 1284 pro·

61 1286 125 1347 bari
148 1286 233 1361 dicit,
256 1306 346 1364 quam
370 1289 508 1365 superius
532 1288 679 1348 docuerat
690 1308 757 1348 esse
775 1290 934 1360 amissam,
956 1294 987 1348 et

62 1389 182 1431 versam
215 1371 247 1429 in
269 1372 484 1432 necessitatem
518 1370 668 1432 serviendi
700 1377 840 1452 peccato.
891 1370 986 1432 Vides

61 1472 135 1532 ergo
179 1451 328 1513 diatriben
362 1473 434 1513 vere
465 1454 592 1515 liberum
622 1454 776 1515 arbitrium
809 1454 922 1514 babere
954 1455 984 1514 in

62 1535 227 1616 Scripturis
249 1537 426 1615 tractandis,
449 1543 482 1597 ut
505 1538 585 1616 apud
608 1538 692 1598 illam
710 1537 846 1597 eiusdem
870 1537 986 1597 formae

61 1618 156 1680 verba
178 1619 209 1678 in
232 1638 294 1680 uno
317 1620 386 1681 ioco
411 1627 563 1691 conatum,
587 1622 617 1679 in
641 1621 701 1681 alio
724 1620 894 1681 libertatern
917 1639 986 1700 pro·

59 1700 133 1763 bare
156 1708 317 1781 cogantur,
338 1710 428 1781 prout
449 1705 547 1764 visum
570 1704 666 1766 tuerit.

144 1783 205 1846 sed
238 1792 311 1847 eant
336 1787 499 1848 vanitates.
542 1786 676 1847 Verbum
705 1785 902 1847 convertendi
935 1785 986 1845 du·

62 1868 135 1945 plici
160 1887 219 1927 usn
241 1869 272 1927 in
295 1867 458 1948 Scriptnris
487 1876 646 1948 tractatur,
668 1889 725 1930 usu
747 1868 854 1948 legali,
877 1875 907 1928 et
930 1888 986 1929 usu
1064 1888 1071 1897 ⁵

60 1950 262 2031 Euangeliou.
305 1951 369 2012 Usu
391 1951 482 2032 iegati
506 1960 552 2013 est
573 1972 637 2013 vox
660 1953 814 2013 exactoris
837 1957 867 2012 et
892 1953 986 2029 impa-

60 2035 172 2110 rantis,
197 2052 275 2112 quae
297 2054 360 2095 non
384 2041 544 2114 conatum,
567 2036 620 2096 sed
645 2037 736 2097 totius
758 2035 840 2096 vitae
863 2035 988 2112 requirit

59 2117 279 2191 mutationem,
308 2123 342 2178 ut
361 2115 495 2179 Ieremia
516 2117 625 2183 crebro
647 2120 741 2180 utitur
762 2117 883 2179 dicens:
907 2119 985 2178 Gon·

59 2199 214 2260 vertimini
244 2203 454 2279 unusquisque
476 2222 495 2262 a
515 2204 565 2262 via
588 2222 643 2262 sua
678 2202 774 2274 maia,
799 2201 984 2262 Convertere

59 2282 97 2344 ad
120 2283 299 2347 Dominum.
342 2283 387 2344 Ibi
416 2287 495 2344 enim
531 2286 661 2346 invoivit
695 2285 889 2344 exactionem
919 2303 984 2345 om-

59 2366 142 2426 nium
165 2371 411 2447 praeceptorum,
434 2374 467 2428 ut
489 2369 563 2428 satis
586 2372 679 2447 patet.
709 2367 772 2428 Usu
794 2366 983 2446 Evangelioo

60 2454 106 2509 est
128 2467 195 2509 vox
217 2450 439 2512 consolationis
463 2457 493 2511 et
512 2451 726 2530 promissionis
750 2449 889 2524 divinae,
925 2468 984 2526 qna

59 2531 175 2592 sibila
195 2532 286 2593 nobis
310 2531 451 2614 exigitur,
475 2534 527 2594 sed
551 2533 641 2595 nobis
663 2532 789 2595 offertur
803 2532 901 2611 gratia
915 2530 983 2593 Dei.

58 2613 98 2676 Ut
119 2619 169 2675 est
188 2615 263 2676 illud
287 2617 366 2680 Psal.
390 2613 492 2694 141tz
528 2617 606 2677 Cum
629 2615 813 2678 converterit
834 2614 982 2674 Dominus

59 2698 268 2777 captivitatem
280 2700 366 2776 Zion,
390 2705 420 2760 et
433 2698 506 2760 illud
521 2703 580 2764 116
594 2698 636 2781 ¹).
661 2700 858 2776 Convertere,
881 2698 983 2757 anima

58 2799 137 2858 mea,
160 2781 191 2840 in
215 2784 351 2862 requiem
365 2788 458 2845 tuam.
501 2783 665 2843 Zacharias
687 2783 779 2863 igitur
801 2780 982 2840 brevissimo

58 2863 246 2943 compendio
268 2872 429 2943 utramque
451 2866 709 2946 praedicationem
722 2872 784 2926 tam
797 2865 874 2945 legis
890 2882 981 2942 quam

58 2947 177 3025 gratiae
200 2946 346 3025 absolvit,
382 2949 433 3009 lex
456 2955 522 3009 tota
545 2956 592 3010 est
613 2955 645 3010 et
666 2968 785 3009 summa
806 2947 899 3026 legis,
931 2945 981 3006 ubi

58 3029 148 3095 dicit:
172 3028 392 3092 Convertimini
425 3031 463 3091 od
495 3052 560 3110 me3
592 3033 689 3110 gratia
721 3037 783 3108 est,
816 3030 868 3091 ubi
894 3029 980 3093 dicit:

58 3111 229 3174 Convertor
250 3114 288 3174 ad
315 3134 383 3178 vos.
425 3111 491 3176 Iarn
516 3121 662 3194 qnantum
684 3114 831 3194 probatur
852 3111 981 3172 liberum

57 3194 213 3256 arbitrium
250 3199 369 3258 existo
405 3197 516 3275 verbo,
539 3198 619 3258 Ama
641 3198 820 3273 Dominum,
845 3203 897 3256 aut
919 3195 981 3256 ulio

57 3279 168 3357 quovis
190 3280 382 3358 particularis
404 3281 482 3359 legis
504 3280 609 3360 verbo,
633 3286 750 3342 tanturn
773 3276 921 3360 probatur
943 3297 982 3338 ex

56 3359 118 3422 boc
139 3363 305 3423 summario
328 3363 423 3426 verbo
447 3364 533 3444 legis,
557 3364 785 3425 Gonvertimini.
821 3361 980 3421 Prudentis

56 3443 148 3523 igitur
181 3444 306 3507 lectoris
342 3455 402 3527 est,
434 3448 465 3507 in
493 3446 655 3527 Scripturis
689 3447 869 3523 observare,
902 3462 981 3522 quae

57 3528 152 3590 verba
173 3526 269 3609 legis,
293 3547 372 3608 quae
394 3531 511 3611 gratiae
535 3535 620 3611 sunt,
643 3537 758 3590 utnon
783 3529 887 3589 omnia
909 3546 980 3587 con·

128 3793 159 3864 1)
180 3792 213 3849 In
233 3793 276 3849 ad.
296 3794 365 3853 1525
384 3801 413 3851 at
431 3797 516 3855 1526:
536 3797 635 3853 Psalm.
655 3801 699 3854 13.
718 3828 751 3841 -
771 3802 799 3857 at
816 3797 882 3853 illud
902 3799 946 3856 22.
