2348 4162
124 224 166 292 32
416 224 576 297 Exemplum
594 223 754 298 theologiae

13 414 16 421 ·
127 398 277 460 Christum
301 398 394 459 fnisse
416 398 454 459 de
476 399 583 464 ordine
602 394 806 464 MinorumS.
824 399 988 464 Fraueisei.
1010 398 1050 458 Et

126 483 237 569 probat
260 483 319 543 sio:
343 481 478 542 Christus
505 492 554 559 (ut
577 486 648 545 est
641 504 671 543 rn
688 491 772 543 textu
781 485 879 558 tfeeit
893 482 1049 564 flagellum

125 585 166 626 ex
188 565 345 647 funiculis,
375 565 406 625 id
434 573 494 639 est,
527 576 566 626 ex
596 567 718 647 cingulo
742 566 864 628 Ordinis
887 566 1049 645 Minornm,

125 650 196 728 quia
230 668 291 710 non
321 655 450 745 apparet
478 614 564 729 dlias,
598 653 680 710 unde
711 660 772 710 tam
806 652 867 712 eito
900 650 1051 731 potuisset

124 732 305 794 funiculos
297 734 443 795 mvenire.

207 815 267 877 Sed
290 815 523 876 Praedicatores
552 823 681 895 possent
715 836 783 876 enm
817 817 874 877 sibi
905 833 1050 895 arrogare

78 956 83 965 .
125 905 156 960 et
183 899 300 959 dicere:
339 898 475 959 Christus
509 906 574 959 tota
601 901 663 960 vite
684 901 888 981 praedicavit,
921 898 976 960 sed
1000 900 1050 978 qni

123 982 237 1064 praedi
232 990 281 1043 ont
307 989 353 1042 est
375 981 579 1063 praedicator,
602 983 797 1064 praedicator
818 988 919 1043 autem
943 988 991 1042 est
1013 980 1051 1042 de

125 1066 233 1127 ordine
256 1064 513 1129 Praedicatnrum

211 1149 358 1209 Canonioi
374 1148 542 1229 Regulares
558 1167 619 1210 non
642 1157 772 1230 possunt
793 1169 862 1210 eum
875 1168 931 1209 suo
944 1147 1050 1210 Ordini

124 1251 286 1312 arrogare,
326 1233 397 1312 quia
426 1234 484 1312 ipsi
517 1242 667 1313 generant
697 1234 810 1294 multos
842 1251 973 1313 pueros,
1010 1250 1050 1293 ex

124 1314 232 1375 alienis
267 1315 463 1394 mulieribus,
503 1316 557 1376 sed
586 1316 722 1376 Christus
755 1317 810 1376 fuit
838 1315 983 1394 coelebs,
1021 1321 1051 1374 et

127 1398 202 1458 nihil
224 1398 339 1478 genuit.

207 1481 254 1540 Ex
276 1481 397 1578 Lyranq
420 1483 555 1561 sequitur
577 1482 637 1543 alie
659 1483 816 1563 quaestio,
850 1502 888 1543 an
912 1481 1050 1542 Christus

125 1563 216 1624 etiam
239 1567 430 1646 peoeaverit,
461 1564 583 1644 quando
606 1565 760 1645 oingulnm
784 1565 905 1626 Ordinis
939 1564 1052 1644 dirupit

116 1649 191 1710 'et'
183 1668 214 1707 rn
242 1647 397 1745 flagellum
428 1649 636 1710 eommutavit.
616 1648 806 1709 tVidetur
834 1652 915 1711 enim
945 1649 1050 1711 Ordini

124 1736 186 1792 tam
220 1738 327 1792 saneto
356 1732 495 1792 iniuriam
526 1732 651 1811 fecisse,
683 1731 764 1810 quod
787 1732 914 1793 formam
938 1734 1052 1813 cinguli

100 1810 252 1876 ‘mutavit
276 1822 306 1875 et
328 1815 540 1892 inhonoravit,
573 1815 645 1875 dum
668 1833 708 1876 ex
729 1817 896 1877 sacerrimo
926 1817 1050 1897 oingulo

125 1895 257 2040 Ordiqqs·
278 1897 350 1958 feeit
372 1897 509 1958 deforme
530 1860 702 1978 hagellum,
738 1901 824 1979 quasi
852 1901 976 1961 tortoris
998 1906 1053 1960 aut

124 1999 206 2042 earnr
232 1999 285 2043 ors.
358 2013 361 2018 ·

205 2063 264 2124 Hie
287 2069 389 2160 potest
406 2063 585 2228 requonderi
605 2083 661 2145 por
682 2065 833 2146 ipsosmet
849 2067 992 2147 egregios
1010 2084 1050 2127 eo

493 2165 584 2208 ome
613 2166 674 2209 non
706 2150 875 2211 intromitto
908 2149 947 2210 de
982 2150 1050 2210 istis

123 2230 225 2290 arduis
258 2238 288 2291 et
320 2167 491 2311 profundis
504 2230 736 2310 subtilitatibus,
770 2251 809 2293 ex
830 2233 960 2293 invioem
983 2233 1052 2294 sine

123 2312 185 2374 fine
207 2325 335 2374 naseent
324 2314 413 2376 tibus.

207 2396 363 2476 Sequitur,
401 2397 555 2477 spernens
586 2397 747 2477 mundum;
784 2417 841 2458 neo
870 2399 930 2461 hoe
965 2400 1051 2479 eatis,

125 2481 217 2542 etiam
257 2499 379 2541 omnem
420 2486 559 2541 ornatum
602 2481 699 2541 seculi
728 2489 796 2547 eto
843 2482 922 2559 Quia
962 2501 1050 2543 mnn-

124 2562 196 2624 dum
220 2583 365 2645 spernere
387 2582 449 2624 non
472 2561 593 2643 suffieit,
617 2565 672 2624 nisi
701 2571 732 2624 et
761 2583 882 2626 omnem
907 2573 1049 2627 ornatum

125 2648 222 2708 seeuli
244 2648 424 2728 spreverint.
469 2609 595 2726 Copiosi
624 2656 654 2708 et
684 2649 765 2708 nenti
799 2651 873 2709 satis
900 2649 1051 2730 theologi,

124 2732 176 2810 qui
198 2739 406 2812 contemptum
424 2729 529 2789 mundi
548 2729 629 2789 aliud
642 2730 766 2809 fneiunt,
789 2750 880 2811 quem
893 2737 1051 2813 contemp-

123 2820 188 2874 tum
222 2823 347 2875 ornatus
382 2813 539 2873 secularis.
592 2802 696 2874 Habes
734 2815 825 2894 igitur
859 2816 909 2876 hio
940 2816 1050 2877 iterum

123 2147 292 2228 profundos
315 2148 410 2206 viros:

25 2960 34 2975 ‚
123 2897 215 2957 alium
239 2896 398 2958 articulum
422 2896 579 2958 doetrinae
600 2897 787 2993 papistioae,
810 2899 942 2995 seilicet,
965 2899 1051 2979 quod

124 2979 268 3040 mundum
292 2999 438 3061 spernere
461 2980 499 3040 sit
520 2978 655 3059 fugere
646 3000 677 3040 m
701 2983 901 3065 monasteria,
932 2989 962 3043 et
984 2999 1051 3044 eor·

123 3082 200 3144 pore
222 3064 324 3125 looum
350 3071 477 3126 mutare
518 3061 598 3124 Nam
628 3062 709 3124 hane
730 3030 907 3145 opinionem
930 3064 1051 3146 planta·

124 3155 233 3207 verunt
253 3167 308 3227 per
325 3152 420 3208 totam
433 3146 605 3229 eeclesiam,
629 3147 710 3226 quod
732 3167 881 3229 spernere
903 3149 1051 3210 mundum

124 3229 214 3292 sitin
238 3231 456 3292 monasterium
479 3249 548 3291 sese
570 3230 757 3312 abstrudere,
780 3240 811 3293 et
832 3231 980 3292 creditum
1003 3240 1052 3293 est

123 3312 199 3395 iltis,
238 3319 269 3374 et
295 3333 333 3375 eo
365 3313 434 3374 loeo
463 3315 556 3375 totius
589 3315 670 3375 orbis
702 3334 777 3396 opes
812 3322 1050 3396 occupaverunt.

123 3362 288 3477 Episcopi,
326 3404 486 3477 pastores,
521 3404 552 3458 et
573 3404 725 3477 quotquot
752 3408 861 3479 regunt
890 3398 1052 3479 eeclesias,

124 3498 187 3540 non
209 3489 357 3561 spernunt
378 3481 534 3562 mundum,
556 3481 609 3542 sed
632 3488 782 3544 vocantur
804 3482 980 3544 saoerdotes
1003 3500 1051 3544 se·

123 3564 252 3628 oulares.

207 3646 269 3711 Sed
299 3668 400 3729 neque
434 3648 533 3730 ligna,
567 3667 667 3730 neque
700 3648 835 3730 lapides,
867 3649 988 3711 etiamsi
1019 3650 1051 3711 in

124 3733 310 3794 monasteria
332 3741 491 3817 portentur
519 3741 549 3795 et
570 3742 718 3817 perpetuo
748 3742 893 3798 maneant
914 3737 944 3798 in
967 3735 1054 3797 aedi·
