2348 4162
375 252 465 308 amico
483 251 593 307 cuidam
611 252 810 333 praescriptae.
985 246 1049 315 425
1162 274 1166 287 ·

124 429 210 507 petit,
233 426 286 487 sed
310 423 382 512 quid
411 431 440 487 et
463 428 553 506 quale
584 430 624 489 sit
656 427 828 489 babendum
841 474 857 499 ,,
881 428 1049 489 necessitas

123 512 175 573 bic
211 509 382 590 spectanda
404 518 468 589 est,
501 530 562 571 non
591 511 733 592 dignitas.
782 512 855 573 ldeo
890 512 941 573 hic
961 511 1051 572 labor
1153 554 1157 561 -

125 600 174 656 est
195 599 303 655 contra
335 594 499 673 nosipsos
533 601 564 654 et
592 594 702 675 legem.
759 593 839 670 Quia
871 595 1050 655 naturaliter
1085 602 1088 607 '

124 697 230 739 sumus
251 676 355 757 pavidi
377 676 416 737 ob
440 682 575 738 nostram
598 678 830 758 indignitatem,
859 680 933 739 vitio
957 678 1049 757 origi-

125 761 206 822 nalis
229 761 359 842 peccati,
382 762 515 823 accessit
536 761 595 842 lex,
620 756 698 841 quae
721 770 813 842 auget
839 761 920 822 banc
942 760 1049 821 timidi-

125 850 236 925 tatem,
271 844 470 904 accusatione
500 845 638 924 peccati,
672 850 703 905 et
730 850 846 905 terrore
867 845 968 905 iudicii
992 844 1049 904 Dei

124 935 184 990 etc.
206 924 282 988 Ideo
305 933 366 987 tam
391 932 497 987 contra
514 934 674 1007 peccatum
697 947 786 1007 quam
812 935 918 990 contra
947 928 1047 1010 legem

124 1008 301 1071 audendum
326 1015 356 1071 et
378 1008 534 1070 fidendum
565 1017 612 1072 est
633 1011 778 1093 exemplo
800 1012 931 1073 istorum·
950 1011 1049 1091 lepro-

125 1112 241 1174 sorum,
264 1093 378 1174 alioqui
402 1112 556 1172 nunquam
586 1093 739 1155 discemus
762 1115 863 1174 neque
883 1093 978 1154 fidere
996 1114 1049 1155 ue·

125 1196 185 1258 que
214 1182 329 1257 petere.
384 1175 474 1259 Quod
507 1179 587 1237 enim
620 1178 737 1258 indigni
773 1197 835 1239 non
872 1179 1054 1259 accipimus·
1157 1258 1160 1263 Ι

126 1259 212 1341 digni
235 1278 391 1339 nunquam
414 1260 610 1340 accipiemus.
727 1338 729 1343 Ι

209 1375 382 1437 Secundum
417 1379 465 1439 est
486 1378 619 1456 gratiae,
652 1397 724 1439 uam
759 1378 809 1438 bic
843 1379 992 1439 allicimur
1020 1383 1051 1439 et

126 1459 340 1537 consolamur,
373 1479 464 1540 quam
487 1459 585 1520 facilis
617 1461 656 1520 sit
678 1467 708 1521 et
729 1468 888 1541 promptus
913 1462 1049 1523 Christus

124 1543 164 1604 ad
186 1541 364 1622 iuvandum,
389 1542 530 1603 omnibus
553 1542 717 1605 fidentibus
739 1544 975 1624 petentibusque
997 1564 1051 1605 ex·

125 1626 247 1708 positus
270 1632 331 1686 tam
355 1625 484 1706 prodige
507 1632 538 1687 et
559 1626 666 1699 effuse,
687 1632 720 1688 ut
743 1647 816 1688 mox
838 1628 910 1687 visis
932 1629 1006 1706 ipsis
1020 1632 1050 1688 et

124 1709 236 1771 auditis
270 1708 365 1770 donet
398 1708 468 1789 quid
497 1709 602 1773 velint.
645 1709 743 1786 Quem
782 1730 844 1772 uon
873 1718 997 1771 moveat
1019 1718 1049 1770 et

124 1792 244 1853 alliciat
265 1799 327 1852 tam
350 1797 491 1873 prompte
528 1791 665 1854 exhibita
687 1793 807 1873 gratia?
840 1793 943 1873 ,Igitur
965 1794 1049 1874 cogi·
1077 1870 1080 1875 ι

123 1874 235 1937 undas
257 1881 288 1935 et
309 1874 524 1955 imaginandus
548 1872 688 1937 Christus
716 1895 778 1937 uon
812 1883 977 1957 tyrannus,
1009 1875 1047 1936 ad

123 1978 214 2038 quem
238 1977 294 2038 per
315 1957 496 2019 Sanctorum
520 1961 628 2019 merita
657 1960 696 2019 sit
717 1958 942 2033 accedendum,
967 1958 1050 2037 ¹sicut

123 2042 252 2103 fecimus
266 2041 349 2119 olim,
370 2040 424 2101 sed
446 2061 500 2121 per
523 2061 592 2103 sese
614 2044 774 2122 quisquam
798 2042 936 2115 accedat,
958 2050 989 2103 et
1006 2044 1048 2102 in·
1154 2066 1157 2071 ·

124 2125 229 2186 veniet
250 2123 332 2203 quod
369 2125 453 2203 petit.
496 2125 573 2185 Nam
602 2127 670 2206 ipse
693 2132 741 2186 est
761 2126 888 2188 thronus
910 2126 961 2186 ille
984 2146 1048 2205 gra·

125 2208 203 2285 tiae,
237 2210 270 2268 ut
291 2206 329 2268 ad
352 2206 490 2269 Ebraeos
513 2207 636 2287 dicitur,
670 2208 708 2270 cd
731 2228 912 2288 quem.oum
937 2209 1050 2270 fiducia

124 2288 336 2351 accedendum
358 2298 406 2351 est
427 2297 458 2350 et
478 2310 540 2351 non
563 2291 774 2371 differendum,
797 2293 896 2353 donec
911 2293 1049 2352 videatur

124 2372 217 2435 nobis
240 2372 375 2453 dignum.
419 2372 449 2433 Si
475 2373 638 2434 enim'est
660 2376 776 2453 gratia,
809 2394 883 2454 ergo
918 2394 979 2435 non
1010 2395 1050 2435 ex

124 2455 286 2537 operibus,
323 2457 349 2516 si
383 2476 424 2518 ex
452 2457 611 2537 operibus,
644 2476 718 2538 ergo
741 2477 803 2518 non
826 2477 866 2517 ex
886 2459 994 2537 gratia,
1018 2462 1050 2517 ut

124 2539 238 2601 Paulus
260 2538 372 2619 ubique
394 2540 524 2620 gratiam
547 2538 676 2603 extollit.
1131 2540 1134 2545 ’

164 2738 167 2745 ,
207 2674 342 2735 Tertium
377 2673 551 2752 exemplum
575 2672 783 2754 gratitudinis,
807 2691 867 2751 quo
892 2673 1049 2751 docemur,

123 2777 163 2818 ne
186 2775 245 2818 nos
267 2756 368 2817 turbet
388 2757 551 2818 multitudo
572 2759 777 2837 ingratorum,
811 2764 873 2817 tam
897 2776 969 2836 erga
991 2776 1048 2816 nos

125 2859 217 2921 quam
240 2859 315 2923 erga
336 2841 445 2901 Deum.
488 2838 566 2900 Nam
581 2841 704 2919 oportet
725 2838 855 2916 siciieri,
880 2840 963 2900 Deus
978 2858 1048 2900 con·

124 2924 269 3004 temnitur
290 2921 330 2983 in'
344 2923 439 2984 verbo
462 2929 493 2984 et
515 2923 665 2984 beneficio
690 2942 756 3002 suc,
780 2923 851 3003 quid
876 2925 1001 2998 mimm,
1024 2924 1048 2982 si

122 3008 182 3068 nos
204 3013 437 3066 contemnamur
459 3013 489 3066 et
512 3007 648 3085 ingratos
671 3006 858 3067 sentiamus?
892 3005 1048 3066 Parandus

123 3107 199 3170 ergo
223 3095 270 3150 est
286 3089 417 3169 animus,
440 3090 465 3148 si
486 3091 565 3149 inter
586 3090 726 3149 homines
748 3088 911 3149 vivendum
935 3096 994 3164 est,
1016 3096 1049 3149 ut

122 3178 209 3233 certo
231 3172 285 3233 tibi
308 3173 375 3252 ipse
396 3172 572 3253 prophetes,
597 3183 648 3232 tua
670 3171 819 3233 beneficia
842 3191 910 3232 esse
929 3172 1048 3252 perdita
1139 3204 1142 3209 ·

123 3262 155 3317 et
176 3252 336 3336 perdenda
370 3257 451 3335 apud
475 3256 623 3334 plurimos
647 3260 677 3315 et
699 3256 878 3315 miraculum
902 3274 988 3329 esse,
1023 3256 1047 3314 si

145 3356 241 3399 aucos
268 3340 407 3398 invenias
445 3346 560 3417 gratos.
603 3337 680 3398 Nam
705 3338 842 3399 Christus
863 3337 913 3397 hic
935 3357 1047 3398 novem

121 3358 277 3483 beneficia
295 3421 395 3502 perdit
422 3427 453 3480 et
483 3421 582 3481 solum
607 3421 757 3481 decimum
780 3426 899 3500 gratum
922 3421 1047 3484 invenit.

122 3503 181 3565 Hic
203 3523 265 3565 non
288 3503 466 3582 considera,
496 3503 568 3583 quid
590 3505 688 3565 meriti
717 3505 777 3564 sint
807 3504 916 3563 summi
939 3504 993 3563 viri
1015 3504 1047 3562 in

122 3587 289 3669 gentilibus
309 3594 354 3648 et
383 3588 477 3648 sacris
512 3587 654 3651 historiis.
700 3586 778 3664 Quid
802 3587 904 3647 Moses
939 3586 1048 3646 meruit

121 3677 171 3732 tot
192 3671 299 3751 signis,
322 3669 490 3744 laboribus,
513 3670 654 3751 perieulis
680 3690 734 3751 pro
749 3669 864 3750 populo
889 3689 957 3729 eum
981 3670 1047 3729 sine

121 3752 185 3814 flue
207 3760 318 3833 postea
340 3753 494 3815 vexante?
538 3753 617 3828 Quid
641 3754 742 3815 David
765 3753 846 3835 apud
860 3752 993 3831 Saulem,
1016 3758 1047 3813 et
