2348 4162
350 266 379 317 et
397 258 541 317 doetrinae
559 258 726 330 papistteae.
958 255 999 324 35

78 433 181 495 adhue
203 435 420 514 exstinguunt,
448 433 510 494 imo
533 433 748 514 blasphemant
771 432 868 493 Deum
890 432 921 491 in
944 449 1007 492 om-

78 516 167 579 nibus
199 519 262 578 suis
286 516 429 597 operibus
459 525 490 577 et
518 517 628 579 verbis.
671 514 751 577 Nam
774 517 803 576 in
828 516 1006 595 magistratu

79 609 109 662 et
127 601 315 663 oeconomia
348 619 409 661 nou
442 599 616 661 concedunt
649 619 717 661 esse
745 599 858 660 oultum
882 604 934 658 aut
956 597 1007 659 ob·

79 686 219 765 sequium
244 684 317 760 Dei,
348 684 406 743 uisi
429 682 551 761 quando
575 685 753 743 intermissis
777 682 885 744 officiis
908 680 1006 760 publi-

79 770 121 828 ois
149 776 181 828 et
213 767 390 828 domesticis
431 767 469 825 ad
501 765 685 848 eeclesiasl)
707 766 802 837 ‚ibant
834 773 864 825 et
899 765 1006 824 Missas

80 849 266 929 audiebant,
303 856 335 909 et
357 850 422 909 sine
445 857 546 910 mente
579 850 709 911 orabant
730 848 859 909 Rosaria
890 853 921 907 et
948 849 1007 907 alia

77 934 270 1015 praescripta
290 932 349 991 illis
373 931 557 1011 allagistris
581 935 645 992 istis
659 933 847 1012 Nonnarum,
870 931 930 990 boo
951 938 1007 1007 eet,

79 1017 162 1097 quod
199 1016 249 1076 bio
270 1016 491 1077 sermocinator
521 1016 608 1096 dioit,
644 1016 786 1077 Nonnam
814 1013 1024 1075 aeternaliter⁴

79 1101 195 1161 servire
216 1099 297 1179 Deo,
319 1099 446 1174 seilicet,
468 1098 551 1177 quod
574 1100 666 1160 homo
685 1100 825 1180 politicus
843 1104 896 1158 aut
916 1115 1006 1158 oeoo-

80 1184 222 1243 nomious
255 1200 317 1241 non
342 1181 546 1241 aeternaliter
577 1202 631 1242 seu
660 1185 782 1242 assidue
804 1181 871 1242 Deo
893 1181 1008 1241 servire

80 1268 196 1348 possit,
220 1266 292 1343 quia
309 1271 476 1344 oooupatur
496 1264 603 1325 officiis
622 1266 797 1325 domesticis
822 1271 853 1326 et
867 1264 1006 1345 publiois,

81 1350 193 1429 quibus
215 1348 284 1408 Deo
307 1366 368 1407 non
393 1349 536 1428 servitur,
572 1348 626 1408 sed
655 1348 778 1408 diabolo
806 1368 860 1408 seu
882 1346 1007 1410 mundo.

163 1432 278 1493 Nonne
312 1450 386 1491 vero
422 1449 543 1509 semper
575 1433 650 1492 vivit
684 1430 768 1510 Deo,
812 1450 943 1511 eorpore
977 1436 1008 1490 et

80 1517 202 1593 anima,
238 1514 395 1598 nisilorte
422 1532 490 1572 oum
521 1514 633 1575 dormit
655 1523 707 1575 aut
728 1520 884 1594 aegrotat,
919 1513 1008 1593 quasi

82 1619 153 1659 vero
168 1597 301 1659 Nounae
323 1599 414 1657 etiam
438 1615 499 1656 non
522 1606 710 1678 occupentur
732 1598 840 1659 ollioiis
864 1596 1006 1656 domesti-

81 1684 140 1762 cis,
176 1679 357 1759 coquendo,
393 1678 542 1759 lavando,
578 1681 698 1760 nendo,
732 1682 824 1739 linum
852 1686 883 1740 et
905 1680 1006 1740 lanam

81 1764 258 1845 operando,
291 1769 322 1824 et
341 1762 434 1843 plane
456 1764 559 1823 omnia
592 1764 693 1825 olfloia
723 1763 881 1824 muliebria
902 1767 934 1824 et
955 1760 1008 1823 do·

82 1850 226 1927 mestioa,
254 1847 344 1906 etiam
368 1849 482 1925 magis,
514 1865 604 1925 quam
627 1847 689 1907 ulla
710 1867 798 1927 uxor,
822 1844 1006 1925 exomendo,

81 1951 142 1993 uno
166 1931 318 1990 duntaxat
339 1933 495 2009 exceptu,
524 1929 606 2008 quod
629 1950 691 1991 non
714 1933 834 2011 pariunt
857 1949 913 1991 neo
936 1929 1007 1989 viria

82 2012 313 2091 cohabitant2).
356 2014 398 2073 At
424 2012 495 2074 looo
524 2012 612 2073 huius
640 2015 757 2075 alienos
780 2032 891 2096 pueros
914 2013 1009 2092 alunt,

52 2158 55 2163 .
82 2098 226 2174 educant,
249 2094 319 2177 etl)
343 2095 477 2157 formant
499 2102 530 2157 et
550 2104 669 2178 regunt,
693 2099 783 2159 etiem
808 2099 924 2158 maiore
945 2101 1008 2157 stu·

82 2183 134 2243 dio
158 2188 189 2242 et
211 2198 293 2258 eura,
318 2196 407 2257 quam
432 2187 545 2239 matres
567 2180 682 2242 multae
704 2181 813 2245 solent.

164 2262 235 2339 Quo
264 2281 337 2342 ergo
367 2261 509 2322 differunt
530 2262 661 2325 Nonnae
689 2264 727 2325 ab
756 2263 916 2344 uxoribus,
950 2262 1007 2322 nisi

79 2350 147 2429 ipso
183 2343 350 2425 oouiugio?
395 2345 433 2405 Et
471 2352 572 2406 tamen
606 2344 739 2410 Nonnae
774 2349 910 2408 serviunt
941 2345 1008 2407 Deo

79 2449 212 2513 eorpore
233 2437 265 2490 et
285 2430 387 2489 anima
409 2429 618 2509 aeternaliter,
648 2449 761 2492 uxores
784 2432 921 2492 serviunt
941 2429 1008 2490 Deo

80 2533 254 2594 nunquam,
286 2514 344 2572 nisi
367 2520 454 2573 extra
484 2514 528 2572 sui
560 2521 655 2575 status
684 2513 795 2576 offioia.
840 2512 920 2589 Quid
950 2512 1011 2572 hoe

79 2605 126 2660 est
146 2596 248 2676 aliud,
278 2614 368 2675 quam
402 2597 506 2656 uxoris
529 2595 630 2658 olfloia
661 2616 717 2657 oeu
751 2595 904 2656 mundana
927 2594 1010 2654 dam·

80 2701 175 2757 nare,
207 2689 238 2742 et
260 2681 374 2760 Deum,
410 2680 495 2739 ouius
525 2680 603 2740 bae‘o
624 2687 695 2741 sunt
724 2679 827 2740 divina
850 2698 956 2759 opera,
977 2679 1009 2737 in

80 2784 136 2826 sua
159 2762 354 2824 ordinatione
378 2761 614 2843 blasphemare?
644 2783 722 2843 quae
745 2770 846 2823 tamen
870 2769 902 2823 et
921 2762 1010 2841 ipsae

81 2849 213 2910 Nonnae
234 2854 296 2907 tam
319 2853 443 2907 strenue
465 2842 627 2927 exercent,
657 2855 686 2908 et
708 2849 800 2908 toties
825 2846 936 2907 Paulus
959 2844 1011 2905 do-

83 2929 171 3014 oet4)
209 2950 246 2991 ea
274 2928 376 2991 ollioia
397 2928 521 3010 plaeere
544 2930 628 3011 Deo,
663 2940 693 2992 et
714 2931 870 2991 mulierem
894 2928 1012 2990 salvam

82 3014 145 3076 fleri
170 3033 226 3095 per
247 3011 379 3074 filiorum
401 3014 642 3094 generationem.
687 3013 796 3075 Ollinia
818 3018 920 3074 autern
942 3010 1010 3074 Deo
1106 3017 1109 3022 '

83 3099 223 3179 plaeere,
260 3096 332 3175 quid
355 3104 402 3156 est
424 3096 482 3157 nisi
513 3116 567 3175 per
599 3117 637 3158 ea
660 3098 726 3159 Deo
753 3098 858 3158 serviri
891 3103 923 3156 et
949 3094 1012 3156 rivi
1052 3166 1055 3171 ,

84 3180 282 3243 aeternaliter
305 3187 366 3240 tam
391 3198 522 3260 oorpore
544 3199 635 3259 quam
660 3180 788 3241 anima?

166 3264 226 3326 Sed
256 3264 316 3324 hoo
348 3282 411 3324 non
440 3263 572 3324 admittit
593 3264 783 3325 abominatio
817 3262 875 3323 ista
906 3278 1011 3321 mona·
1068 3249 1071 3254 ’
1115 3262 1119 3268 ’

85 3351 177 3429 stioa,
211 3367 251 3407 ne
273 3347 401 3426 gloriam
421 3346 542 3408 Ordinis
565 3350 610 3408 sui
634 3349 761 3409 amittat.
807 3342 886 3423 Quin
909 3345 1011 3425 potius

85 3432 175 3493 fidem
200 3431 312 3492 Christi
345 3429 529 3491 conculeant
559 3436 590 3491 et
618 3430 746 3512 dooent,
780 3429 923 3490 Nounam
947 3428 1013 3488 sine

92 3572 237 3580 --—--.—--
246 3571 372 3577 ...-..—.-..-.
387 3570 421 3576 -.-
431 3569 473 3576 ι...-

157 3586 186 3685 1t
207 3620 239 3674 In
258 3619 302 3675 ed.
322 3621 390 3674 len:
410 3617 446 3671 ad
467 3614 576 3684 templa.
613 3616 644 3675 2)
664 3611 750 3667 Ibida
778 3609 853 3681 quod
872 3607 938 3664 viris
958 3622 1014 3664 non

88 3690 247 3821 {pipplpptant
265 3708 317 3748 nso
330 3691 450 3761 pariunt.
470 3692 503 3756 3)
514 3686 585 3742 lbid.
603 3685 699 3741 deest:
717 3689 753 3740 et.
768 3685 799 3750 4)
812 3683 842 3737 ln
862 3680 906 3737 ed.
926 3681 1013 3751 σήμ

842 3822 889 3893 ga
