2348 4162
133 250 198 319 472
415 250 518 322 capita
535 245 601 308 fidei
620 248 790 307 christianas

519 423 568 487 Do
589 422 668 505 legs.

799 532 811 561 Ι

215 590 274 650 Hic
290 588 448 668 sentimus,
470 589 569 670 legem
587 608 656 650 essc
673 589 818 650 divinitus
830 589 938 664 latam,
960 588 1050 669 primo

134 680 167 733 ut
189 682 318 752 peccata
331 682 473 733 coerceat
485 676 575 733 minis
597 681 628 733 et
649 680 766 734 terrore
780 692 964 753 poenarum,
987 674 1052 732 iteur

133 757 339 837 promissione
352 763 383 816 et
395 758 634 817 annunciatione
646 758 763 836 gratiae
784 765 816 816 et
827 754 1052 817 beneficiorum.

134 839 195 901 Sed
222 840 300 899 haec
332 841 435 898 omnia
458 840 538 899 male
566 849 724 901 cesserunt
751 846 878 919 propter
899 839 1053 915 malitiam,

135 942 215 1002 quae
246 924 276 982 in
298 922 424 982 homine
446 922 539 982 elficit
571 931 741 1004 peccatum.
790 922 869 984 Hinc
892 925 976 982 euim
998 922 1053 1000 alii,

134 1008 184 1086 qui
207 1014 279 1065 sunt·
298 1006 413 1065 inimici
440 1005 537 1086 legis,
571 1006 737 1067 deteriores
766 1006 839 1066 facti
872 1013 947 1065 sunt
968 1024 1053 1085 prop·

134 1097 228 1167 terea,
251 1088 333 1168 quod
356 1087 419 1163 illa,
442 1107 521 1166 quae
542 1088 742 1168 prohibentur
762 1090 792 1149 in
815 1088 896 1168 lege,
931 1088 1054 1150 libenter

134 1172 264 1252 iaciunt,
298 1190 377 1250 quae
408 1179 509 1231 autern
540 1173 783 1252 praecipiuntur,
816 1172 938 1232 iaciunt
963 1173 1053 1234 inviti,

133 1254 209 1317 Ideo
232 1262 382 1333 quatenus
405 1273 466 1314 non
483 1253 691 1315 absterrentur
710 1256 829 1335 poenis,
853 1257 955 1333 magis
978 1272 1054 1315 nuuc

134 1339 226 1398 etiam
264 1337 443 1416 delinquunt
476 1348 583 1397 contra
617 1339 716 1418 legem
749 1357 840 1417 quam
874 1345 978 1403 antea.
1019 1338 1053 1399 lli

134 1427 205 1481 sunt
234 1421 374 1481 homines
404 1419 534 1480 effrenes
557 1426 589 1482 et
609 1421 737 1501 perditi,
769 1422 819 1500 qui
849 1421 932 1482 male
954 1428 1052 1501 agunt,

134 1505 377 1584 quotiescunque
399 1503 488 1563 datur
510 1507 734 1584 opportunitas.
768 1505 827 1564 Alii
851 1512 1053 1566 occaecantur

132 1595 165 1648 et
184 1587 383 1667 insolescunt,
406 1588 616 1647 existimantes
644 1606 677 1647 sc
699 1588 829 1668 propriis
861 1587 977 1649 viribus
998 1607 1053 1648 ser-

133 1690 206 1731 vare
229 1680 259 1730 et
281 1689 374 1750 posse
395 1689 518 1730 servare
542 1670 662 1750 legem,
697 1678 846 1751 utsupra
872 1670 1052 1733 dictumest

14 1752 18 1757 ’
133 1754 171 1814 de
194 1754 392 1814 Scholasticis
415 1752 578 1833 theologis.
621 1753 700 1814 Hinc
720 1756 855 1815 existunt
877 1752 1051 1835 hypocritas

132 1843 165 1898 et
186 1838 216 1897 in
238 1839 371 1916 speciem
395 1837 501 1897 sancti.

215 1921 413 2000 Praecipuum
447 1938 519 1979 vero
543 1919 676 1979 officium
707 1927 737 1979 et
758 1919 804 1978 vis
827 1918 906 1998 legis
929 1923 996 1999 cst,
1022 1923 1052 1977 ul

133 2013 294 2084 peccatum
312 2002 461 2084 originale
474 2021 542 2061 curn
557 2002 699 2062 omuibus
711 2004 773 2062 suis
785 2002 934 2064 fructibus
956 2010 1051 2062 osten·

132 2087 187 2146 dat
227 2094 258 2146 et
294 2086 448 2146 hominem
494 2085 620 2158 doceat,
657 2092 803 2165 quantum
851 2092 962 2147 natura
991 2085 1050 2146 eius

132 2169 341 2248 degenerarit,
371 2168 516 2247 quodque
538 2167 672 2228 lunditus
695 2176 837 2248 corrupta
859 2170 915 2249 sit,
943 2169 1050 2248 quippe

132 2253 179 2313 cui
211 2253 260 2312 lex
289 2251 386 2325 dicat,
422 2252 518 2311 Deum
548 2252 677 2331 abipso
701 2271 762 2311 nou
786 2252 869 2332 ccli,
899 2252 955 2312 sed
983 2269 1049 2311 con·

123 2338 234 2417 ‘letoni
258 2344 288 2395 et
309 2333 429 2395 adorari
453 2334 528 2394 deos
551 2334 688 2415 alienos,
720 2334 749 2394 id
771 2334 854 2413 quod
878 2342 971 2396 antea
990 2335 1050 2394 sinc

130 2419 270 2480 doctrina
297 2418 374 2497 legis
408 2437 469 2478 non
494 2416 674 2477 crediderat.
730 2417 776 2478 lta
808 2418 903 2479 homo
933 2417 1049 2480 territus

129 2503 313 2577 humiliatur,
337 2500 440 2560 abiicit
463 2502 608 2577 animum„
632 2500 784 2581 desperat,
809 2502 904 2561 anxie
927 2501 1049 2581 cupiens

130 2586 186 2645 sibi
209 2585 308 2646 afferri
331 2584 494 2662 auxilium,
528 2584 626 2643 nescit
649 2602 709 2661 quo
743 2602 777 2643 se
800 2592 916 2667 vertet,
949 2583 1050 2662 incipit

128 2669 195 2729 Deo
217 2669 349 2729 irasciet
373 2665 612 2729 obmurmurare.
649 2666 716 2726 Hoc
731 2668 872 2727 nimirum
899 2677 956 2743 est,
974 2663 1049 2747 quod

129 2751 236 2833 dicitur
259 2753 347 2813 Rom.
368 2752 401 2814 3:
435 2749 498 2810 Lex
535 2751 610 2809 iram
638 2759 799 2829 operetur,
834 2758 865 2811 ct
888 2751 980 2814 Rom.
1003 2752 1049 2814 15:

128 2835 192 2896 Lex
214 2834 407 2912 subintravit,
430 2841 462 2893 ut
483 2831 656 2893 abundaret
678 2832 832 2894 delictum.

459 2998 505 3058 De
529 2999 728 3077 poenitentia.

209 3161 277 3223 Hoc
289 3162 421 3225 officium
445 3164 521 3243 legis
535 3165 681 3224 retinetur
703 3165 733 3223 in
749 3182 831 3225 novo
848 3164 1051 3224 Testamento

129 3247 160 3304 et
181 3254 340 3305 exercetur
362 3265 495 3326 quoque,
530 3249 610 3307 sicul
641 3246 672 3308 S.
695 3245 811 3308 Paulus
834 3247 923 3313 Rom.
947 3249 975 3311 l.
998 3248 1052 3308 ait:

126 3327 337 3389 Manifestatur
348 3331 393 3390 ira
410 3330 466 3390 Dei
481 3329 520 3390 de
533 3331 621 3392 coelo
634 3330 780 3391 adversus
803 3350 926 3390 curnem
949 3331 1050 3411 impie·

128 3418 221 3471 tatem
245 3419 276 3472 et
296 3414 473 3473 iniustitiam
497 3413 675 3489 homiuum3
697 3416 769 3474 item
792 3414 882 3476 Rom.
905 3416 941 3478 3:
972 3414 1051 3474 Reus

127 3504 173 3554 est
195 3502 277 3555 totus
294 3497 424 3556 mundus
448 3496 532 3574 De03
555 3498 642 3558 item:
663 3497 711 3557 Ex
734 3496 970 3577 operibuslegis
992 3515 1050 3557 non

124 3577 337 3639 iustificabitur
371 3580 471 3639 omnis
495 3599 567 3640 caro
603 3582 632 3640 in
667 3587 836 3660 conspectu
866 3582 950 3658 eius3
981 3581 1050 3641 ilem

125 3659 233 3723 locun.
263 3663 313 3725 16:
367 3662 496 3743 Spiritus
530 3671 655 3724 sanctus
691 3670 799 3744 arguet
834 3665 982 3724 mundum
1016 3662 1050 3723 ds

121 3752 265 3825 peccato.
308 3744 377 3806 Hoc
400 3752 447 3805 est
468 3745 581 3807 fulmen
607 3746 676 3826 Dei,
699 3765 760 3826 quo
783 3766 844 3807 non
869 3747 971 3808 solum
994 3764 1049 3807 me·
