2348 4162
337 204 376 306 ad
392 248 429 309 D.
447 250 591 307 Erasmum
608 249 833 309 Roterodamum.
987 252 1049 318 323
1082 290 1085 297 .

121 418 258 480 obseura
268 425 322 481 aut
343 420 489 502 ambigua
499 421 603 500 verbe,
621 420 744 484 Iudaeis
757 427 788 483 et
801 420 938 504 Graecis,
952 423 984 483 id
993 429 1048 503 est,

122 501 268 563 omnibus
282 504 458 566 hominibus
481 512 527 568 est
541 507 748 567 necessarium
771 505 975 588 Evangelium
994 508 1050 567 vir-

123 587 197 647 tutis
219 587 288 669 Dei,
310 593 344 648 ut
366 587 526 650 eredentes
555 589 632 650 salvi
659 589 734 650 fiant
764 590 802 650 ab
837 591 884 650 ira
904 590 1049 653 revelate.

123 667 276 749 Obsecro,
300 672 353 753 qui
375 671 516 752 ludaeos,
538 674 664 752 iustitia,
688 674 758 754 lege
780 672 838 733 Dei
860 679 890 734 et
912 675 941 733 vi
962 673 1049 733 liberi

124 752 240 814 arbitrii
260 754 430 836 pollentes,
452 758 517 817 sine
535 756 709 818 discrimine
731 773 846 817 vacuos
869 761 900 817 et
923 763 1050 837 egentes

123 835 284 917 praedicat
304 839 414 900 virtute
436 840 502 920 Dei,
525 858 586 919 qua
607 840 684 901 salvi
716 837 814 916 sintl)
839 839 876 900 ab
898 841 944 900 irs
965 858 1051 899 reve·

124 920 198 997 lata,
220 927 251 980 et
271 923 479 983 neeessariam
502 942 570 984 eam
582 924 723 984 virtutem
745 923 806 985 illis
828 923 910 1002 faoit,
933 943 972 983 an
988 942 1051 984 non

125 1001 182 1065 sub
203 1004 250 1063 ira
271 1021 326 1065 eos
347 1024 417 1066 esse
439 1006 565 1067 eenset?
609 1006 694 1083 Quos
717 1008 778 1068 iam
801 1006 886 1066 debis
909 1007 1050 1066 homines

126 1104 188 1148 non
213 1085 368 1150 obnoxios
397 1091 460 1150 irae
483 1089 558 1170 Dei,
594 1091 718 1169 quando
748 1109 884 1151 summos
911 1089 1051 1150 homines

126 1169 243 1246 mundi,
263 1178 339 1251 puta
358 1169 493 1233 Iudaeos
514 1179 545 1234 et
566 1171 713 1255 Greeeos,
737 1174 814 1234 tales
837 1192 906 1234 esse
928 1172 1051 1233 eredere

126 1254 257 1333 ungeris.
299 1253 418 1316 Deinde
440 1275 518 1335 quos
539 1257 618 1316 inter
646 1259 730 1337 ipsos
753 1257 884 1319 ludaeos
907 1262 937 1317 et
958 1255 1051 1317 Grae-

89 1334 93 1341 '
127 1355 182 1397 eos
211 1337 364 1419 excipies,
394 1338 518 1418 quando
546 1340 657 1400 Paulus
680 1342 746 1400 sine
775 1340 839 1400 ullo
868 1339 1051 1421 diserimine,

127 1438 235 1480 omnes
257 1439 319 1482 nuo
342 1421 437 1483 verbo
460 1421 652 1504 complexos,
676 1441 783 1484 omnes
806 1422 905 1483 eidem
928 1430 1052 1483 senten·

128 1504 189 1564 tiae
208 1502 354 1564 subiioiti
404 1506 453 1566 An
477 1506 646 1586 putandum
683 1515 752 1585 est,
788 1507 818 1566 in
847 1506 913 1566 istis
936 1504 1053 1567 duobus

122 1587 397 1668 ‘praestantissimis
421 1589 595 1650 nationibus
617 1608 681 1649 non
702 1590 795 1650 fuisse
817 1589 974 1667 homines,
1003 1590 1055 1668 qui

128 1668 166 1730 ad
188 1670 321 1730 honeste
341 1671 528 1733 niterentur?
555 1692 593 1733 an
622 1692 684 1733 non
707 1673 809 1734 eonati
831 1679 903 1732 sunt
924 1671 976 1731 ulli
998 1691 1053 1752 pro

128 1752 243 1814 viribus
265 1752 353 1814 liberi
375 1754 512 1821 arbitrii?
544 1755 604 1816 Sed
634 1755 708 1816 nihil
737 1756 799 1816 hoe
821 1755 932 1815 Paulus
956 1774 1055 1816 mora·

128 1835 200 1897 tur?
224 1855 332 1898 omnes
355 1837 411 1898 sub
436 1841 512 1899 iram
535 1840 636 1920 mittit,
659 1857 767 1900 omnes
788 1839 901 1919 impios
924 1843 955 1898 et
974 1839 1054 1898 iniu-

127 1927 192 1980 stos
215 1919 382 1999 praedieat.
419 1920 468 1983 Ita
489 1927 520 1983 et
540 1922 676 2001 reliquos
697 1923 858 2002 apostolos
892 1939 995 1982 nonne
1016 1923 1053 1981 si-

102 2003 191 2064 ·mili
213 2021 358 2064 sermone
387 2011 419 2065 et
442 2024 550 2071 omnes
572 2011 680 2087 gentes
703 2006 802 2084 alias,
836 2004 1003 2084 quemlibet
1024 2006 1054 2064 in

126 2085 206 2148 forte
229 2104 295 2166 sua,
317 2086 372 2147 sub
395 2088 562 2149 iramhano
583 2091 754 2150 oouieoisse
776 2088 962 2150 eredendum
983 2087 1055 2149 est?

212 2169 343 2230 Fortiter
376 2173 479 2251 itaque
502 2179 563 2233 stat
596 2177 627 2234 et
656 2178 744 2254 urget
770 2173 820 2233 hio
848 2172 935 2232 loeus
958 2172 1054 2251 Pauli,

127 2251 258 2313 liberum
281 2253 435 2315 arbitrium
466 2275 521 2316 seu
542 2258 837 2336 praestantissimum
866 2257 897 2315 in
921 2255 1055 2314 homini-

128 2335 194 2416 bus,
217 2338 358 2416 quamvis
380 2340 665 2420 praestantissimis,
688 2340 768 2419 lege,
790 2340 914 2418 iustitia,
937 2339 1056 2418 sapien·

105 2421 170 2480 ‘tie
209 2428 240 2479 et
261 2419 401 2481 omnibus
434 2422 594 2483 virtutibus
617 2423 782 2502 praeditis,
812 2439 880 2481 esse
918 2421 1055 2500 impium,

127 2504 273 2563 iniustum
302 2508 334 2564 et
358 2505 405 2564 ira
436 2506 493 2565 Dei
531 2504 667 2584 dignum.
721 2503 844 2583 Alioqui
888 2503 1054 2583 disputatio

128 2584 216 2646 Pauli
237 2585 311 2646 nihil
333 2588 434 2669 valet3
454 2590 480 2648 si
507 2594 609 2649 autem
633 2587 728 2664 velet,
763 2587 878 2646 nullum
912 2586 1056 2664 relinquit

128 2668 262 2729 medium
285 2671 409 2750 partitio
431 2691 496 2749 sua,
519 2690 580 2751 que
602 2670 795 2732 erodentibus
814 2669 984 2750 Evangelio
1009 2689 1055 2730 sa·

129 2752 252 2830 intem,
279 2754 388 2814 esteris
418 2754 559 2816 omnibus
592 2756 670 2814 iram
693 2753 863 2832 distribuit,
895 2751 1056 2813 eredentes

126 2838 236 2912 iustos,
258 2854 320 2897 non
343 2836 504 2899 eredentes
526 2839 599 2899 lauit
619 2839 755 2917 impios,
788 2838 918 2897 iniustos
941 2842 972 2896 et
992 2837 1056 2896 irae

128 2917 293 2984 subiectos.
349 2921 480 2981 Tantum
509 2924 590 2982 enim
620 2921 685 2983 vult
707 2921 823 2981 disere:
860 2916 981 2980 Iustitia
1005 2920 1083 3005 llei-

128 3003 282 3065 revelatur
301 3003 333 3063 in
356 3003 539 3085 Evangelio,
561 3005 643 3084 quod
667 3006 706 3064 sit
727 3024 767 3065 ex
788 3003 867 3085 fide,
896 3021 971 3083 ergo
994 3001 1057 3063 om-v

128 3106 185 3147 nes
196 3085 337 3147 homines
352 3094 424 3147 aunt
435 3090 518 3168 impii
543 3095 574 3149 et
585 3089 697 3150 iniusti.
731 3087 846 3149 Stultus
871 3096 954 3147 esset
974 3089 1055 3146 enim

128 3170 229 3248 Deus,
252 3170 303 3249 qui
325 3170 501 3233 hominibus
521 3173 669 3231 iustitiam
691 3171 857 3248 revelaret,
881 3188 972 3248 quam
995 3172 1057 3228 iam

129 3252 181 3314 vel
202 3260 331 3313 nossent
352 3254 401 3315 vel
425 3257 511 3316 euius
534 3254 821 3316 seminahaberent.
854 3252 930 3314 Cum
952 3259 1055 3313 autem

121 3337 239 3397 stultus
263 3339 396 3417 nonsit,
419 3341 573 3401 ettamen
597 3337 713 3398 revelat
745 3336 803 3397 illis
833 3337 978 3396 iustitiam
1010 3355 1057 3395 sa·

120 3419 211 3498 lutis,
234 3421 429 3482 menifestum
451 3429 523 3502 est,
556 3421 685 3482 liberum
709 3420 887 3499 arbitrium,
911 3419 1003 3479 etiarn
1027 3421 1056 3477 in

129 3505 257 3564 summis
278 3503 463 3588 hominibus,
486 3525 549 3567 non
561 3504 661 3567 solum
674 3523 735 3565 non
757 3503 874 3564 hebere
895 3501 944 3563 vel
961 3519 1055 3581 posse

204 3776 236 3841 l)
256 3774 288 3828 In
306 3773 350 3830 od.
370 3777 439 3833 1525
458 3781 487 3831 et
505 3773 548 3830 ed.
568 3772 643 3828 len:
663 3768 743 3826 liant.
782 3841 846 3908 w
