2348 4162
333 248 370 303 ad
389 250 422 305 D.
441 251 583 306 Erasmum
602 247 828 307 Roterodamum.
987 250 1049 318 3⁶29

121 411 206 489 rendi
231 428 350 504 victus,
378 433 431 488 aut
453 425 492 488 de
514 433 692 509 contemptu
715 432 890 508 pecuniae,
924 426 977 488 sed
1011 424 1049 486 de

121 514 297 592 ignorantia
328 518 359 574 et
381 517 559 593 contemptu
588 514 745 592 religionis
780 519 810 575 et
832 513 964 596 pietatis.
1008 512 1050 571 At

122 617 159 657 ea
179 596 356 674 ignorantia
377 602 408 657 et
431 603 626 679 contemptus
647 598 755 679 procul
779 598 872 659 dubio
895 615 956 657 non
981 601 1049 655 sunt

123 682 151 740 in
175 698 269 741 carne
291 687 321 741 et
352 681 545 742 interioribus
585 683 849 759 crassioribusque
879 679 1049 756 affectibus,
1148 728 1151 735 .

122 763 206 822 sed
196 782 229 822 1n
251 767 377 826 summis
411 765 470 826 illis
498 772 530 826 et
555 768 826 846 praestantissimis
854 764 967 825 viribus
994 764 1049 824 ho·

124 845 261 927 minum,
296 850 325 909 in
349 849 458 929 quibus
493 869 623 926 regnare
646 849 737 911 debet
769 849 905 925 iustitia,
940 849 1049 928 pietas,

124 931 260 1009 cognitio
283 939 314 993 et
334 934 505 994 reverentia
527 935 594 1013 Dei,
617 953 729 1013 nempe
750 935 779 994 in
802 934 922 994 ratione
944 938 975 992 et
997 951 1049 992 vo·

123 1013 250 1092 luntate,
274 1022 366 1095 atque
388 1016 498 1077 adeo'
490 1037 521 1077 rn
543 1019 612 1097 ipsa
634 1038 663 1079 vr
656 1017 766 1079 liberi
784 1015 939 1092 arbitrii,
930 1035 960 1075 ιιι
979 1015 1048 1094 ipso

123 1099 241 1240 bomine
264 1098 408 1179 honesti,
442 1119 496 1160 seu
524 1102 811 1182 praestantissimo,
845 1098 926 1179 qnod
950 1099 1025 1159 est
1019 1118 1048 1158 m

144 1182 257 1242 omine.

206 1265 273 1328 Ubi
289 1286 371 1327 nunc
393 1284 436 1341 es,
459 1285 528 1328 mea
546 1266 692 1347 diatribe,
715 1286 795 1347 qnae
816 1267 955 1346 superius
978 1285 1049 1346 pro·

125 1349 284 1426 mittebas,
311 1355 341 1410 te
369 1369 563 1411 assensuram
586 1349 731 1429 libenter,
753 1351 1047 1430 praestantissimum

124 1432 152 1491 iu
175 1433 302 1494 homine
324 1453 539 1513 essecarnem,
561 1433 592 1494 id
617 1439 665 1495 est
686 1434 824 1514 impium,
846 1434 872 1493 si
894 1432 923 1492 id
948 1432 1049 1509 Scrip-

125 1517 197 1576 turis
220 1515 424 1596 probaretur?
465 1517 624 1578 Assentire
646 1537 728 1578 nunc
748 1519 850 1598 igitur,
874 1536 941 1576 eum
962 1516 1049 1575 audis
1160 1554 1164 1561 -

125 1601 419 1675 praestantissimum
442 1601 472 1660 in
497 1601 639 1662 omnibus
669 1600 843 1663 bominibus
866 1618 927 1660 non
950 1598 1048 1660 solum

124 1682 260 1763 implum,
283 1683 337 1744 sed
360 1685 499 1762 ignarum
522 1684 592 1763 Dei,
616 1691 818 1746 contemnens
837 1685 905 1763 Dei,
928 1702 1048 1744 versum

125 1766 161 1826 ad
186 1766 299 1826 malum
322 1772 353 1826 et
373 1767 480 1828 inutile
501 1767 539 1828 ad
563 1766 676 1829 bonum
702 1787 780 1831 esse.
811 1766 891 1843 quid
909 1767 1048 1825 estenim

126 1868 192 1910 esse
216 1850 375 1926 iniustum,
399 1851 456 1910 nisi
478 1851 679 1912 voluntatem
706 1852 801 1931 (quae
823 1857 871 1913 est
892 1856 1050 1929 praestan·

124 1934 308 1993 tissimarum
336 1953 436 1994 rerum
465 1938 543 2010 una)
582 1953 651 1995 esse
676 1935 840 1996 iniustam?
895 1932 975 2009 Quid
1005 1938 1052 1993 est

125 2034 193 2077 esse
215 2035 277 2078 non
299 2016 520 2096 intelligentem
542 2018 599 2078 Dei
631 2024 661 2081 et
682 2018 779 2096 boni,
812 2019 869 2078 nisi
898 2017 1048 2078 rationem

128 2101 226 2179 (quae
249 2104 297 2160 est
308 2103 640 2181 praestantissimarum
662 2121 763 2163 rerum
777 2098 892 2184 altera)
916 2120 984 2161 esse
1006 2100 1048 2177 ig·

128 2202 232 2244 naram
249 2184 312 2245 Dei
335 2190 367 2244 et
389 2184 477 2265 boni,
499 2185 560 2246 hoo
595 2191 642 2247 est
663 2205 789 2247 caecam
819 2187 851 2247 in
874 2184 1050 2264 cognitione

128 2267 276 2344 pietatis?
319 2267 398 2340 Quid
422 2274 468 2327 est
490 2268 646 2330 declinare
676 2276 706 2331 et
727 2269 850 2333 inutiles
873 2285 959 2344 esse,
991 2267 1049 2327 nisi

127 2349 267 2411 homines
290 2350 374 2411 nulla
396 2353 442 2411 cni
464 2358 573 2430 parte,
602 2358 666 2411 tum
688 2353 812 2414 minime
834 2350 970 2431 partibus
988 2350 1050 2409 suis

127 2434 396 2512 praestantissimis
426 2435 528 2494 valere
558 2434 722 2514 quidquam
758 2435 796 2496 ad
824 2433 960 2509 bonum,
995 2431 1049 2492 sed

126 2524 245 2577 tantum
268 2515 306 2577 ad
321 2517 471 2578 malum?
527 2516 607 2616 Quid
637 2524 684 2579 est
715 2538 777 2580 non
810 2518 916 2578 timere
940 2516 1050 2592 Deum,

129 2602 185 2661 nisi
212 2600 353 2661 homines
381 2600 522 2661 omnibus
551 2602 613 2662 suis
641 2601 803 2681 partibus,
835 2601 969 2661 maxime
996 2617 1049 2678 po·

128 2682 255 2744 tioribus
277 2683 347 2760 illis,
371 2703 439 2744 esse
460 2680 690 2764 contemptores
718 2685 799 2746 Dei?
847 2684 925 2744 Esse
947 2687 1048 2742 autem

129 2771 357 2866 contemptores
379 2767 436 2829 Dei
459 2771 506 2830 est
528 2788 596 2829 esse
624 2769 714 2830 simul
736 2772 967 2848 contemptores
987 2783 1050 2824 orn-

128 2852 209 2910 nium
231 2869 332 2910 rerum
354 2850 429 2928 Dei,
451 2857 525 2930 puta
549 2852 734 2928 verborum,
764 2870 907 2932 operum,
936 2848 1049 2930 legum,

128 2938 373 3012 praeceptorum,
396 2934 564 2996 voluntatis
587 2936 652 2997 Dei.
686 2901 766 3011 Quid
785 2955 866 2996 nunc
886 2935 965 2995 ratio
988 2931 1049 2992 dic·
1098 3006 1102 3015 ,
1163 2928 1166 2935 '

128 3022 169 3077 tet
197 3017 296 3093 recti,
331 3036 411 3097 quae
441 3037 536 3079 caeca
572 3024 672 3081 estet
705 3019 833 3100 ignara?
887 3016 966 3092 Quid
996 3034 1049 3075 vo·

128 3098 229 3177 luntas
252 3099 346 3180 eligat
368 3100 451 3178 boni,
474 3121 553 3182 quae
573 3102 655 3162 mala
683 3109 714 3163 et
734 3102 848 3163 inutilis
872 3100 941 3160 est?
983 3100 1048 3160 lmo
1163 3118 1166 3123 ’

128 3181 198 3262 qnid
222 3189 368 3262 sequatur
388 3184 545 3260 voluntas
569 3187 617 3246 cui
637 3187 716 3246 ratio
738 3185 813 3246 nihil
845 3183 957 3256 dictet
991 3183 1049 3242 nisi

127 3266 284 3327 caecitatis
307 3273 337 3327 et
364 3268 557 3348 ignorantiae
591 3288 665 3329 suae
700 3266 866 3329 tenebras?
919 3228 1050 3325 Eirante

126 3349 219 3429 igitur
240 3350 359 3410 ratione
382 3358 412 3412 et
432 3371 540 3413 aversa
564 3351 722 3413 voluntate
737 3349 822 3432 quid
854 3349 927 3410 boni
948 3347 1049 3408 tacere

115 3438 234 3555 queat
230 3432 336 3494 homo
360 3440 412 3495 aut
434 3436 563 3498 conari?
1032 3460 1035 3465 ’

211 3514 272 3576 Sed
295 3517 489 3595 sophisticari
512 3519 590 3579 sorte
612 3518 679 3597 quis
702 3517 829 3579 audeat:
850 3514 934 3575 Licet
944 3508 1049 3573 volun

128 3603 174 3659 tas
198 3597 352 3679 declinet,
389 3607 420 3662 et
442 3603 519 3663 ratio
553 3603 676 3681 ignoret
698 3608 788 3673 actu
821 3603 925 3679 potest
946 3601 1049 3656 tamen

128 3681 272 3743 voluntas
296 3682 410 3762 aliquid
434 3686 555 3764 conari,
583 3691 614 3746 et
633 3685 711 3746 ratio
734 3682 848 3764 aliquid
872 3700 965 3742 nosse
987 3679 1049 3740 suis
1079 3740 1081 3744 ,

126 3764 271 3846 viribus,
282 3785 350 3826 cum
374 3768 469 3830 multa
491 3770 662 3849 possimus,
685 3786 765 3848 quae
794 3774 896 3829 tamen
923 3762 1050 3826 nonfa-
