2348 4162
237 220 243 229 ⁵
281 239 319 297 ad
335 238 370 295 D.
390 239 532 297 Erasmum
551 240 775 297 Roterodarnum.
876 228 892 245 ‘
920 240 982 307 189

61 418 141 488 tum;
171 429 244 471 narn
266 412 406 491 superius
428 411 637 491 ostendimus,
670 410 797 472 liberum
825 410 982 472 arbitrium

59 495 173 573 nemini
195 494 254 553 nisi
276 494 335 555 soli
357 494 425 556 Dso
448 496 622 557 eonvenire.
657 494 822 556 Arbitrium
844 496 983 556 fortassis

57 576 175 639 homini
197 576 323 656 aliquod
344 585 428 639 reete
450 577 600 658 tribueris,
623 577 676 638 sed
699 577 827 639 liberum
851 578 983 639 tribuere

57 660 86 720 in
110 659 204 721 rebus
227 659 356 739 divinis,
384 661 510 721 nimium
544 667 612 739 est,
647 661 728 739 quod
759 661 844 722 liberi
867 661 982 722 arbitrii
1099 694 1102 700 ·

56 761 121 804 vox
143 743 280 804 omnium
293 745 410 804 aurium
437 743 550 806 iudieio
568 746 690 824 proprie
711 744 742 805 id
765 745 884 824 dieitur,
899 745 982 824 quod

56 833 163 906 potest
197 835 228 886 et
255 827 327 888 feeit
355 846 429 906 erga
457 827 580 906 Deum,
614 845 815 908 quaeeunque
852 827 981 909 libuerit,
1091 844 1095 851 ·

58 909 144 971 nulla
169 909 254 990 lege,
276 910 361 969 nullo
384 911 513 990 irnperio
536 910 714 974 cohibitum.
768 909 877 989 Neque
901 912 981 971 enim

56 1011 179 1053 servum
213 993 325 1053 dixeris
353 992 506 1071 liberum,
538 995 588 1072 qui
616 994 671 1055 sub
706 995 834 1074 imperio
866 993 982 1054 domini

56 1077 131 1159 agit,
155 1081 271 1154 quanto
297 1076 394 1135 minus
418 1076 572 1137 hominem
594 1077 642 1137 vel
676 1077 822 1157 angelum
846 1085 928 1136 reete
951 1078 982 1137 li·
1048 1072 1050 1076 ’

56 1159 166 1220 berum
188 1152 327 1235 dioimus,
350 1160 400 1237 qui
422 1158 477 1219 sub
500 1160 628 1238 imperio
649 1162 829 1240 plenissimo
853 1160 910 1220 Dei
932 1163 984 1239 (ut

56 1248 221 1323 peooatum
244 1249 274 1303 et
286 1249 415 1303 mortem
437 1240 573 1324 taceam)
597 1243 641 1304 sie
659 1243 784 1325 degunt,
806 1250 839 1304 ut
855 1262 894 1305 ne
918 1262 980 1305 mo·

56 1332 164 1387 mento
188 1326 358 1386 consistere
380 1326 442 1384 suis
467 1326 579 1385 viribus
602 1329 730 1406 possint.

142 1408 237 1489 Igitur
260 1406 310 1468 hin
339 1409 441 1469 statim
469 1410 499 1468 in
535 1407 649 1477 foribus
677 1417 815 1490 pugnant
845 1409 981 1472 definitio

56 1490 131 1572 quid
155 1491 299 1572 nominis,
323 1498 353 1551 et
375 1489 512 1551 delinitio
536 1491 608 1570 quid
630 1494 684 1572 rei,
708 1491 791 1572 quod
815 1511 876 1552 vex
898 1493 980 1553 eliud

56 1573 238 1657 signifieat,
268 1581 298 1635 et
320 1572 456 1635 aliudre
477 1575 544 1655 ipsa
573 1576 710 1637 sentitur.
762 1577 886 1636 Rectius
909 1595 982 1636 vero

58 1656 197 1719 vertibile
220 1657 376 1718 arbitrium
400 1657 449 1717 vel
464 1656 495 1734 1)
519 1657 664 1718 mutabile
691 1658 846 1720 arbitrium
871 1658 984 1719 dicere·

57 1751 115 1806 tur.
170 1739 250 1801 Nam
279 1741 324 1801 sie
345 1740 534 1821 Augustinus
563 1749 593 1801 et
621 1751 692 1821 post
719 1762 788 1802 eum
819 1741 982 1820 Sophistae

56 1824 188 1905 gloriam
212 1824 396 1884 etvirtutem
419 1825 507 1884 istius
518 1825 603 1885 vonis
619 1823 779 1904 (liberum)
803 1831 982 1904 extenuant,

57 1908 181 1969 adieeto
210 1906 263 1966 illo
291 1906 496 1986 detrimento,
528 1907 611 1987 quod
640 1907 867 1969 vertibilitatem
897 1907 982 1969 liberi

56 1990 173 2055 arbitrii
196 1987 308 2053 dieunt.
351 1989 453 2069 Atque
474 1991 517 2050 ita
539 1991 662 2052 deseret
683 2010 740 2052 nos
763 1991 858 2072 loqui,
880 2011 920 2052 ne
940 1993 984 2051 in·

57 2073 139 2135 ilatis
163 2079 195 2133 et
216 2073 346 2134 inaniter
367 2073 511 2134 fastuosis
529 2074 688 2136 vocabulis
707 2074 803 2135 eorda
824 2075 981 2135 bominum

58 2157 245 2235 luderemus,
268 2165 301 2215 ut
322 2162 352 2216 et
373 2155 563 2236 Augustinus
586 2159 691 2233 sentit,
720 2177 777 2219 nos
801 2158 838 2218 ad
864 2166 980 2219 sertam

56 2239 195 2321 regulam
219 2236 329 2301 sobriis
353 2248 382 2299 et
404 2238 535 2325 propriis
557 2239 658 2302 verbis
680 2240 793 2302 debere
811 2241 904 2320 loqui.
948 2242 982 2301 ln

58 2322 192 2384 sinendo
202 2320 231 2403 ²)
264 2323 344 2382 enim
368 2323 546 2403 simplieitas
569 2330 599 2384 et
626 2326 798 2404 proprietas
821 2324 984 2384 dialectiea

56 2408 231 2485 requiritur,
255 2413 430 2466 nouantem
453 2407 608 2485 ampullae
630 2414 660 2468 et
683 2406 982 2488 figuraerhetorieae

58 2489 277 2570 persuasionis.

142 2571 205 2633 Sed
227 2591 267 2631 ne
289 2570 374 2631 verbi
396 2591 500 2650 pugna
521 2571 664 2632 delestari
688 2572 859 2650 videamur,
889 2572 982 2636 done·
1056 2584 1063 2595 ⁴

60 2675 127 2717 mus
149 2656 270 2716 interim
293 2653 323 2713 id
347 2654 478 2733 abusui,
507 2654 579 2715 lieet
600 2674 714 2735 magno
746 2662 776 2715 et
797 2655 982 2734 periculoso,

59 2748 91 2801 ut
112 2739 195 2800 idem
219 2739 257 2798 sit
279 2737 405 2797 liberum
429 2736 602 2817 arbitrium,
629 2739 711 2818 quod
740 2736 877 2798 vertibile
905 2739 983 2800 arbi-

59 2826 158 2884 trium.
203 2821 361 2881 Donamus
384 2827 415 2881 et
435 2820 508 2881 illutl
525 2821 666 2900 Erasino,
689 2821 771 2901 quod
795 2820 880 2885 liberi
903 2822 981 2884 arbi·

59 2908 105 2966 trii
128 2906 192 2965 vim
213 2904 287 2965 feeit
308 2904 460 2964 humanae
484 2904 668 2985 voluntatis,
696 2925 734 2966 ao
754 2905 780 2965 si
802 2905 983 2986 angelorum

59 3009 121 3050 non
146 2986 337 3048 sit-liberum
362 2987 543 3066 arbitrium,
566 2988 649 3068 quod
671 2989 731 3049 hoe
753 2987 856 3048 libello
880 2988 981 3049 solum

59 3073 97 3133 de
119 3072 279 3132 bominum
304 3071 398 3131 libero
422 3070 546 3131 arbitrio
569 3092 662 3152 agere
684 3073 836 3150 instituit,
866 3072 982 3151 alioqui

58 3163 89 3215 et
111 3156 143 3215 in
165 3154 226 3215 hae
246 3160 331 3233 parte
354 3153 489 3215 delinitio
513 3155 610 3215 iuerat
628 3157 741 3216 aretior
762 3174 853 3233 quam
878 3153 982 3215 delini·

58 3246 135 3300 turn.
265 3248 270 3255 ’

143 3319 192 3381 Ad
216 3339 269 3381 ees
291 3327 393 3399 partes
406 3321 574 3400 veniamus,
597 3321 626 3380 in
646 3320 754 3398 quibus
767 3340 866 3381 rerum
889 3319 983 3379 sardo

58 3405 198 3481 vertitur,
221 3422 346 3483 quarum
370 3403 491 3483 aliquae
523 3405 596 3463 satis
626 3411 753 3482 apertae
782 3411 873 3482 sunt,
903 3403 984 3462 aliae

58 3490 160 3549 lucem
183 3487 312 3568 lugiunt,
336 3487 420 3548 velut
436 3488 496 3547 sibi
520 3487 663 3547 eonseiae
674 3487 747 3547 nihil
761 3506 822 3548 non
837 3492 983 3562 metuant,

81 3645 92 3650 ..
98 3641 287 3658 ,,..---.---.-
292 3642 482 3649 -—.......—.

95 3749 129 3813 1)
152 3745 183 3799 In
202 3744 246 3800 eti.
259 3747 343 3803 1526:
362 3745 398 3798 id.
415 3744 447 3813 2)
468 3745 498 3798 In
518 3743 561 3798 ed.
582 3742 831 3801 temeretur:
847 3741 987 3798 docendo.
