2348 4162
127 244 191 311 318
370 245 514 300 Deservo
532 244 648 301 arbiuto
666 245 701 301 D.
719 244 804 301 m
855 256 859 263 ·
967 280 972 287 -

125 434 268 496 regnum,
301 412 413 475 deinde
435 427 590 475 recreatus
611 415 687 474 nibil
707 415 792 491 facit,
812 415 887 476 nihil
911 420 1053 491 conam,

125 519 186 578 quo
208 512 386 579 perseueret
407 499 438 557 in
461 517 500 559 eo
522 517 631 579 regno,
652 498 708 559 sed
730 507 894 579 utrumque
914 499 1052 561 iacitso·

125 584 173 642 lus
194 581 323 662 Spiritus
350 582 382 642 in
415 581 522 663 nobis,
555 601 615 642 nos
645 584 712 643 sine
742 582 833 643 nobis
853 601 1001 644 recreans
1021 588 1053 643 et

124 684 312 726 conservans
333 676 506 743 recreatos,
541 674 574 725 ut
605 672 638 724 et
656 665 836 742 lacobus*)
861 666 952 727 dicit:
991 665 1067 726 Vo'

124 749 254 809 luntarie
276 749 381 828 genuit
402 767 461 808 uos
484 747 578 810 verbo
599 750 720 809 virtutis
742 768 833 829 suae,
855 757 890 809 ut
910 766 1051 811 essemus

124 835 241 893 initium
263 844 421 892 creaturae
443 833 528 903 eius,
562 832 698 910 loquitur
729 834 769 893 de
795 842 946 895 renovata
967 851 1050 893 crea·

125 930 201 979 tura.
244 913 307 975 Sed
329 934 392 975 non
415 925 560 995 operatur
579 914 760 994 sinenobis,
782 924 814 976 ut
836 934 916 996 quos
935 918 969 975 in
990 916 1050 976 boc

124 1003 223 1079 ipsum
246 1000 396 1058 recrearit
417 1010 449 1058 et
469 1012 645 1075 conservat,
667 1010 700 1058 ut
721 1006 901 1079 operaretur
912 1001 945 1059 iu
960 997 1048 1061 nobis

124 1096 154 1142 et
177 1101 234 1142 nos
255 1084 283 1142 ei
306 1099 552 1162 cooperaremur.
581 1081 632 1142 Sic
653 1101 708 1162 per
723 1102 782 1143 noa
804 1082 974 1162 praedicat,
996 1082 1047 1142 mi·

123 1178 240 1225 seretur
260 1165 456 1245 pauperibus,
477 1164 656 1225 consolatur
675 1163 826 1245 afflictos,
847 1184 955 1227 serum
977 1163 1045 1244 qnid

123 1249 194 1308 hinc
214 1247 311 1309 libero
333 1249 458 1308 arbitrio
481 1248 642 1309 tribuitur?
675 1250 737 1310 imo
759 1249 833 1329 quid
855 1250 884 1310 ei
905 1248 1045 1327 relinqui·

124 1342 173 1392 tur
194 1333 252 1392 nisi
273 1330 369 1391 nibil?
392 1343 421 1390 et
442 1350 516 1391 sere
539 1331 623 1392 nihil.

206 1415 289 1493 Lege
310 1416 403 1494 igitur
433 1414 483 1474 bic
504 1413 654 1475 diatriben
686 1434 741 1494 per
763 1416 900 1494 quinque
921 1415 972 1475 vel
993 1432 1043 1475 sex

124 1500 255 1573 chartas,
277 1496 329 1557 ubi
349 1496 523 1557 istiusmodi
544 1497 802 1578 similitudinibus,
823 1506 887 1558 tum
909 1497 1041 1578 pulcber·

122 1584 206 1642 rimis
229 1582 306 1642 locis
328 1588 360 1641 et
379 1580 535 1661 parabolis
563 1601 602 1641 ex
624 1581 798 1661 Evangelio
821 1591 851 1641 ct
872 1580 974 1643 Paulo
995 1578 1040 1641 ad·

124 1668 239 1737 ductis,
271 1663 353 1724 aliud
375 1663 450 1723 nibil
471 1665 550 1744 agit,
572 1663 770 1744 quamquod
791 1683 849 1724 nos
872 1664 982 1741 docet,
1012 1664 1039 1721 in

124 1748 286 1829 Scriptun's
307 1748 438 1807 inveniri
453 1747 524 1808 loca
547 1747 599 1829 (ut
615 1750 676 1817 ait)
700 1746 947 1827 innumerabilia,
968 1762 1040 1826 quac

123 1833 378 1912 cooperationem
408 1840 439 1890 et
460 1831 576 1891 auxilia
600 1832 657 1890 Dei
685 1831 817 1891 tradant.
857 1830 908 1890 Ex
939 1828 1039 1909 quibus

123 1919 148 1974 si
171 1926 243 1975 tunc
265 1932 325 1994 ego
348 1913 509 1994 colligam,
531 1914 634 1974 Homo
655 1914 731 1974 nibil
753 1920 858 1994 potest
878 1915 939 1974 nisi
961 1912 1037 1973 anxi·

122 1999 217 2059 liuute
239 1999 296 2057 Dei
314 1998 434 2077 gratia,
471 1999 564 2077 igitur
591 1997 676 2058 nulla
703 2006 775 2058 sunt
796 2016 893 2077 opera
914 1996 1038 2058 bominis

123 2083 215 2158 bonu,
236 2083 304 2161 ipsa
325 2082 500 2140 contrusio
523 2079 640 2160 colligit
668 2082 845 2142 inversione
876 2080 1036 2141 rhetorica:

122 2162 192 2226 Imo
214 2161 345 2245 linquit)
380 2163 475 2224 bomo
496 2164 571 2225 nibil
592 2184 656 2224 non
677 2176 780 2244 potest
801 2163 971 2225 auxiliante
986 2160 1036 2224 Dei

124 2249 232 2328 gratia,
256 2249 346 2328 igitur
368 2248 471 2308 omnia
493 2266 588 2327 opera
610 2248 742 2308 hominis
765 2256 896 2328 possunt
913 2245 1037 2307 essebo-

123 2352 173 2409 ιιι,
196 2340 271 2410 quot
292 2332 383 2409 igitur
403 2344 475 2390 sunt
496 2331 566 2391 locu
587 2334 618 2390 in
638 2331 803 2411 Scripturis
824 2330 947 2403 divinis,
966 2346 1035 2408 quae

124 2418 327 2474 meminerunt
347 2414 464 2493 auxilii,
488 2421 535 2474 tot
556 2422 637 2493 sunt,
658 2433 737 2494 qnae
758 2424 896 2475 statuunt
918 2412 1033 2473 liberum

123 2498 289 2571 arbitrium,
311 2508 343 2556 at
364 2516 403 2557 ea
423 2508 495 2556 sunt
517 2497 759 2559 innumerabilia.
801 2496 909 2576 Itaque
932 2496 1033 2571 vicero,

125 2584 149 2641 si
170 2600 219 2641 res
241 2583 419 2641 aestimetur
439 2582 683 2641 testimoniorum
706 2599 845 2643 numero.
886 2578 1032 2640 flaccilla

125 2664 219 2725 Satiu’
241 2664 374 2723 sobriam
388 2663 537 2724 diatribeu
549 2674 639 2744 putas
663 2676 717 2725 aut
726 2673 830 2724 menta
853 2662 1032 2733 maluisse,

125 2766 193 2807 cum
226 2748 303 2806 baec
333 2746 501 2807 scriberet?
554 2747 632 2808 Nam
663 2749 799 2808 malitiae
834 2756 865 2807 et
890 2746 1032 2826 nequitiae

123 2834 188 2890 eius
211 2850 272 2890 nou
294 2831 433 2891 tribuum.
454 2832 513 2890 uisi
536 2831 639 2892 taedio
661 2831 740 2892 forte
757 2837 909 2911 perpetuo
930 2832 1038 2890 mero-¹

122 2913 211 2973 luerit
233 2932 378 2991 enecare,
406 2913 478 2973 dum
501 2913 613 2993 ubique
635 2914 742 2974 similis
763 2914 820 2974 sibi
843 2932 966 2993 semper
983 2910 1031 2969 alit

124 3004 243 3075 tractat,
265 3015 358 3076 quam
373 2998 516 3059 instituit.
561 2998 622 3058 Sed
644 3000 670 3057 si
682 2998 766 3057 illam
779 2998 945 3058 delectavit
960 2998 1030 3072 inep

124 3080 231 3138 tireio
253 3099 286 3139 re
308 3088 403 3157 tanta,
425 3078 556 3141 delectet
578 3091 609 3141 et
624 3100 681 3141 nos
694 3082 825 3162 ineptias
847 3082 915 3141 eius
936 3078 1029 3139 volun·

124 3163 216 3222 turias
237 3163 359 3242 publice
380 3164 550 3227 traducere.
1074 3176 1076 3197 ⁵

206 3247 337 3306 Primum
371 3265 428 3307 nos
457 3266 559 3326 neque
590 3248 780 3328 disputamus
802 3265 905 3325 neque
925 3247 1029 3325 ignora·

124 3350 200 3409 mus,
225 3332 330 3391 omnia
351 3348 448 3410 opera
466 3330 597 3392 hominis
619 3350 712 3412 posse
735 3330 911 3405 essebonu,
932 3330 958 3388 si
970 3325 1029 3387 liant

124 3415 291 3474 auxiliante
313 3414 372 3473 Dei
393 3415 508 3493 gratim
544 3414 656 3475 deinde
690 3415 847 3474 bominem
878 3411 955 3473 nibil
981 3424 1027 3469 nur

123 3515 217 3577 pocae
239 3496 407 3558 auxiliante
428 3495 488 3558 Dei
521 3499 630 3579 gratis.
672 3498 769 3558 Tuam
791 3516 866 3557 vero
889 3514 950 3557 non
971 3490 1026 3553 satit

128 3664 235 3673 .—

196 3762 227 3833 ‘j
250 3763 343 3817 lacob.
366 3768 387 3820 l.
