2348 4162
185 234 247 303 508
480 234 674 295 hostaticum
689 236 726 294 D.
739 237 774 294 ii
793 238 824 294 L.

185 412 313 489 surgunt
334 412 365 469 et
386 407 476 469 nobis
497 408 557 469 isto
570 426 702 488 corpora
723 413 987 469 sanctorumeum
1009 425 1107 468 resur·

206 499 276 552 ente
299 491 409 552 Christi
431 491 602 573 Evangelio
627 498 658 552 et
686 511 829 573 magnam
851 490 998 552 fiduciam
1021 490 1108 553 nohis

182 512 306 656 farciunt,
330 575 404 635 nihil
427 594 496 635 esse
518 582 715 655 promoturos
739 574 939 654 episeopulos
962 575 1041 633 istos
1057 592 1108 635 no·

183 658 325 719 vissimoe
348 658 460 719 Christi
492 657 685 719 adversarios
721 658 858 731 (etiamsi
880 656 1060 719 Herodibns
1080 664 1108 718 et

183 741 286 801 Pilatis
309 743 371 801 suis
393 740 491 803 fidant
512 740 769 824 desperatissimi)
795 742 857 801 suis
881 740 1057 821 magnificis
1079 747 1107 800 et

183 824 367 885 terribilibus
389 825 496 901 minis,
518 824 627 905 quibus
649 844 723 885 suae
746 823 934 886 diffidentiae
958 830 990 884 et
1011 825 1106 903 pessi·

183 927 252 968 mae
274 908 482 969 conscientiae
505 909 579 968 satie
601 906 719 988 perdite
732 914 762 969 et
780 916 920 968 extremo
943 907 1106 968 etirustra·

181 1009 242 1052 neo
264 991 432 1071 pharmaco
455 990 570 1052 mederi
593 998 769 1072 coeperunt
813 991 965 1067 Christus,
988 991 1041 1070 qui
1056 1008 1106 1071 per

183 1074 308 1135 verbum
333 1094 419 1135 suum
442 1076 595 1154 percussit
616 1093 728 1154 corpus
751 1073 832 1135 istud
855 1073 1104 1149 abominationis,

182 1156 293 1218 deinde
315 1178 369 1239 per
389 1157 523 1239 gladium
548 1158 689 1219 Caesaris
712 1164 804 1239 caput
826 1157 1015 1237 vulneravit,
1045 1175 1104 1218 non

183 1242 301 1301 desinet
323 1260 422 1319 neque
445 1241 593 1318 cessabit,
626 1240 727 1303 donee
753 1249 784 1301 et
805 1239 991 1301 moribunda
1012 1259 1104 1300 mem·

181 1323 237 1386 bra
258 1325 450 1403 inaniterque
473 1326 622 1385 tumentia
644 1343 769 1406 prorsus
783 1328 922 1384 conterat
944 1322 1105 1402 atquedis·

181 1406 299 1487 perdat.
342 1406 474 1468 Tantum
509 1427 648 1483 oremus,
683 1414 714 1467 ut
755 1408 806 1486 qui
839 1408 945 1485 eoepit
969 1405 1106 1486 perduint

182 1507 260 1570 opus
297 1510 384 1551 suum
418 1492 448 1551 in
480 1491 610 1572 gloriam
634 1509 719 1551 suam
751 1495 782 1551 et
803 1490 933 1550 salutem
959 1496 1103 1569 nostram,

182 1571 291 1637 Amen.
354 1574 444 1634 Dicat
477 1574 593 1655 Amen,
634 1574 770 1654 quisquis
805 1573 960 1634 Christum
1015 1582 1105 1651 amet,

181 1655 292 1717 Amen.

268 1739 313 1813 (Δ
336 1739 462 1801 Buddeo
485 1738 626 1801 hichaec
650 1739 813 1801 additaeet
834 1743 924 1802 nota:
948 1734 1105 1801 HioCon·

185 1823 352 1883 mentarius
374 1824 404 1882 in
416 1823 628 1905 Apocalypsin
652 1823 751 1884 editus
774 1828 820 1883 est
842 1841 869 1883 a.
893 1820 985 1887 1357.
1030 1820 1104 1883 Nem

181 1906 212 1965 in
236 1906 487 1968 annotationibus
510 1908 618 1987 eapitis
640 1906 781 1987 vigesimi
804 1906 849 1965 sio
871 1903 993 1966 scribit:
1029 1903 1105 1980 Quia

181 2008 285 2049 sumus
319 1991 348 2048 in
384 2008 466 2049 anuo
502 1988 539 2050 ab
571 1990 785 2051 incarnatione
806 1987 918 2049 Christi
941 1987 1104 2048 millesimo

181 2073 398 2133 trecentesimo
417 2074 670 2154 quinquagesimo
693 2071 856 2155 septimo).

566 2321 603 2384 A.
628 2322 719 2386 1528.

183 2488 237 2561 10)
263 2485 507 2570 Praefatiol)
530 2484 571 2550 D.
597 2488 634 2547 ll.
658 2484 822 2547 Lutheri
843 2484 878 2543 in
902 2482 1103 2559 Poetilles,

181 2587 260 2648 quae
284 2571 480 2649 Argentorati
502 2571 557 2631 sub
580 2571 642 2631 hoo
664 2568 751 2629 titulo
776 2566 877 2628 editae
899 2571 986 2629 sunt:

180 2651 416 2732 Enarrationee‚
451 2673 527 2733 quas
550 2651 692 2714 Postillee
724 2657 854 2727 vocant,
886 2650 917 2709 in
942 2648 1101 2709 Lectiones

179 2735 265 2809 illas,
295 2754 373 2815 quse
402 2756 443 2796 ex
464 2736 660 2817 Evangelicis
696 2734 846 2808 historiis,
879 2731 1100 2811 Apostolorum

181 2820 312 2898 seriptis,
336 2827 427 2898 alque
440 2839 659 2900 nonnunquam
683 2838 722 2878 ex
735 2817 801 2877 aliis
824 2834 948 2895 quoque
961 2814 992 2876 8.
1006 2815 1101 2895 Scrip-

181 2907 267 2962 turae
303 2902 380 2963 locis
403 2903 584 2983 desumptae
619 2921 674 2982 per
706 2902 880 2961 universum
904 2917 1020 2959 aunum
1044 2905 1100 2959 tam

180 2986 210 3046 in
233 2984 340 3046 diebus
354 2985 532 3063 Dominicis,
555 3006 645 3066 quam
670 2984 754 3044 festis
778 2982 944 3043 memoriae
956 2982 1100 3042 Divorum

180 3068 275 3127 sacris
297 3067 335 3127 ad
349 3068 474 3129 Missam
495 3070 615 3131 recitari
639 3067 749 3129 solitae
771 3074 851 3142 sunt,
873 3084 929 3145 per
941 3065 1101 3126 Martinam

179 3149 354 3213 Lutherum.
397 3155 592 3230 Argentorati
615 3150 697 3233 apud
721 3149 890 3211 lohauuem
906 3148 1100 3229 hervagium.

181 3233 239 3297 Au.
262 3231 482 3300 M.D.XXVlll.
513 3256 618 3297 mense
656 3234 806 3295 ianuario.
840 3234 869 3292 iu
902 3230 955 3294 iol.
986 3235 1027 3299 10
1054 3230 1102 3291 Al·

589 3317 680 3399 phab.
746 3361 750 3368 -

252 3595 279 3661 1)
299 3594 356 3648 Nos
374 3599 478 3649 textum
487 3595 562 3665 typis
580 3592 766 3650 recudendum
776 3586 934 3645 curarimus
952 3588 1102 3644 seeundum

178 3664 326 3719 editionem
337 3665 614 3737 Argentoratensem.
634 3665 770 3722 Redditur
785 3662 855 3717 haee
871 3659 1011 3730 praefatio
1022 3661 1102 3717 etiam

178 3736 207 3791 in
236 3736 320 3792 libro:
358 3738 550 3809 Fortgeeetute
569 3738 730 3808 Sammlung
760 3751 815 3791 von
845 3733 922 3789 alten
939 3733 998 3789 und
1016 3748 1102 3789 neuen
