2348 4162
427 247 457 303 st
474 244 683 306 communionis.
992 249 1013 319 7

89 435 167 480 mur.
209 413 363 479 Halleluia
401 417 481 479 euim
514 437 579 480 vox
611 428 760 502 perpetua
782 427 829 483 est
851 423 1012 506 ecclesiae,

87 500 169 561 siout
196 507 345 580 perpetua
373 507 420 562 est
449 504 596 564 memoria
626 506 779 585 passionis
808 511 839 566 et
866 506 1018 589 victoriae,

87 603 165 645 erus.

173 665 287 742 Quinto
305 664 487 746 Sequentias
510 675 541 730 et
558 669 670 731 Prosae
693 669 791 733 nullas
814 671 1011 752 admittimus,

85 751 146 811 nisi
180 749 336 830 Episcopo
371 749 520 830 placuerit
553 753 606 813 illa
646 753 747 815 brevis
783 755 812 815 iu
845 755 1012 819 Nativitate

10 888 22 896 .
87 833 217 896 Christi:
258 832 367 893 Grates
403 853 485 895 nunc
514 853 631 900 omnes.
673 833 784 916 Neque
815 838 910 901 ferme
931 846 1010 922 sunt,

85 936 169 997 quae
187 915 324 996 spiritum
337 914 507 997 redoleant,
531 920 588 978 nisi
611 919 683 982 illae
705 919 743 980 de
755 919 868 1003 Spiritu
886 929 1010 984 sancto:

85 999 194 1062 Sancti
225 999 363 1080 spiritus,
387 1007 432 1078 et,
456 1001 534 1061 Veni
569 1008 676 1064 sancte
698 1001 882 1082 spirirus1).
927 1003 1010 1081 Quas

85 1083 138 1145 vel
166 1087 239 1161 post
265 1081 426 1163 prandium
450 1084 499 1144 vel
529 1084 585 1145 sub
610 1088 745 1167 vesperis
768 1087 816 1149 vel
838 1087 894 1149 sub
917 1087 1011 1151 Missa

86 1164 132 1250 (si
154 1165 312 1247 Episcopo
336 1163 592 1311 placetploantari
614 1168 695 1232 licet.

172 1247 267 1311 Sexto
290 1250 424 1328 sequitur
466 1252 599 1333 vangelii
622 1253 724 1331 lectio,
747 1253 797 1313 ubi
821 1273 878 1314 nec
900 1252 1010 1315 caude-

84 1333 134 1395 laa
155 1351 258 1412 neque
280 1331 535 1394 thurificationem
557 1335 765 1417 prohibemus,
789 1335 843 1397 sed
865 1357 924 1398 neo
947 1338 1009 1399 exi·

82 1417 207 1497 gimus3
229 1422 295 1477 esto
317 1416 379 1477 boc
401 1415 537 1478 liberum.

171 1497 324 1580 Septimo,
359 1498 540 1581 Symbolum
562 1500 710 1562 Nicenum
741 1502 858 1563 cantari
886 1502 1009 1564 solitum

84 1600 150 1644 non
175 1580 325 1663 displicet,
349 1588 451 1644 tamen
475 1586 506 1645 et
526 1584 586 1646 boc
608 1584 700 1645 babet
721 1587 750 1646 in
774 1605 865 1645 manu
881 1583 1009 1668 Episco-

83 1684 154 1746 pus.
197 1663 284 1727 Idem
308 1664 346 1726 de
369 1667 706 1729 vernaculaCoucioue
729 1669 887 1749 sentimus,
908 1675 941 1728 ut
963 1669 1009 1729 ui·
1128 1730 1132 1735 .

82 1748 128 1810 hil
150 1747 273 1826 referat,
295 1749 360 1810 sive
380 1749 431 1811 bic
452 1756 523 1831 post
534 1749 713 1831 Symbolum
736 1752 801 1811 sive
824 1757 895 1811 ante
916 1751 1010 1813 intro·

81 1832 161 1893 itum
176 1831 296 1894 'Missae
329 1830 391 1896 liat.
436 1832 618 1913 Quanquam
654 1840 701 1894 est
735 1834 795 1895 alia
827 1835 922 1914 ratio,
956 1853 1009 1895 cur

83 1914 188 1995 aptius
210 1921 281 1976 ante
304 1914 428 1975 Missam
451 1915 518 1993 fiat,
555 1917 638 1997 quod
661 1917 863 1996 Evangeliurn
886 1918 925 1977 sit
947 1936 1009 1978 vox

83 1997 224 2059 clamans
261 1999 292 2058 in
316 1997 438 2060 deserto
475 2005 506 2060 et
529 2019 643 2060 vocans
678 2000 716 2061 ad
743 1999 836 2060 fidem
858 1999 1008 2080 infideles,

81 2081 180 2142 Missa
202 2100 277 2143 vero
310 2083 349 2143 sit
377 2102 449 2143 usus
481 2084 549 2164 ipse
571 2083 731 2164 Evangelii
765 2092 795 2143 et
832 2084 1008 2146 communio

82 2183 213 2225 mensae
235 2164 377 2247 Domini,
411 2184 491 2244 quae
514 2165 664 2227 duntaxat
684 2165 820 2227 fidelium
844 2173 941 2227 estet
963 2185 1009 2226 se-

83 2267 192 2308 orsum
225 2245 290 2308 fieri
324 2247 538 2310 conveniebat.
582 2249 643 2310 Sed
672 2257 774 2310 tamen
809 2248 923 2311 liberos
952 2269 1008 2311 nos

80 2331 164 2392 ratio
184 2330 244 2391 ista
265 2348 326 2390 non
350 2329 436 2410 ligat,
459 2335 636 2410 praesertim
667 2331 748 2412 quod
782 2334 900 2408 omnia,
929 2352 1008 2411 quaa

81 2431 185 2494 usque
203 2412 243 2474 ad
265 2412 444 2493 Symbolum
467 2415 498 2474 iu
521 2411 614 2476 Missa
635 2415 727 2492 fiunt,
760 2422 866 2476 nostra
887 2422 957 2476 sunt
980 2421 1011 2476 et

81 2496 191 2571 libera,
216 2495 313 2557 aDeo
334 2516 396 2558 non
420 2504 539 2577 exacta,
563 2518 657 2578 quare
673 2517 732 2558 nec
754 2497 793 2558 ad
805 2498 931 2559 Missam
954 2517 1008 2559 ue-

83 2579 222 2641 csasario
235 2579 408 2659 ‚pertinent

168 2661 287 2723 Octavo
310 2663 447 2741 sequitur
478 2669 544 2724 tota
565 2662 618 2724 illa
640 2661 844 2740 abominatio,
878 2663 926 2723 cui
949 2683 1009 2724 ser·

83 2745 150 2806 vire
172 2751 315 2806 coactum
328 2751 376 2807 est
397 2744 544 2826 quidquid
566 2746 597 2805 in
610 2746 704 2807 Missa
725 2746 905 2826 praecessit,
928 2746 1010 2807 unde

83 2835 116 2888 et
154 2825 342 2889 offertorium
374 2836 510 2889 vocatur.
554 2828 594 2888 Et
629 2828 740 2891 abhinc
750 2826 783 2911 ²)
817 2831 920 2890 omnia
946 2831 1010 2891 iere

82 2917 202 2972 sonant
239 2929 276 2972 ac
313 2911 398 2971 olent
432 2910 631 2975 oblationem.
676 2912 708 2972 In
743 2930 872 2991 quorum
909 2913 1010 2974 medio

83 2992 181 3056 verba
203 2992 256 3054 illa
279 2995 360 3054 vitas
383 3000 413 3054 st
433 2993 539 3055 salutis
562 2996 607 3055 sic
629 2995 731 3075 posita
765 3003 835 3055 suut
858 3014 913 3055 ceu
937 2997 1008 3057 olim

83 3095 158 3138 arca
177 3076 304 3138 Domini
339 3078 369 3136 in
403 3077 518 3158 templo
547 3074 700 3139 idolorum
729 3077 815 3138 iuxta
846 3078 1010 3160 Dagon*).

83 3159 125 3221 Et
148 3158 251 3220 nullus
275 3166 321 3220 est
343 3159 384 3221 ibi
406 3159 554 3242 Israelita,
573 3162 629 3240 qui
651 3159 700 3221 vel
724 3159 873 3222 accedere
897 3162 945 3222 vel
965 3182 1009 3223 ar·

83 3261 153 3304 cam
175 3241 323 3303 reducere
346 3245 454 3323 possit,
479 3243 579 3304 donec
600 3245 668 3323 ipsa
689 3243 794 3303 hostes
804 3263 880 3304 suos
903 3246 934 3304 in
957 3263 1009 3325 po·

83 3326 215 3388 steriora
235 3344 401 3406 percussos
434 3326 600 3407 opprobrio
630 3326 816 3407 sempiterno
838 3326 1011 3389 nobilitavit

86 3414 117 3470 et
139 3427 211 3470 sese
232 3407 386 3471 dimittere
411 3409 561 3492 compulit
567 3457 577 3490 ,
612 3427 691 3489 quas
727 3414 775 3468 est
797 3409 946 3490 parabola
967 3411 1011 3470 in·

84 3492 194 3553 stantis
217 3491 373 3572 temporis.
417 3492 550 3554 Proinde
580 3492 722 3553 omnibus
751 3491 812 3552 illis
835 3491 1003 3573 repudiatis

115 3765 122 3780 .
157 3695 190 3764 1)
210 3696 242 3751 Iu
271 3694 316 3780 ed
334 3695 391 3780 Ian,
423 3696 468 3750 hic
492 3694 591 3750 addita
614 3701 678 3751 sunt
696 3695 798 3753 verbar
827 3701 856 3752 et
873 3695 1010 3769 pauculae

85 3765 167 3823 alsae.
204 3767 236 3834 2)
255 3765 339 3826 lbra:
359 3765 433 3826 bruc.
462 3768 494 3845 *J
516 3770 542 3828 1.
561 3769 635 3828 Sam.
653 3770 680 3829 5.
