2348 4162
443 252 477 307 s.
495 249 575 307 roan.
638 262 640 267 v
915 234 977 313 ιιι

55 420 173 483 articuli
195 417 267 482 fidei
289 440 308 481 a
330 419 474 482 ministris
497 424 624 480 satanae
651 414 890 499 impetuntur1),
913 424 976 478 tum

56 505 221 584 praecipue
241 503 294 565 ille
316 503 355 565 de
377 505 510 565 trinitate
531 523 550 563 a
572 500 755 599 quibusdum
777 500 925 580 Scepticis
948 507 979 562 et

56 587 216 667 Epicureis
239 585 330 649 valde
351 586 541 648 confidenter
561 585 670 664 incipit
690 584 789 647 rideri.
828 583 944 658 Quos
931 603 979 665 Ju-

57 677 135 730 sant
152 669 315 750 magnifica
335 688 398 730 non
419 667 500 731 Itali
513 675 629 730 tantum
654 666 695 727 illi
709 669 899 749 grammatici
922 686 977 728 aen

55 753 193 814 rhetores
218 756 279 829 [uti
301 753 358 814 sibi
381 752 555 831 videntur),
583 753 802 812 verumetiam
825 749 977 830 quaedam

55 836 144 897 italo·
149 834 322 900 Germanae
345 839 467 916 viperae
480 843 511 897 et
532 834 666 915 aspides,
688 853 753 912 sen,
776 835 855 895 sicut
875 840 908 895 tu
930 852 979 894 so-

55 919 102 981 les
124 919 291 999 appellare,
313 919 531 999 viperaspides‚
554 935 634 997 quae
655 918 774 979 semina
794 918 925 997 sparsim
945 918 978 976 in

55 1005 119 1063 suis
141 1002 200 1061 illis
222 1002 385 1080 colloquiis
408 1017 439 1062 et
461 1003 581 1082 scriptis
603 1007 717 1078 serunt,
739 1000 814 1060 satis
835 997 885 1084 (nt
902 999 979 1062 Pau·

56 1085 104 1145 lus
127 1081 183 1165 ιιι)
206 1094 364 1164 serpentes
387 1092 418 1146 et
439 1085 477 1151 ed
499 1085 688 1165 impietatem
712 1082 917 1165 proficientes,
941 1084 979 1144 de

57 1185 120 1246 qno
142 1166 321 1229 incredibile
343 1176 390 1229 est
412 1186 502 1248 quam
526 1169 661 1230 suaviter
678 1169 756 1228 inter
769 1185 843 1228 suos
859 1167 979 1228 rideant
1044 1205 1047 1210 ι

56 1257 88 1310 et
108 1250 274 1330 gaudeant.

119 1331 180 1395 Sed
202 1333 268 1394 istis
290 1332 500 1413 daemonibus,
523 1333 588 1393 sive
609 1331 779 1412 Epicureis,
802 1335 867 1394 aive
883 1333 978 1414 Sesp-

56 1417 136 1494 ticis,
158 1417 223 1476 sive
244 1415 397 1493 Lucianis,
419 1417 485 1476 sive
497 1414 685 1496 Pyrrhonis,
709 1415 775 1476 siva
794 1417 979 1496 quibuscun-

56 1517 117 1579 que
138 1501 282 1571 monstris
305 1498 452 1578 italisque
475 1497 729 1577 Germanisque,
726 1501 923 1579 opponimus
946 1500 979 1560 il·

56 1582 153 1656 lum
140 1581 251 1663 virum,
283 1582 334 1662 qui
358 1582 436 1642 dixit
456 1581 495 1643 ad
517 1588 654 1643 nostrum
676 1580 763 1641 illum
787 1600 909 1643 serrum
932 1581 978 1644 Ie·

55 1684 122 1751 sum
145 1630 313 1743 Christum.
344 1664 438 1727 Filius
461 1683 602 1726 meuses
624 1670 665 1745 tn,
689 1673 720 1724 et
742 1665 866 1726 iterum.
898 1658 979 1731 Sede

55 1744 213 1810 adextris
237 1749 322 1812 meis.
340 1747 565 1829 Exspectemue
574 1744 620 1829 ²)
641 1765 791 1826 quosnam
805 1749 865 1809 sint
877 1749 979 1811 tuum·

55 1829 135 1912 ph'os
157 1831 340 1912 reportaturi
351 1832 402 1891 isti
424 1832 566 1912 gigantes
587 1832 618 1890 in
641 1831 700 1891 ista
715 1830 878 1911 magnifica
893 1831 979 1903 theo·

56 1912 186 1980 machia
228 1913 300 1990 Non
336 1921 385 1975 est
416 1933 528 1976 novum
558 1911 639 1973 istud
672 1914 830 1994 gigantum
853 1913 978 1992 bellum,

54 2014 156 2079 nsque
180 2017 272 2058 unum
295 1996 485 2058 Enceladum
507 2005 559 2058 aut
580 1995 741 2078 Typhoea,
765 2004 818 2058 ant
839 1998 935 2059 semel
946 1996 976 2080 ³)

53 2087 107 2140 aut
129 2098 191 2143 uno
211 2087 330 2141 tantum
362 2081 467 2142 seculo
502 2079 690 2162 prostravit,
733 2080 787 2142 sed
820 2081 859 2142 ab
890 2082 977 2143 initio

56 2162 162 2225 mnndi
196 2162 269 2224 nihil
304 2163 389 2224 aliud
425 2164 487 2246 egit
520 2166 578 2224 iste
611 2182 717 2224 servus
752 2171 857 2225 noster
889 2163 978 2228 Iesus

56 2246 209 2327 Christub,
244 2240 335 2341 quam
358 2254 391 2308 ιιι
411 2249 552 2328 gigantes
574 2253 792 2328 prosterneret,
815 2267 877 2308 non
900 2248 978 2310 desi·

55 2332 151 2407 turns,
174 2294 275 2390 ddnec
297 2318 393 2391 s'emel
416 2340 446 2390 et
457 2349 562 2391 semen
578 2338 610 2390 et
620 2330 753 2390 radicem
768 2331 817 2409 (ut
828 2329 938 2392 Esaias
948 2328 977 2412 ⁴)

56 2412 147 2490 dicit)
172 2431 240 2473 cum
273 2418 381 2473 trunco
414 2413 558 2473 eiramis
588 2430 695 2473 omnes
716 2414 860 2494 gigantes
880 2414 979 2495 perdi·

56 2495 144 2572 derit,
166 2495 249 2575 quod
272 2501 488 2575 exspectemus
511 2496 639 2574 singulis
662 2494 768 2557 diebus
792 2505 822 2557 et
844 2515 978 2576 oramus

56 2585 89 2639 ut
110 2578 290 2659 propediem
312 2577 379 2656 fiat,
411 2579 524 2642 Amen.
566 2577 680 2639 Vale
672 2597 703 2639 ιι
725 2578 846 2641 Christo
870 2589 901 2641 et
924 2600 979 2641 ora

55 2678 112 2743 pro
135 2681 195 2726 ms.
217 2661 324 2724 Gratia
340 2662 398 2723 Dei
419 2662 500 2723 illius
519 2659 631 2723 infirmi
654 2670 684 2722 et
705 2664 785 2723 servi
808 2665 846 2723 sit
866 2671 980 2777 tecum,
1013 2735 1016 2741 ,

55 2745 167 2809 Amen.
521 2772 527 2782 ·

548 2824 634 2908 T.⁸)
646 2827 793 2889 Martinus
814 2829 936 2909 bether,

502 2946 505 2950 ⁴
594 2929 723 2972 ‘servus
746 2913 827 2973 servi
849 2913 916 2977 Dei.
975 2920 979 2931 “

18 3228 23 3233 -
129 3193 161 3262 1)
182 3193 218 3249 de
237 3195 343 3251 Wette:
361 3193 537 3269 impetantur.
573 3195 605 3260 2)
627 3192 750 3251 ibidem:
781 3193 855 3252 Sede
878 3196 979 3252 adex-

20 3293 31 3309 -
55 3266 109 3321 tria
126 3265 207 3335 meis,
229 3266 418 3335 exspectaturi
435 3274 487 3324 etc.
524 3266 552 3334 3)
572 3262 678 3321 Ibidem
698 3266 789 3323 deest:
817 3274 866 3322 aut
884 3270 977 3324 semet.
1077 3320 1080 3329 ,

55 3339 86 3406 4)
107 3335 228 3394 Ibidem:
247 3339 345 3395 isaias.
382 3338 416 3408 ι)
436 3336 542 3394 ibidem
561 3336 654 3399 deca:
673 3339 706 3393 Τ.

417 3563 625 3573 ...ἢ-ᾳ...
