<?xml version="1.0" encoding="UTF-8"?>
<!DOCTYPE html PUBLIC "-//W3C//DTD XHTML 1.0 Transitional//EN"
    "http://www.w3.org/TR/xhtml1/DTD/xhtml1-transitional.dtd">
<html xmlns="http://www.w3.org/1999/xhtml" xml:lang="en" lang="en">
 <head>
  <title>
</title>
<meta http-equiv="Content-Type" content="text/html;charset=utf-8" />
  <meta name='ocr-system' content='tesseract 3.04.00' />
  <meta name='ocr-capabilities' content='ocr_page ocr_carea ocr_par ocr_line ocrx_word'/>
</head>
<body>
  <div class='ocr_page' id='page_1' title='image "./dmartinilutheri02luthgoog_0480.png"; bbox 0 0 2348 4162; ppageno 0'>
   <div class='ocr_carea' id='block_1_1' title="bbox 220 262 1047 343">
    <p class='ocr_par' dir='ltr' id='par_1_1' title="bbox 220 262 1047 343">
     <span class='ocr_line' id='line_1_1' title="bbox 220 262 1047 343; baseline 0.004 -23"><span class='ocrx_word' id='word_1_1' title='bbox 220 338 224 343; x_wconf 27' lang='grc' dir='ltr'>Ι</span> <span class='ocrx_word' id='word_1_2' title='bbox 281 281 305 322; x_wconf 91' lang='lat' dir='ltr'><strong>c.</strong></span> <span class='ocrx_word' id='word_1_3' title='bbox 323 280 389 336; x_wconf 85' lang='lat' dir='ltr'><strong>pap.</strong></span> <span class='ocrx_word' id='word_1_4' title='bbox 410 270 439 322; x_wconf 86' lang='lat' dir='ltr'><strong>at</strong></span> <span class='ocrx_word' id='word_1_5' title='bbox 456 271 528 336; x_wconf 85' lang='lat' dir='ltr'><strong>port</strong></span> <span class='ocrx_word' id='word_1_6' title='bbox 546 262 595 321; x_wconf 82' lang='lat' dir='ltr'><strong>inl.</strong></span> <span class='ocrx_word' id='word_1_7' title='bbox 615 270 703 322; x_wconf 89' lang='lat' dir='ltr'><strong>conat.</strong></span> <span class='ocrx_word' id='word_1_8' title='bbox 722 264 882 322; x_wconf 84' lang='lat' dir='ltr'><strong>asserenda.</strong></span> <span class='ocrx_word' id='word_1_9' title='bbox 984 263 1047 331; x_wconf 78' lang='grc'><strong>467</strong></span> 
     </span>
    </p>
   </div>
   <div class='ocr_carea' id='block_1_2' title="bbox 430 435 741 512">
    <p class='ocr_par' dir='ltr' id='par_1_2' title="bbox 430 435 741 512">
     <span class='ocr_line' id='line_1_2' title="bbox 430 435 741 512; baseline 0.003 -13"><span class='ocrx_word' id='word_1_10' title='bbox 430 435 564 512; x_wconf 75' lang='lat' dir='ltr'><strong>Quartus</strong></span> <span class='ocrx_word' id='word_1_11' title='bbox 587 435 741 500; x_wconf 73' lang='lat' dir='ltr'><strong>articulus.</strong></span> 
     </span>
    </p>
   </div>
   <div class='ocr_carea' id='block_1_3' title="bbox 112 600 1052 3841">
    <p class='ocr_par' dir='ltr' id='par_1_3' title="bbox 112 600 1052 3756">
     <span class='ocr_line' id='line_1_3' title="bbox 206 600 1049 664; baseline 0.001 -4"><span class='ocrx_word' id='word_1_12' title='bbox 206 600 348 661; x_wconf 76' lang='lat' dir='ltr'><strong>Pontifex</strong></span> <span class='ocrx_word' id='word_1_13' title='bbox 370 621 432 664; x_wconf 90' lang='lat' dir='ltr'><strong>non</strong></span> <span class='ocrx_word' id='word_1_14' title='bbox 455 609 502 663; x_wconf 90' lang='lat' dir='ltr'><strong>est</strong></span> <span class='ocrx_word' id='word_1_15' title='bbox 531 603 596 662; x_wconf 90' lang='lat' dir='ltr'><strong>iure</strong></span> <span class='ocrx_word' id='word_1_16' title='bbox 622 602 726 663; x_wconf 91' lang='lat' dir='ltr'><strong>divino</strong></span> <span class='ocrx_word' id='word_1_17' title='bbox 749 606 802 662; x_wconf 91' lang='lat' dir='ltr'><strong>aut</strong></span> <span class='ocrx_word' id='word_1_18' title='bbox 824 600 969 661; x_wconf 89' lang='lat' dir='ltr'><strong>mandato</strong></span> <span class='ocrx_word' id='word_1_19' title='bbox 992 602 1049 661; x_wconf 87' lang='lat' dir='ltr'><strong>Dei</strong></span> 
     </span>
     <span class='ocr_line' id='line_1_4' title="bbox 124 683 1050 768; baseline 0.003 -26"><span class='ocrx_word' id='word_1_20' title='bbox 124 683 217 745; x_wconf 89' lang='lat' dir='ltr'><strong>totius</strong></span> <span class='ocrx_word' id='word_1_21' title='bbox 253 685 402 746; x_wconf 86' lang='lat' dir='ltr'><strong>ecclcsiae</strong></span> <span class='ocrx_word' id='word_1_22' title='bbox 436 692 527 766; x_wconf 89' lang='lat' dir='ltr'><strong>caput</strong></span> <span class='ocrx_word' id='word_1_23' title='bbox 561 683 651 768; x_wconf 87' lang='lat' dir='ltr'><strong>(nam</strong></span> <span class='ocrx_word' id='word_1_24' title='bbox 679 686 739 746; x_wconf 92' lang='lat' dir='ltr'><strong>hoc</strong></span> <span class='ocrx_word' id='word_1_25' title='bbox 771 692 818 745; x_wconf 90' lang='lat' dir='ltr'><strong>est</strong></span> <span class='ocrx_word' id='word_1_26' title='bbox 849 685 933 745; x_wconf 88' lang='lat' dir='ltr'><strong>solus</strong></span> <span class='ocrx_word' id='word_1_27' title='bbox 965 685 1050 745; x_wconf 85' lang='lat' dir='ltr'><strong>lesus</strong></span> 
     </span>
     <span class='ocr_line' id='line_1_5' title="bbox 124 764 1050 909; baseline 0.001 -83"><span class='ocrx_word' id='word_1_28' title='bbox 124 764 295 909; x_wconf 53' lang='lat' dir='ltr'><strong>Christusp,</strong></span> <span class='ocrx_word' id='word_1_29' title='bbox 325 768 380 829; x_wconf 89' lang='lat' dir='ltr'><strong>sed</strong></span> <span class='ocrx_word' id='word_1_30' title='bbox 409 776 525 829; x_wconf 88' lang='lat' dir='ltr'><strong>tanturn</strong></span> <span class='ocrx_word' id='word_1_31' title='bbox 555 771 719 849; x_wconf 88' lang='lat' dir='ltr'><strong>episcopus</strong></span> <span class='ocrx_word' id='word_1_32' title='bbox 748 775 801 829; x_wconf 85' lang='lat' dir='ltr'><strong>aut</strong></span> <span class='ocrx_word' id='word_1_33' title='bbox 823 766 975 848; x_wconf 78' lang='lat' dir='ltr'><strong>parochus</strong></span> <span class='ocrx_word' id='word_1_34' title='bbox 1003 786 1050 828; x_wconf 92' lang='lat' dir='ltr'><strong>ec-</strong></span> 
     </span>
     <span class='ocr_line' id='line_1_6' title="bbox 124 850 1052 931; baseline 0.001 -22"><span class='ocrx_word' id='word_1_35' title='bbox 124 850 239 910; x_wconf 88' lang='lat' dir='ltr'><strong>clesiae</strong></span> <span class='ocrx_word' id='word_1_36' title='bbox 288 869 434 927; x_wconf 88' lang='lat' dir='ltr'><strong>omauae,</strong></span> <span class='ocrx_word' id='word_1_37' title='bbox 468 860 499 911; x_wconf 90' lang='lat' dir='ltr'><strong>et</strong></span> <span class='ocrx_word' id='word_1_38' title='bbox 520 852 660 925; x_wconf 92' lang='lat' dir='ltr'><strong>illorum,</strong></span> <span class='ocrx_word' id='word_1_39' title='bbox 695 853 746 931; x_wconf 91' lang='lat' dir='ltr'><strong>qui</strong></span> <span class='ocrx_word' id='word_1_40' title='bbox 779 871 835 911; x_wconf 88' lang='lat' dir='ltr'><strong>sua</strong></span> <span class='ocrx_word' id='word_1_41' title='bbox 857 861 969 931; x_wconf 90' lang='lat' dir='ltr'><strong>sponte</strong></span> <span class='ocrx_word' id='word_1_42' title='bbox 999 857 1052 910; x_wconf 89' lang='lat' dir='ltr'><strong>aut</strong></span> 
     </span>
     <span class='ocr_line' id='line_1_7' title="bbox 123 934 1049 1013; baseline -0.001 -20"><span class='ocrx_word' id='word_1_43' title='bbox 123 952 178 1013; x_wconf 87' lang='lat' dir='ltr'><strong>per</strong></span> <span class='ocrx_word' id='word_1_44' title='bbox 200 940 370 994; x_wconf 86' lang='lat' dir='ltr'><strong>creaturam</strong></span> <span class='ocrx_word' id='word_1_45' title='bbox 393 935 575 1012; x_wconf 82' lang='lat' dir='ltr'><strong>humanam,</strong></span> <span class='ocrx_word' id='word_1_46' title='bbox 598 935 659 995; x_wconf 91' lang='lat' dir='ltr'><strong>hoc</strong></span> <span class='ocrx_word' id='word_1_47' title='bbox 681 942 740 1012; x_wconf 90' lang='lat' dir='ltr'><strong>est,</strong></span> <span class='ocrx_word' id='word_1_48' title='bbox 777 935 986 1013; x_wconf 82' lang='lat' dir='ltr'><strong>magistratum</strong></span> <span class='ocrx_word' id='word_1_49' title='bbox 1009 934 1049 992; x_wconf 90' lang='lat' dir='ltr'><strong>ci-</strong></span> 
     </span>
     <span class='ocr_line' id='line_1_8' title="bbox 124 1016 1051 1099; baseline 0.004 -25"><span class='ocrx_word' id='word_1_50' title='bbox 124 1016 216 1075; x_wconf 84' lang='lat' dir='ltr'><strong>vilem</strong></span> <span class='ocrx_word' id='word_1_51' title='bbox 238 1035 272 1076; x_wconf 95' lang='lat' dir='ltr'><strong>se</strong></span> <span class='ocrx_word' id='word_1_52' title='bbox 292 1017 336 1076; x_wconf 90' lang='lat' dir='ltr'><strong>illi</strong></span> <span class='ocrx_word' id='word_1_53' title='bbox 358 1026 584 1099; x_wconf 85' lang='lat' dir='ltr'><strong>aggregarunt,</strong></span> <span class='ocrx_word' id='word_1_54' title='bbox 617 1036 679 1078; x_wconf 90' lang='lat' dir='ltr'><strong>nou</strong></span> <span class='ocrx_word' id='word_1_55' title='bbox 703 1024 735 1077; x_wconf 89' lang='lat' dir='ltr'><strong>ut</strong></span> <span class='ocrx_word' id='word_1_56' title='bbox 763 1018 805 1076; x_wconf 92' lang='lat' dir='ltr'><strong>illi</strong></span> <span class='ocrx_word' id='word_1_57' title='bbox 828 1024 973 1095; x_wconf 86' lang='lat' dir='ltr'><strong>tauquam</strong></span> <span class='ocrx_word' id='word_1_58' title='bbox 998 1017 1051 1078; x_wconf 90' lang='lat' dir='ltr'><strong>do·</strong></span> 
     </span>
     <span class='ocr_line' id='line_1_9' title="bbox 126 1098 1049 1180; baseline 0.001 -22"><span class='ocrx_word' id='word_1_59' title='bbox 126 1100 211 1159; x_wconf 90' lang='lat' dir='ltr'><strong>mino</strong></span> <span class='ocrx_word' id='word_1_60' title='bbox 233 1116 289 1161; x_wconf 85' lang='lat' dir='ltr'><strong>suo</strong></span> <span class='ocrx_word' id='word_1_61' title='bbox 311 1100 449 1177; x_wconf 90' lang='lat' dir='ltr'><strong>subiecti,</strong></span> <span class='ocrx_word' id='word_1_62' title='bbox 472 1101 525 1160; x_wconf 89' lang='lat' dir='ltr'><strong>sed</strong></span> <span class='ocrx_word' id='word_1_63' title='bbox 549 1110 581 1161; x_wconf 93' lang='lat' dir='ltr'><strong>ut</strong></span> <span class='ocrx_word' id='word_1_64' title='bbox 603 1104 632 1161; x_wconf 91' lang='lat' dir='ltr'><strong>in</strong></span> <span class='ocrx_word' id='word_1_65' title='bbox 657 1101 766 1161; x_wconf 90' lang='lat' dir='ltr'><strong>eodem</strong></span> <span class='ocrx_word' id='word_1_66' title='bbox 789 1099 886 1180; x_wconf 86' lang='lat' dir='ltr'><strong>gradu</strong></span> <span class='ocrx_word' id='word_1_67' title='bbox 908 1118 976 1158; x_wconf 85' lang='lat' dir='ltr'><strong>curn</strong></span> <span class='ocrx_word' id='word_1_68' title='bbox 993 1098 1049 1159; x_wconf 92' lang='lat' dir='ltr'><strong>illo</strong></span> 
     </span>
     <span class='ocr_line' id='line_1_10' title="bbox 125 1183 1049 1262; baseline 0 -21"><span class='ocrx_word' id='word_1_69' title='bbox 125 1188 273 1260; x_wconf 88' lang='lat' dir='ltr'><strong>tanquam</strong></span> <span class='ocrx_word' id='word_1_70' title='bbox 296 1183 403 1243; x_wconf 84' lang='lat' dir='ltr'><strong>fratres</strong></span> <span class='ocrx_word' id='word_1_71' title='bbox 425 1192 455 1244; x_wconf 92' lang='lat' dir='ltr'><strong>et</strong></span> <span class='ocrx_word' id='word_1_72' title='bbox 476 1184 599 1244; x_wconf 88' lang='lat' dir='ltr'><strong>sodales</strong></span> <span class='ocrx_word' id='word_1_73' title='bbox 623 1192 727 1243; x_wconf 89' lang='lat' dir='ltr'><strong>essent</strong></span> <span class='ocrx_word' id='word_1_74' title='bbox 748 1183 921 1262; x_wconf 76' lang='lat' dir='ltr'><strong>Christiani,</strong></span> <span class='ocrx_word' id='word_1_75' title='bbox 946 1201 1049 1261; x_wconf 90' lang='lat' dir='ltr'><strong>quem·</strong></span> 
     </span>
     <span class='ocr_line' id='line_1_11' title="bbox 123 1264 1050 1346; baseline 0 -21"><span class='ocrx_word' id='word_1_76' title='bbox 123 1264 290 1325; x_wconf 87' lang='lat' dir='ltr'><strong>admodum</strong></span> <span class='ocrx_word' id='word_1_77' title='bbox 330 1275 433 1327; x_wconf 88' lang='lat' dir='ltr'><strong>vetera</strong></span> <span class='ocrx_word' id='word_1_78' title='bbox 455 1266 594 1328; x_wconf 79' lang='lat' dir='ltr'><strong>Concilio</strong></span> <span class='ocrx_word' id='word_1_79' title='bbox 621 1275 652 1327; x_wconf 90' lang='lat' dir='ltr'><strong>et</strong></span> <span class='ocrx_word' id='word_1_80' title='bbox 681 1270 801 1346; x_wconf 88' lang='lat' dir='ltr'><strong>tempus</strong></span> <span class='ocrx_word' id='word_1_81' title='bbox 832 1266 976 1346; x_wconf 81' lang='lat' dir='ltr'><strong>Cypriani</strong></span> <span class='ocrx_word' id='word_1_82' title='bbox 999 1265 1050 1325; x_wconf 90' lang='lat' dir='ltr'><strong>de-</strong></span> 
     </span>
     <span class='ocr_line' id='line_1_12' title="bbox 124 1348 1050 1429; baseline 0.001 -22"><span class='ocrx_word' id='word_1_83' title='bbox 124 1350 254 1415; x_wconf 85' lang='lat' dir='ltr'><strong>clarant.</strong></span> <span class='ocrx_word' id='word_1_84' title='bbox 289 1348 379 1409; x_wconf 87' lang='lat' dir='ltr'><strong>Nunc</strong></span> <span class='ocrx_word' id='word_1_85' title='bbox 401 1358 501 1409; x_wconf 88' lang='lat' dir='ltr'><strong>autem</strong></span> <span class='ocrx_word' id='word_1_86' title='bbox 525 1369 616 1409; x_wconf 91' lang='lat' dir='ltr'><strong>nemo</strong></span> <span class='ocrx_word' id='word_1_87' title='bbox 630 1353 846 1429; x_wconf 88' lang='lat' dir='ltr'><strong>episcoporum</strong></span> <span class='ocrx_word' id='word_1_88' title='bbox 862 1349 955 1408; x_wconf 89' lang='lat' dir='ltr'><strong>audet</strong></span> <span class='ocrx_word' id='word_1_89' title='bbox 976 1367 1050 1428; x_wconf 89' lang='lat' dir='ltr'><strong>pou·</strong></span> 
     </span>
     <span class='ocr_line' id='line_1_13' title="bbox 124 1429 1049 1512; baseline 0 -21"><span class='ocrx_word' id='word_1_90' title='bbox 124 1429 237 1491; x_wconf 88' lang='lat' dir='ltr'><strong>tifloem</strong></span> <span class='ocrx_word' id='word_1_91' title='bbox 259 1431 359 1491; x_wconf 84' lang='lat' dir='ltr'><strong>fratris</strong></span> <span class='ocrx_word' id='word_1_92' title='bbox 382 1434 506 1493; x_wconf 90' lang='lat' dir='ltr'><strong>nomine</strong></span> <span class='ocrx_word' id='word_1_93' title='bbox 535 1433 737 1512; x_wconf 79' lang='lat' dir='ltr'><strong>compellare,</strong></span> <span class='ocrx_word' id='word_1_94' title='bbox 768 1440 800 1491; x_wconf 93' lang='lat' dir='ltr'><strong>ut</strong></span> <span class='ocrx_word' id='word_1_95' title='bbox 827 1432 886 1490; x_wconf 90' lang='lat' dir='ltr'><strong>illis</strong></span> <span class='ocrx_word' id='word_1_96' title='bbox 907 1433 1049 1511; x_wconf 88' lang='lat' dir='ltr'><strong>tempori-</strong></span> 
     </span>
     <span class='ocr_line' id='line_1_14' title="bbox 124 1512 1050 1595; baseline -0.001 -21"><span class='ocrx_word' id='word_1_97' title='bbox 124 1514 190 1575; x_wconf 84' lang='lat' dir='ltr'><strong>bus.</strong></span> <span class='ocrx_word' id='word_1_98' title='bbox 235 1512 297 1576; x_wconf 83' lang='lat' dir='ltr'><strong>Sed</strong></span> <span class='ocrx_word' id='word_1_99' title='bbox 319 1524 470 1594; x_wconf 85' lang='lat' dir='ltr'><strong>coguntur</strong></span> <span class='ocrx_word' id='word_1_100' title='bbox 491 1517 583 1576; x_wconf 87' lang='lat' dir='ltr'><strong>etiam</strong></span> <span class='ocrx_word' id='word_1_101' title='bbox 605 1516 809 1595; x_wconf 81' lang='lat' dir='ltr'><strong>Imperatores</strong></span> <span class='ocrx_word' id='word_1_102' title='bbox 832 1522 861 1573; x_wconf 91' lang='lat' dir='ltr'><strong>et</strong></span> <span class='ocrx_word' id='word_1_103' title='bbox 874 1534 962 1593; x_wconf 85' lang='lat' dir='ltr'><strong>reges</strong></span> <span class='ocrx_word' id='word_1_104' title='bbox 975 1534 1050 1594; x_wconf 90' lang='lat' dir='ltr'><strong>pon·</strong></span> 
     </span>
     <span class='ocr_line' id='line_1_15' title="bbox 123 1596 1049 1678; baseline -0.002 -21"><span class='ocrx_word' id='word_1_105' title='bbox 123 1596 237 1657; x_wconf 84' lang='lat' dir='ltr'><strong>tilieem</strong></span> <span class='ocrx_word' id='word_1_106' title='bbox 271 1597 427 1658; x_wconf 92' lang='lat' dir='ltr'><strong>dominum</strong></span> <span class='ocrx_word' id='word_1_107' title='bbox 451 1618 539 1659; x_wconf 91' lang='lat' dir='ltr'><strong>suum</strong></span> <span class='ocrx_word' id='word_1_108' title='bbox 576 1599 741 1678; x_wconf 84' lang='lat' dir='ltr'><strong>appellare.</strong></span> <span class='ocrx_word' id='word_1_109' title='bbox 785 1597 819 1659; x_wconf 95' lang='lat' dir='ltr'><strong>Id</strong></span> <span class='ocrx_word' id='word_1_110' title='bbox 844 1616 942 1676; x_wconf 88' lang='lat' dir='ltr'><strong>neque</strong></span> <span class='ocrx_word' id='word_1_111' title='bbox 964 1598 1049 1657; x_wconf 87' lang='lat' dir='ltr'><strong>volu-</strong></span> 
     </span>
     <span class='ocr_line' id='line_1_16' title="bbox 125 1680 1048 1762; baseline -0.001 -23"><span class='ocrx_word' id='word_1_112' title='bbox 125 1698 203 1758; x_wconf 85' lang='lat' dir='ltr'><strong>mus,</strong></span> <span class='ocrx_word' id='word_1_113' title='bbox 228 1699 329 1759; x_wconf 90' lang='lat' dir='ltr'><strong>neque</strong></span> <span class='ocrx_word' id='word_1_114' title='bbox 352 1681 517 1760; x_wconf 88' lang='lat' dir='ltr'><strong>debemus,</strong></span> <span class='ocrx_word' id='word_1_115' title='bbox 546 1701 646 1761; x_wconf 89' lang='lat' dir='ltr'><strong>neque</strong></span> <span class='ocrx_word' id='word_1_116' title='bbox 677 1700 840 1762; x_wconf 90' lang='lat' dir='ltr'><strong>possumus</strong></span> <span class='ocrx_word' id='word_1_117' title='bbox 869 1680 955 1739; x_wconf 83' lang='lat' dir='ltr'><strong>solva</strong></span> <span class='ocrx_word' id='word_1_118' title='bbox 977 1698 1048 1740; x_wconf 91' lang='lat' dir='ltr'><strong>con-</strong></span> 
     </span>
     <span class='ocr_line' id='line_1_17' title="bbox 123 1763 1049 1839; baseline 0 -17"><span class='ocrx_word' id='word_1_119' title='bbox 123 1764 252 1823; x_wconf 74' lang='lat' dir='ltr'><strong>scientia</strong></span> <span class='ocrx_word' id='word_1_120' title='bbox 274 1764 455 1829; x_wconf 81' lang='lat' dir='ltr'><strong>concederc.</strong></span> <span class='ocrx_word' id='word_1_121' title='bbox 512 1764 566 1824; x_wconf 85' lang='lat' dir='ltr'><strong>Oui</strong></span> <span class='ocrx_word' id='word_1_122' title='bbox 600 1784 672 1824; x_wconf 90' lang='lat' dir='ltr'><strong>vero</strong></span> <span class='ocrx_word' id='word_1_123' title='bbox 706 1765 810 1823; x_wconf 88' lang='lat' dir='ltr'><strong>libebit</strong></span> <span class='ocrx_word' id='word_1_124' title='bbox 843 1763 904 1823; x_wconf 91' lang='lat' dir='ltr'><strong>hoc</strong></span> <span class='ocrx_word' id='word_1_125' title='bbox 937 1763 1049 1839; x_wconf 86' lang='lat' dir='ltr'><strong>facere,</strong></span> 
     </span>
     <span class='ocr_line' id='line_1_18' title="bbox 124 1845 1050 1927; baseline -0.002 -20"><span class='ocrx_word' id='word_1_126' title='bbox 124 1846 220 1907; x_wconf 84' lang='lat' dir='ltr'><strong>faciat</strong></span> <span class='ocrx_word' id='word_1_127' title='bbox 242 1846 358 1926; x_wconf 87' lang='lat' dir='ltr'><strong>absque</strong></span> <span class='ocrx_word' id='word_1_128' title='bbox 373 1848 471 1908; x_wconf 90' lang='lat' dir='ltr'><strong>nobis.</strong></span> <span class='ocrx_word' id='word_1_129' title='bbox 510 1847 589 1907; x_wconf 83' lang='lat' dir='ltr'><strong>Hinc</strong></span> <span class='ocrx_word' id='word_1_130' title='bbox 608 1848 753 1927; x_wconf 86' lang='lat' dir='ltr'><strong>sequitur,</strong></span> <span class='ocrx_word' id='word_1_131' title='bbox 772 1847 874 1907; x_wconf 88' lang='lat' dir='ltr'><strong>omnia</strong></span> <span class='ocrx_word' id='word_1_132' title='bbox 887 1845 948 1921; x_wconf 88' lang='lat' dir='ltr'><strong>illa,</strong></span> <span class='ocrx_word' id='word_1_133' title='bbox 971 1864 1050 1924; x_wconf 88' lang='lat' dir='ltr'><strong>quae</strong></span> 
     </span>
     <span class='ocr_line' id='line_1_19' title="bbox 123 1929 1048 2012; baseline -0.003 -23"><span class='ocrx_word' id='word_1_134' title='bbox 123 1929 265 2009; x_wconf 84' lang='lat' dir='ltr'><strong>pontifex</strong></span> <span class='ocrx_word' id='word_1_135' title='bbox 292 1950 346 2010; x_wconf 89' lang='lat' dir='ltr'><strong>per</strong></span> <span class='ocrx_word' id='word_1_136' title='bbox 368 1930 475 1990; x_wconf 84' lang='lat' dir='ltr'><strong>falsam</strong></span> <span class='ocrx_word' id='word_1_137' title='bbox 499 1932 602 2012; x_wconf 89' lang='lat' dir='ltr'><strong>istam,</strong></span> <span class='ocrx_word' id='word_1_138' title='bbox 626 1931 835 2007; x_wconf 87' lang='lat' dir='ltr'><strong>temerariam,</strong></span> <span class='ocrx_word' id='word_1_139' title='bbox 858 1930 994 2008; x_wconf 90' lang='lat' dir='ltr'><strong>impiam,</strong></span> <span class='ocrx_word' id='word_1_140' title='bbox 1017 1937 1048 1987; x_wconf 88' lang='lat' dir='ltr'><strong>et</strong></span> 
     </span>
     <span class='ocr_line' id='line_1_20' title="bbox 123 2010 1050 2094; baseline -0.004 -20"><span class='ocrx_word' id='word_1_141' title='bbox 123 2019 276 2091; x_wconf 83' lang='lat' dir='ltr'><strong>arreptam</strong></span> <span class='ocrx_word' id='word_1_142' title='bbox 299 2016 469 2093; x_wconf 88' lang='lat' dir='ltr'><strong>potentiam</strong></span> <span class='ocrx_word' id='word_1_143' title='bbox 492 2015 554 2094; x_wconf 86' lang='lat' dir='ltr'><strong>egit</strong></span> <span class='ocrx_word' id='word_1_144' title='bbox 576 2021 607 2074; x_wconf 91' lang='lat' dir='ltr'><strong>et</strong></span> <span class='ocrx_word' id='word_1_145' title='bbox 628 2015 795 2087; x_wconf 90' lang='lat' dir='ltr'><strong>constituit,</strong></span> <span class='ocrx_word' id='word_1_146' title='bbox 828 2013 922 2072; x_wconf 85' lang='lat' dir='ltr'><strong>fuisse</strong></span> <span class='ocrx_word' id='word_1_147' title='bbox 946 2018 976 2070; x_wconf 89' lang='lat' dir='ltr'><strong>et</strong></span> <span class='ocrx_word' id='word_1_148' title='bbox 993 2010 1050 2071; x_wconf 76' lang='lat' dir='ltr'><strong>‘ad-</strong></span> 
     </span>
     <span class='ocr_line' id='line_1_21' title="bbox 122 2095 1049 2177; baseline -0.002 -22"><span class='ocrx_word' id='word_1_149' title='bbox 122 2095 185 2155; x_wconf 89' lang='lat' dir='ltr'><strong>buc</strong></span> <span class='ocrx_word' id='word_1_150' title='bbox 208 2115 276 2156; x_wconf 87' lang='lat' dir='ltr'><strong>esse</strong></span> <span class='ocrx_word' id='word_1_151' title='bbox 298 2104 368 2157; x_wconf 86' lang='lat' dir='ltr'><strong>acta</strong></span> <span class='ocrx_word' id='word_1_152' title='bbox 389 2104 421 2157; x_wconf 90' lang='lat' dir='ltr'><strong>et</strong></span> <span class='ocrx_word' id='word_1_153' title='bbox 442 2106 530 2177; x_wconf 86' lang='lat' dir='ltr'><strong>gesta</strong></span> <span class='ocrx_word' id='word_1_154' title='bbox 557 2099 653 2177; x_wconf 88' lang='lat' dir='ltr'><strong>ipsius</strong></span> <span class='ocrx_word' id='word_1_155' title='bbox 684 2096 798 2156; x_wconf 90' lang='lat' dir='ltr'><strong>diaboli</strong></span> <span class='ocrx_word' id='word_1_156' title='bbox 817 2097 979 2174; x_wconf 68' lang='lat' dir='ltr'><strong>(exceptis</strong></span> <span class='ocrx_word' id='word_1_157' title='bbox 1002 2096 1049 2173; x_wconf 89' lang='lat' dir='ltr'><strong>iis,</strong></span> 
     </span>
     <span class='ocr_line' id='line_1_22' title="bbox 122 2179 1050 2259; baseline -0.001 -21"><span class='ocrx_word' id='word_1_158' title='bbox 122 2196 204 2258; x_wconf 91' lang='lat' dir='ltr'><strong>quae</strong></span> <span class='ocrx_word' id='word_1_159' title='bbox 233 2179 272 2238; x_wconf 90' lang='lat' dir='ltr'><strong>ad</strong></span> <span class='ocrx_word' id='word_1_160' title='bbox 296 2179 453 2259; x_wconf 88' lang='lat' dir='ltr'><strong>politicum</strong></span> <span class='ocrx_word' id='word_1_161' title='bbox 480 2187 592 2240; x_wconf 88' lang='lat' dir='ltr'><strong>statum</strong></span> <span class='ocrx_word' id='word_1_162' title='bbox 614 2182 789 2259; x_wconf 88' lang='lat' dir='ltr'><strong>pertinent,</strong></span> <span class='ocrx_word' id='word_1_163' title='bbox 822 2181 852 2239; x_wconf 93' lang='lat' dir='ltr'><strong>in</strong></span> <span class='ocrx_word' id='word_1_164' title='bbox 884 2198 944 2258; x_wconf 92' lang='lat' dir='ltr'><strong>quo</strong></span> <span class='ocrx_word' id='word_1_165' title='bbox 967 2179 1050 2238; x_wconf 89' lang='lat' dir='ltr'><strong>Deus</strong></span> 
     </span>
     <span class='ocr_line' id='line_1_23' title="bbox 123 2262 1050 2342; baseline -0.002 -20"><span class='ocrx_word' id='word_1_166' title='bbox 123 2262 216 2322; x_wconf 87' lang='lat' dir='ltr'><strong>etiam</strong></span> <span class='ocrx_word' id='word_1_167' title='bbox 239 2281 294 2342; x_wconf 93' lang='lat' dir='ltr'><strong>per</strong></span> <span class='ocrx_word' id='word_1_168' title='bbox 317 2269 479 2342; x_wconf 82' lang='lat' dir='ltr'><strong>tyrannum</strong></span> <span class='ocrx_word' id='word_1_169' title='bbox 505 2272 535 2323; x_wconf 82' lang='lat' dir='ltr'><strong>et·</strong></span> <span class='ocrx_word' id='word_1_170' title='bbox 554 2263 738 2324; x_wconf 88' lang='lat' dir='ltr'><strong>nebulonem</strong></span> <span class='ocrx_word' id='word_1_171' title='bbox 752 2263 854 2340; x_wconf 89' lang='lat' dir='ltr'><strong>aliqua</strong></span> <span class='ocrx_word' id='word_1_172' title='bbox 877 2262 959 2321; x_wconf 89' lang='lat' dir='ltr'><strong>bona</strong></span> <span class='ocrx_word' id='word_1_173' title='bbox 976 2281 1050 2340; x_wconf 84' lang='lat' dir='ltr'><strong>gen-</strong></span> 
     </span>
     <span class='ocr_line' id='line_1_24' title="bbox 123 2344 1050 2425; baseline -0.001 -21"><span class='ocrx_word' id='word_1_174' title='bbox 123 2344 204 2404; x_wconf 88' lang='lat' dir='ltr'><strong>tibus</strong></span> <span class='ocrx_word' id='word_1_175' title='bbox 236 2346 401 2425; x_wconf 87' lang='lat' dir='ltr'><strong>largitur),</strong></span> <span class='ocrx_word' id='word_1_176' title='bbox 437 2346 587 2406; x_wconf 87' lang='lat' dir='ltr'><strong>destinata</strong></span> <span class='ocrx_word' id='word_1_177' title='bbox 618 2347 656 2405; x_wconf 89' lang='lat' dir='ltr'><strong>ud</strong></span> <span class='ocrx_word' id='word_1_178' title='bbox 693 2347 858 2424; x_wconf 89' lang='lat' dir='ltr'><strong>perniciem</strong></span> <span class='ocrx_word' id='word_1_179' title='bbox 890 2346 1050 2403; x_wconf 88' lang='lat' dir='ltr'><strong>universae</strong></span> 
     </span>
     <span class='ocr_line' id='line_1_25' title="bbox 122 2425 1049 2510; baseline 0 -23"><span class='ocrx_word' id='word_1_180' title='bbox 122 2436 341 2489; x_wconf 86' lang='lat' dir='ltr'><strong>sacrosanctae</strong></span> <span class='ocrx_word' id='word_1_181' title='bbox 364 2429 553 2489; x_wconf 79' lang='lat' dir='ltr'><strong>Christianae</strong></span> <span class='ocrx_word' id='word_1_182' title='bbox 577 2429 726 2488; x_wconf 84' lang='lat' dir='ltr'><strong>ecclesiae</strong></span> <span class='ocrx_word' id='word_1_183' title='bbox 747 2425 910 2510; x_wconf 87' lang='lat' dir='ltr'><strong>(quantum</strong></span> <span class='ocrx_word' id='word_1_184' title='bbox 934 2428 1049 2505; x_wconf 92' lang='lat' dir='ltr'><strong>inipso</strong></span> 
     </span>
     <span class='ocr_line' id='line_1_26' title="bbox 120 2511 1049 2592; baseline -0.003 -21"><span class='ocrx_word' id='word_1_185' title='bbox 120 2511 198 2589; x_wconf 84' lang='lat' dir='ltr'><strong>init)</strong></span> <span class='ocrx_word' id='word_1_186' title='bbox 222 2521 253 2571; x_wconf 89' lang='lat' dir='ltr'><strong>et</strong></span> <span class='ocrx_word' id='word_1_187' title='bbox 274 2511 313 2572; x_wconf 88' lang='lat' dir='ltr'><strong>ad</strong></span> <span class='ocrx_word' id='word_1_188' title='bbox 341 2511 576 2592; x_wconf 89' lang='lat' dir='ltr'><strong>opprimendum</strong></span> <span class='ocrx_word' id='word_1_189' title='bbox 599 2513 727 2591; x_wconf 87' lang='lat' dir='ltr'><strong>primum</strong></span> <span class='ocrx_word' id='word_1_190' title='bbox 758 2511 917 2570; x_wconf 89' lang='lat' dir='ltr'><strong>articulum</strong></span> <span class='ocrx_word' id='word_1_191' title='bbox 941 2511 1049 2588; x_wconf 91' lang='lat' dir='ltr'><strong>princi-</strong></span> 
     </span>
     <span class='ocr_line' id='line_1_27' title="bbox 123 2593 1050 2674; baseline -0.004 -19"><span class='ocrx_word' id='word_1_192' title='bbox 123 2593 226 2674; x_wconf 87' lang='lat' dir='ltr'><strong>palem</strong></span> <span class='ocrx_word' id='word_1_193' title='bbox 250 2595 288 2655; x_wconf 92' lang='lat' dir='ltr'><strong>de</strong></span> <span class='ocrx_word' id='word_1_194' title='bbox 310 2595 522 2674; x_wconf 83' lang='lat' dir='ltr'><strong>redemptione</strong></span> <span class='ocrx_word' id='word_1_195' title='bbox 551 2594 622 2654; x_wconf 90' lang='lat' dir='ltr'><strong>lesu</strong></span> <span class='ocrx_word' id='word_1_196' title='bbox 644 2594 765 2656; x_wconf 82' lang='lat' dir='ltr'><strong>Christi.</strong></span> <span class='ocrx_word' id='word_1_197' title='bbox 816 2593 947 2652; x_wconf 78' lang='lat' dir='ltr'><strong>Exstant</strong></span> <span class='ocrx_word' id='word_1_198' title='bbox 970 2595 1050 2652; x_wconf 91' lang='lat' dir='ltr'><strong>enirn</strong></span> 
     </span>
     <span class='ocr_line' id='line_1_28' title="bbox 124 2672 1050 2757; baseline -0.001 -20"><span class='ocrx_word' id='word_1_199' title='bbox 124 2678 191 2737; x_wconf 86' lang='lat' dir='ltr'><strong>eius</strong></span> <span class='ocrx_word' id='word_1_200' title='bbox 213 2677 323 2738; x_wconf 86' lang='lat' dir='ltr'><strong>Bullae</strong></span> <span class='ocrx_word' id='word_1_201' title='bbox 345 2687 375 2738; x_wconf 87' lang='lat' dir='ltr'><strong>et</strong></span> <span class='ocrx_word' id='word_1_202' title='bbox 397 2679 472 2753; x_wconf 89' lang='lat' dir='ltr'><strong>libri,</strong></span> <span class='ocrx_word' id='word_1_203' title='bbox 495 2678 652 2756; x_wconf 89' lang='lat' dir='ltr'><strong>inquibus</strong></span> <span class='ocrx_word' id='word_1_204' title='bbox 673 2679 755 2756; x_wconf 86' lang='lat' dir='ltr'><strong>rugit</strong></span> <span class='ocrx_word' id='word_1_205' title='bbox 776 2676 859 2735; x_wconf 91' lang='lat' dir='ltr'><strong>velut</strong></span> <span class='ocrx_word' id='word_1_206' title='bbox 882 2678 931 2735; x_wconf 91' lang='lat' dir='ltr'><strong>lec</strong></span> <span class='ocrx_word' id='word_1_207' title='bbox 954 2672 1050 2757; x_wconf 82' lang='lat' dir='ltr'><strong>(sicut</strong></span> 
     </span>
     <span class='ocr_line' id='line_1_29' title="bbox 123 2760 1049 2841; baseline -0.004 -20"><span class='ocrx_word' id='word_1_208' title='bbox 123 2780 194 2821; x_wconf 90' lang='lat' dir='ltr'><strong>eum</strong></span> <span class='ocrx_word' id='word_1_209' title='bbox 208 2760 346 2841; x_wconf 83' lang='lat' dir='ltr'><strong>depingit</strong></span> <span class='ocrx_word' id='word_1_210' title='bbox 356 2762 484 2840; x_wconf 84' lang='lat' dir='ltr'><strong>angelus</strong></span> <span class='ocrx_word' id='word_1_211' title='bbox 502 2760 709 2841; x_wconf 76' lang='lat' dir='ltr'><strong>Apocalypsis</strong></span> <span class='ocrx_word' id='word_1_212' title='bbox 722 2779 789 2839; x_wconf 92' lang='lat' dir='ltr'><strong>cap.</strong></span> <span class='ocrx_word' id='word_1_213' title='bbox 805 2761 873 2838; x_wconf 84' lang='lat'><strong>12),</strong></span> <span class='ocrx_word' id='word_1_214' title='bbox 896 2760 1049 2818; x_wconf 86' lang='lat' dir='ltr'><strong>neminem</strong></span> 
     </span>
     <span class='ocr_line' id='line_1_30' title="bbox 123 2841 1052 2924; baseline -0.003 -20"><span class='ocrx_word' id='word_1_215' title='bbox 123 2842 365 2905; x_wconf 83' lang='lat' dir='ltr'><strong>Christianorum</strong></span> <span class='ocrx_word' id='word_1_216' title='bbox 389 2864 482 2924; x_wconf 88' lang='lat' dir='ltr'><strong>posse</strong></span> <span class='ocrx_word' id='word_1_217' title='bbox 504 2844 622 2904; x_wconf 82' lang='lat' dir='ltr'><strong>salvum</strong></span> <span class='ocrx_word' id='word_1_218' title='bbox 645 2842 727 2920; x_wconf 90' lang='lat' dir='ltr'><strong>fieri,</strong></span> <span class='ocrx_word' id='word_1_219' title='bbox 751 2844 807 2902; x_wconf 89' lang='lat' dir='ltr'><strong>uisi</strong></span> <span class='ocrx_word' id='word_1_220' title='bbox 835 2843 893 2922; x_wconf 91' lang='lat' dir='ltr'><strong>ipsi</strong></span> <span class='ocrx_word' id='word_1_221' title='bbox 927 2841 1052 2903; x_wconf 89' lang='lat' dir='ltr'><strong>obediat</strong></span> 
     </span>
     <span class='ocr_line' id='line_1_31' title="bbox 122 2926 1050 3007; baseline -0.002 -18"><span class='ocrx_word' id='word_1_222' title='bbox 122 2935 156 2989; x_wconf 87' lang='lat' dir='ltr'><strong>et</strong></span> <span class='ocrx_word' id='word_1_223' title='bbox 176 2926 315 2988; x_wconf 85' lang='lat' dir='ltr'><strong>subditus</strong></span> <span class='ocrx_word' id='word_1_224' title='bbox 337 2929 376 2986; x_wconf 91' lang='lat' dir='ltr'><strong>sit</strong></span> <span class='ocrx_word' id='word_1_225' title='bbox 398 2928 560 3005; x_wconf 89' lang='lat' dir='ltr'><strong>omnibns,</strong></span> <span class='ocrx_word' id='word_1_226' title='bbox 589 2946 667 3006; x_wconf 88' lang='lat' dir='ltr'><strong>quae</strong></span> <span class='ocrx_word' id='word_1_227' title='bbox 685 2927 793 3007; x_wconf 87' lang='lat' dir='ltr'><strong>jubet,</strong></span> <span class='ocrx_word' id='word_1_228' title='bbox 823 2926 896 2986; x_wconf 89' lang='lat' dir='ltr'><strong>dicit</strong></span> <span class='ocrx_word' id='word_1_229' title='bbox 918 2934 947 2984; x_wconf 87' lang='lat' dir='ltr'><strong>et</strong></span> <span class='ocrx_word' id='word_1_230' title='bbox 969 2926 1050 2987; x_wconf 86' lang='lat' dir='ltr'><strong>facit.</strong></span> 
     </span>
     <span class='ocr_line' id='line_1_32' title="bbox 123 3008 1050 3088; baseline 0 -19"><span class='ocrx_word' id='word_1_231' title='bbox 123 3010 214 3086; x_wconf 77' lang='lat' dir='ltr'><strong>Quae</strong></span> <span class='ocrx_word' id='word_1_232' title='bbox 247 3012 352 3070; x_wconf 89' lang='lat' dir='ltr'><strong>omnia</strong></span> <span class='ocrx_word' id='word_1_233' title='bbox 392 3011 466 3070; x_wconf 92' lang='lat' dir='ltr'><strong>nihil</strong></span> <span class='ocrx_word' id='word_1_234' title='bbox 499 3009 580 3071; x_wconf 92' lang='lat' dir='ltr'><strong>cliud</strong></span> <span class='ocrx_word' id='word_1_235' title='bbox 616 3020 702 3086; x_wconf 89' lang='lat' dir='ltr'><strong>sunt,</strong></span> <span class='ocrx_word' id='word_1_236' title='bbox 735 3028 825 3088; x_wconf 90' lang='lat' dir='ltr'><strong>quam</strong></span> <span class='ocrx_word' id='word_1_237' title='bbox 861 3011 886 3068; x_wconf 91' lang='lat' dir='ltr'><strong>si</strong></span> <span class='ocrx_word' id='word_1_238' title='bbox 920 3008 1050 3069; x_wconf 90' lang='lat' dir='ltr'><strong>diceret:</strong></span> 
     </span>
     <span class='ocr_line' id='line_1_33' title="bbox 122 3092 1050 3155; baseline -0.004 0"><span class='ocrx_word' id='word_1_239' title='bbox 122 3094 252 3155; x_wconf 75' lang='lat' dir='ltr'><strong>Etiamsi</strong></span> <span class='ocrx_word' id='word_1_240' title='bbox 281 3093 389 3154; x_wconf 88' lang='lat' dir='ltr'><strong>credas</strong></span> <span class='ocrx_word' id='word_1_241' title='bbox 417 3095 446 3152; x_wconf 90' lang='lat' dir='ltr'><strong>in</strong></span> <span class='ocrx_word' id='word_1_242' title='bbox 480 3093 631 3153; x_wconf 78' lang='lat' dir='ltr'><strong>Christum</strong></span> <span class='ocrx_word' id='word_1_243' title='bbox 673 3099 704 3153; x_wconf 93' lang='lat' dir='ltr'><strong>et</strong></span> <span class='ocrx_word' id='word_1_244' title='bbox 732 3094 770 3151; x_wconf 87' lang='lat' dir='ltr'><strong>ab</strong></span> <span class='ocrx_word' id='word_1_245' title='bbox 798 3092 852 3152; x_wconf 92' lang='lat' dir='ltr'><strong>illo</strong></span> <span class='ocrx_word' id='word_1_246' title='bbox 881 3093 986 3153; x_wconf 91' lang='lat' dir='ltr'><strong>omnic</strong></span> <span class='ocrx_word' id='word_1_247' title='bbox 1009 3094 1050 3151; x_wconf 88' lang='lat' dir='ltr'><strong>sis</strong></span> 
     </span>
     <span class='ocr_line' id='line_1_34' title="bbox 123 3175 1048 3256; baseline -0.004 -18"><span class='ocrx_word' id='word_1_248' title='bbox 123 3183 326 3256; x_wconf 87' lang='lat' dir='ltr'><strong>consecutus,</strong></span> <span class='ocrx_word' id='word_1_249' title='bbox 349 3195 428 3255; x_wconf 87' lang='lat' dir='ltr'><strong>quae</strong></span> <span class='ocrx_word' id='word_1_250' title='bbox 451 3177 488 3236; x_wconf 89' lang='lat' dir='ltr'><strong>ad</strong></span> <span class='ocrx_word' id='word_1_251' title='bbox 512 3177 641 3237; x_wconf 88' lang='lat' dir='ltr'><strong>salutern</strong></span> <span class='ocrx_word' id='word_1_252' title='bbox 663 3176 825 3255; x_wconf 87' lang='lat' dir='ltr'><strong>pertinent,</strong></span> <span class='ocrx_word' id='word_1_253' title='bbox 849 3183 952 3236; x_wconf 88' lang='lat' dir='ltr'><strong>tamen</strong></span> <span class='ocrx_word' id='word_1_254' title='bbox 976 3175 1048 3235; x_wconf 90' lang='lat' dir='ltr'><strong>nihil</strong></span> 
     </span>
     <span class='ocr_line' id='line_1_35' title="bbox 112 3258 1049 3341; baseline -0.002 -23"><span class='ocrx_word' id='word_1_255' title='bbox 112 3261 203 3341; x_wconf 67' lang='lat' dir='ltr'><strong>ogis,</strong></span> <span class='ocrx_word' id='word_1_256' title='bbox 226 3261 283 3320; x_wconf 92' lang='lat' dir='ltr'><strong>nisi</strong></span> <span class='ocrx_word' id='word_1_257' title='bbox 306 3279 356 3319; x_wconf 89' lang='lat' dir='ltr'><strong>me</strong></span> <span class='ocrx_word' id='word_1_258' title='bbox 377 3280 432 3339; x_wconf 95' lang='lat' dir='ltr'><strong>pro</strong></span> <span class='ocrx_word' id='word_1_259' title='bbox 454 3260 520 3320; x_wconf 89' lang='lat' dir='ltr'><strong>Deo</strong></span> <span class='ocrx_word' id='word_1_260' title='bbox 542 3268 595 3320; x_wconf 89' lang='lat' dir='ltr'><strong>tuo</strong></span> <span class='ocrx_word' id='word_1_261' title='bbox 614 3259 709 3337; x_wconf 86' lang='lat' dir='ltr'><strong>colas,</strong></span> <span class='ocrx_word' id='word_1_262' title='bbox 732 3259 804 3318; x_wconf 93' lang='lat' dir='ltr'><strong>mihi</strong></span> <span class='ocrx_word' id='word_1_263' title='bbox 829 3258 983 3336; x_wconf 90' lang='lat' dir='ltr'><strong>subiectus</strong></span> <span class='ocrx_word' id='word_1_264' title='bbox 1009 3260 1049 3317; x_wconf 90' lang='lat' dir='ltr'><strong>sis</strong></span> 
     </span>
     <span class='ocr_line' id='line_1_36' title="bbox 123 3342 1052 3423; baseline -0.001 -21"><span class='ocrx_word' id='word_1_265' title='bbox 123 3342 261 3422; x_wconf 90' lang='lat' dir='ltr'><strong>mihique</strong></span> <span class='ocrx_word' id='word_1_266' title='bbox 283 3343 421 3423; x_wconf 85' lang='lat' dir='ltr'><strong>obedias,</strong></span> <span class='ocrx_word' id='word_1_267' title='bbox 451 3362 519 3403; x_wconf 89' lang='lat' dir='ltr'><strong>cum</strong></span> <span class='ocrx_word' id='word_1_268' title='bbox 542 3351 644 3404; x_wconf 88' lang='lat' dir='ltr'><strong>tamen</strong></span> <span class='ocrx_word' id='word_1_269' title='bbox 667 3344 706 3402; x_wconf 92' lang='lat' dir='ltr'><strong>sit</strong></span> <span class='ocrx_word' id='word_1_270' title='bbox 724 3342 929 3418; x_wconf 86' lang='lat' dir='ltr'><strong>manifestum,</strong></span> <span class='ocrx_word' id='word_1_271' title='bbox 952 3360 1052 3401; x_wconf 87' lang='lat' dir='ltr'><strong>sacro·</strong></span> 
     </span>
     <span class='ocr_line' id='line_1_37' title="bbox 123 3424 1051 3504; baseline -0.006 -15"><span class='ocrx_word' id='word_1_272' title='bbox 123 3436 263 3489; x_wconf 75' lang='lat' dir='ltr'><strong>sanctam</strong></span> <span class='ocrx_word' id='word_1_273' title='bbox 299 3425 460 3487; x_wconf 86' lang='lat' dir='ltr'><strong>ecclesiam</strong></span> <span class='ocrx_word' id='word_1_274' title='bbox 494 3444 556 3487; x_wconf 92' lang='lat' dir='ltr'><strong>non</strong></span> <span class='ocrx_word' id='word_1_275' title='bbox 585 3426 728 3486; x_wconf 86' lang='lat' dir='ltr'><strong>habuisse</strong></span> <span class='ocrx_word' id='word_1_276' title='bbox 751 3424 925 3504; x_wconf 88' lang='lat' dir='ltr'><strong>pontificem</strong></span> <span class='ocrx_word' id='word_1_277' title='bbox 960 3424 1051 3484; x_wconf 86' lang='lat' dir='ltr'><strong>talem</strong></span> 
     </span>
     <span class='ocr_line' id='line_1_38' title="bbox 122 3506 1051 3593; baseline -0.005 -22"><span class='ocrx_word' id='word_1_278' title='bbox 122 3518 317 3593; x_wconf 68' lang='lat' dir='ltr'><strong>auteaunos</strong></span> <span class='ocrx_word' id='word_1_279' title='bbox 340 3512 552 3589; x_wconf 83' lang='lat' dir='ltr'><strong>octingentos,</strong></span> <span class='ocrx_word' id='word_1_280' title='bbox 574 3511 664 3589; x_wconf 91' lang='lat' dir='ltr'><strong>item,</strong></span> <span class='ocrx_word' id='word_1_281' title='bbox 689 3507 782 3569; x_wconf 89' lang='lat' dir='ltr'><strong>hodie</strong></span> <span class='ocrx_word' id='word_1_282' title='bbox 811 3527 934 3587; x_wconf 89' lang='lat' dir='ltr'><strong>qnoque</strong></span> <span class='ocrx_word' id='word_1_283' title='bbox 959 3506 1051 3567; x_wconf 84' lang='lat' dir='ltr'><strong>Grae-</strong></span> 
     </span>
     <span class='ocr_line' id='line_1_39' title="bbox 123 3589 1048 3672; baseline -0.008 -17"><span class='ocrx_word' id='word_1_284' title='bbox 123 3612 231 3655; x_wconf 87' lang='lat' dir='ltr'><strong>corum</strong></span> <span class='ocrx_word' id='word_1_285' title='bbox 263 3601 292 3652; x_wconf 90' lang='lat' dir='ltr'><strong>et</strong></span> <span class='ocrx_word' id='word_1_286' title='bbox 315 3595 440 3654; x_wconf 92' lang='lat' dir='ltr'><strong>aliarum</strong></span> <span class='ocrx_word' id='word_1_287' title='bbox 472 3595 606 3672; x_wconf 85' lang='lat' dir='ltr'><strong>gentium</strong></span> <span class='ocrx_word' id='word_1_288' title='bbox 640 3593 787 3653; x_wconf 88' lang='lat' dir='ltr'><strong>ecclesias</strong></span> <span class='ocrx_word' id='word_1_289' title='bbox 821 3589 957 3670; x_wconf 85' lang='lat' dir='ltr'><strong>pontifici</strong></span> <span class='ocrx_word' id='word_1_290' title='bbox 987 3610 1048 3651; x_wconf 90' lang='lat' dir='ltr'><strong>non</strong></span> 
     </span>
     <span class='ocr_line' id='line_1_40' title="bbox 123 3675 904 3756; baseline -0.003 -17"><span class='ocrx_word' id='word_1_291' title='bbox 123 3696 195 3739; x_wconf 89' lang='lat' dir='ltr'><strong>esse</strong></span> <span class='ocrx_word' id='word_1_292' title='bbox 218 3675 382 3755; x_wconf 81' lang='lat' dir='ltr'><strong>subiectas,</strong></span> <span class='ocrx_word' id='word_1_293' title='bbox 405 3695 506 3756; x_wconf 88' lang='lat' dir='ltr'><strong>neque</strong></span> <span class='ocrx_word' id='word_1_294' title='bbox 528 3695 662 3756; x_wconf 89' lang='lat' dir='ltr'><strong>unquam</strong></span> <span class='ocrx_word' id='word_1_295' title='bbox 685 3682 777 3735; x_wconf 88' lang='lat' dir='ltr'><strong>antea</strong></span> <span class='ocrx_word' id='word_1_296' title='bbox 801 3675 904 3737; x_wconf 87' lang='lat' dir='ltr'><strong>luisse.</strong></span> 
     </span>
    </p>

    <p class='ocr_par' dir='ltr' id='par_1_4' title="bbox 208 3757 1049 3841">
     <span class='ocr_line' id='line_1_41' title="bbox 208 3757 1049 3841; baseline -0.002 -22"><span class='ocrx_word' id='word_1_297' title='bbox 208 3757 320 3839; x_wconf 77' lang='lat' dir='ltr'><strong>Quare,</strong></span> <span class='ocrx_word' id='word_1_298' title='bbox 344 3770 377 3821; x_wconf 89' lang='lat' dir='ltr'><strong>ut</strong></span> <span class='ocrx_word' id='word_1_299' title='bbox 397 3780 493 3841; x_wconf 87' lang='lat' dir='ltr'><strong>saepe</strong></span> <span class='ocrx_word' id='word_1_300' title='bbox 515 3760 657 3837; x_wconf 84' lang='lat' dir='ltr'><strong>diximus,</strong></span> <span class='ocrx_word' id='word_1_301' title='bbox 681 3759 848 3820; x_wconf 87' lang='lat' dir='ltr'><strong>humanum</strong></span> <span class='ocrx_word' id='word_1_302' title='bbox 870 3758 1049 3839; x_wconf 85' lang='lat' dir='ltr'><strong>figmentum</strong></span> 
     </span>
    </p>
   </div>
   <div class='ocr_carea' id='block_1_4' title="bbox 772 3840 840 3910">
    <p class='ocr_par' dir='ltr' id='par_1_5' title="bbox 772 3840 840 3910">
     <span class='ocr_line' id='line_1_42' title="bbox 772 3840 840 3910; baseline 0.015 -1"><span class='ocrx_word' id='word_1_303' title='bbox 772 3840 840 3910; x_wconf 75' lang='lat'><strong>30·</strong></span> 
     </span>
    </p>
   </div>
   <div class='ocr_carea' id='block_1_5' title="bbox 0 0 1178 4162">
    <p class='ocr_par' dir='ltr' id='par_1_6' title="bbox 0 0 1178 4162">
     <span class='ocr_line' id='line_1_43' title="bbox 0 0 1178 4162; baseline 0 0"><span class='ocrx_word' id='word_1_304' title='bbox 0 0 1178 4162; x_wconf 95' lang='lat' dir='ltr'><strong> </strong></span> 
     </span>
    </p>
   </div>
  </div>
 </body>
</html>
