2348 4162
335 230 372 287 ad
390 230 425 288 D.
444 231 586 288 Erasmum
605 230 830 288 Boterodamum.
985 228 1047 295 183

205 400 254 462 Ad
277 408 400 465 nostros
423 404 593 479 veniamus,
614 400 769 462 lohannes
791 403 872 463 Huss
903 421 970 462 cum
1003 402 1048 461 sio

121 486 152 547 in
177 485 293 565 Papam
318 486 440 547 disserit
461 506 501 547 ex
517 484 628 546 -blatth
653 489 706 549 16:
742 484 853 546 Portae
881 486 1046 546 interorum

119 588 183 630 non
207 569 390 648 praevalent
411 569 557 630 adversus
574 568 736 628 ecclesiam
761 588 871 640 meam,
893 571 980 629 estne
997 567 1048 628 hic

121 652 226 732 aliqua
260 651 432 713 obscuritas
468 652 516 712 vel
547 650 751 730 ambiguitas?
809 651 869 712 Sed
900 651 1046 711 adversus

122 734 238 813 Papam
262 741 293 795 et
314 754 387 796 suos
409 735 588 814 praevalent
613 745 720 814 portae
736 735 832 812 interi,
856 741 888 793 ut
911 734 961 813 qni
986 753 1047 793 ma-

121 818 235 878 nifesta
270 819 428 899 impietate
463 824 493 878 et
522 817 688 878 sceleribus
722 823 787 876 toto
821 817 896 877 orbe
927 815 1047 877 nabiles

122 909 203 961 sunt.
246 899 303 960 Est
323 902 354 975 id
377 919 500 980 quoque
521 900 705 961 obscurum?
736 899 820 978 Ergo
842 900 926 980 Papa
950 907 982 958 et
1002 900 1047 958 sni

121 1002 185 1044 uon
208 992 282 1043 sunt
309 984 451 1060 ecclesia,
474 983 513 1045 de
534 1003 595 1064 qua
613 983 749 1044 Christus
773 983 915 1061 loquitur.
968 980 1047 1056 Quid

122 1065 173 1127 hio
194 1074 304 1126 contra
331 1066 488 1127 dicerent?
522 1073 575 1126 aut
603 1067 760 1145 quomodo
789 1067 966 1126 resisterent
994 1066 1049 1142 ori,

122 1147 206 1228 quod
231 1148 369 1210 Christus
392 1150 436 1208 illi
464 1149 610 1209 dederat?
645 1150 685 1207 At
705 1150 881 1209 restiterunt
904 1156 1004 1209 tamen
1019 1153 1049 1207 et

122 1231 343 1311 perstiterunt,
371 1231 471 1293 donec
492 1233 592 1308 ipsum
616 1239 787 1309 exurerent,
812 1238 928 1292 tautum
951 1231 1049 1306 abest,

123 1322 156 1375 at
177 1333 271 1375 sensu
293 1315 448 1375 oederent.
501 1314 567 1375 Neo
595 1314 732 1374 Christus
765 1315 825 1374 boc
854 1321 949 1391 tacet,
980 1333 1049 1373 cum

124 1396 255 1472 dicit*):
283 1397 461 1468 Adversarii
490 1417 552 1459 nan
576 1404 721 1476 poterunt
743 1397 907 1474 resistere,
940 1396 1048 1457 adver·

123 1482 195 1540 sarii
218 1488 290 1542 sunt
312 1478 459 1562 (inquit),
482 1499 555 1559 ergo
578 1480 741 1557 resistent,
773 1480 888 1558 alioqui
912 1499 972 1540 non
996 1478 1049 1539 ad·

124 1565 262 1642 versarii,
284 1564 337 1624 sed
359 1565 448 1624 amici
480 1563 605 1643 fierent,
633 1569 663 1623 et
691 1571 794 1624 tamen
821 1564 965 1623 resistere
987 1580 1049 1622 non

124 1654 278 1727 poterunt.
323 1646 401 1722 Quid
436 1652 483 1706 est
505 1647 564 1707 boc
592 1645 674 1706 aliud
704 1646 826 1723 dicere,
856 1664 947 1724 qnam
977 1646 1050 1705 resi-

124 1729 236 1790 stendo
258 1748 320 1789 non
343 1735 489 1810 poterant
510 1730 659 1790 resistere.

207 1810 240 1873 Si
262 1813 366 1892 itaque
392 1816 424 1893 et
443 1831 502 1873 nos
529 1811 657 1872 liberum
692 1810 846 1872 arbitrium
874 1812 919 1872 sic
947 1808 1051 1870 cans·

123 1902 188 1956 tara
218 1897 415 1975 poterimus,
452 1901 485 1955 ut
518 1894 684 1956 adversarii
714 1901 871 1973 nequeant
898 1895 1049 1968 resistere,

124 1979 244 2040 etiamsi
267 1979 433 2057 persistant
455 1996 511 2038 suo
533 1997 640 2045 sensu,
662 1984 694 2037 et
715 1985 906 2056 repugnante
930 1977 1049 2037 consci-

124 2061 208 2122 entia
220 2061 373 2140 resistant,
396 2062 470 2121 satis
493 2060 665 2121 fecerimus.
703 2060 782 2120 Satis
802 2064 882 2121 enim
905 2067 1049 2138 expertus

124 2164 202 2223 rum,
225 2162 317 2223 quam
340 2163 432 2203 nemo
467 2143 550 2204 volet
578 2145 675 2220 vinci,
705 2152 736 2203 et
770 2147 821 2220 (ut
845 2142 1049 2219 Quintilianus

124 2229 181 2300 ait)
209 2245 302 2287 nemo
326 2231 388 2303 est,
412 2227 460 2305 qni
485 2245 547 2287 non
571 2227 657 2286 malit
685 2246 778 2287 nosse
807 2246 898 2306 quam
932 2225 1050 2285 discere

125 2309 246 2388 videri,
268 2311 407 2389 quamvis
430 2309 511 2390 apud
533 2330 590 2370 nos
612 2309 643 2369 id
667 2310 819 2389 proverbii
844 2328 951 2370 omnes
995 2327 1050 2367 usu

124 2393 229 2474 potius
253 2410 344 2470 quam
367 2391 489 2470 affectu,
511 2394 573 2452 imo
587 2392 694 2469 abusu,
720 2395 834 2472 passim
858 2394 888 2451 in
908 2410 961 2450 ore
984 2410 1051 2450 ver·

127 2483 209 2536 sent:
233 2474 316 2556 Opta
340 2473 468 2554 discere,
492 2481 615 2556 paratus
639 2495 704 2534 sum
727 2476 833 2537 doceri
866 2481 897 2534 et
918 2475 1052 2534 monitus

127 2559 257 2619 meliora
284 2559 388 2636 sequi,
418 2557 519 2618 Homo
548 2578 631 2634 sum,
659 2577 760 2618 errare
788 2577 935 2638 passum,
969 2554 1051 2635 quod

127 2641 181 2703 sub
205 2641 265 2701 bac
286 2638 381 2717 larva,
411 2641 539 2722 pulchra
568 2643 651 2700 velut
671 2641 852 2701 humilitatis
881 2638 995 2718 specie,
1018 2638 1051 2697 li·

128 2732 198 2785 ceat
219 2722 412 2784 confidenter
434 2724 553 2785 dicere:
590 2724 662 2784 Mihi
684 2744 746 2786 non
778 2731 825 2784 est
853 2722 1052 2794 satisfactum,

127 2807 195 2889 ligo
218 2825 282 2867 non
306 2809 419 2886 capio,
448 2808 517 2867 Vim
540 2807 613 2869 lacit
635 2807 820 2888 scripturis,
855 2805 1053 2866 Pertinaciter

127 2891 252 2968 asserit,
281 2889 400 2949 scilicet
429 2892 519 2970 certi,
548 2890 631 2970 quod
662 2899 766 2952 tantae
788 2889 966 2950 humilitatis
989 2888 1053 2948 ani·

128 2992 194 3035 mas
217 2991 309 3033 nemo
332 2973 503 3052 suspicetur
523 2975 720 3053 pertinaciter
741 2976 894 3048 resistere,
918 2981 948 3031 et
969 2971 1052 3051 agui·

129 3063 189 3118 tam
220 3073 345 3135 quoque
370 3058 529 3116 veritatem
560 3057 676 3117 sortiter
703 3059 894 3138 impugnare.
943 3055 988 3115 lta
1010 3053 1053 3131 fit,

130 3148 161 3200 nt
187 3157 253 3199 non
284 3137 418 3199 malitiae
448 3158 552 3199 eorum
582 3159 650 3200 esse
679 3147 843 3220 oporteat,
876 3137 958 3218 quod
990 3154 1051 3197 non
1122 3140 1124 3145 '

131 3222 356 3293 ceduntsensu
378 3241 461 3301 suo,
496 3221 550 3282 sed
579 3223 772 3284 obscuritatis
795 3230 827 3283 et
847 3220 1053 3301 ambiguitatis

130 3312 391 3386 argumentorum.

212 3387 264 3450 Sic
286 3393 316 3447 et
338 3386 514 3467 philosophi
539 3387 728 3449 Graecorum
742 3389 891 3466 fecerunt,
914 3406 953 3447 ne
975 3384 1054 3444 ullus

132 3471 219 3532 alteri
242 3469 395 3530 videretur
417 3471 547 3550 cedere,
575 3472 666 3533 etiam
691 3473 849 3533 manifeste
886 3470 1054 3546 convictus,

133 3560 303 3636 coeperunt
324 3572 439 3634 negare
460 3555 560 3635 prima
576 3557 735 3637 principia,
759 3564 792 3616 ut
813 3553 995 3616 Aristoteles
1011 3570 1057 3611 re·

203 3743 232 3810 ·)
251 3742 343 3799 Lucas
362 3742 406 3800 22.
