2348 4162
202 263 245 331 82
499 265 640 323 Ptaefatio
660 268 696 324 D.
714 269 749 324 Μ.
768 269 799 324 L.

204 451 313 493 omnes
335 433 421 512 leges
440 436 723 516 accipiendaesunt
743 438 805 493 tem
818 431 1010 513 ludaeorum,
1032 450 1124 512 quam

204 517 330 576 aliarum
354 520 502 597 gentium,
531 527 564 580 ut
595 520 671 580 nihil
700 523 844 600 peccetur
870 518 901 576 in
928 516 1123 577 communem

202 599 360 660 hominum
393 606 585 663 societatem.
625 602 678 666 Sic
710 602 791 662 enim
821 607 853 659 et
879 600 1020 660 Christus
1052 599 1125 659 dicit

202 682 312 745 matth.
337 685 385 764 12,
408 685 492 764 quod
514 686 607 746 liceat
629 686 746 748 violare
770 683 935 744 Sabbatum
959 689 991 742 et
1013 684 1124 742 bovem

201 766 232 825 in
256 774 381 845 puteum
404 768 565 849 delapsum
578 768 716 830 Sabbato
740 767 911 843 extrahere,
934 766 974 826 cb
996 785 1123 846 parrum

202 849 321 911 scilicet
352 852 584 913 incommodum
616 852 785 913 vitandum.
812 848 937 924 Quanto
965 856 1069 909 autem
1092 849 1124 908 li-

202 930 304 993 berius
328 934 408 994 uliae
434 955 557 1016 quoque
587 936 672 1016 leges
694 932 861 996 violandae
882 939 962 1008 sunt,
1001 930 1124 991 consid

201 1034 351 1095 praeseus
373 1017 502 1098 aliquod
535 1020 616 1078 vitae
639 1019 800 1079 discrimen
833 1013 951 1095 exigit?
981 1012 1124 1075 simodo

202 1099 275 1158 nihil
297 1100 327 1158 in
351 1099 442 1161 tidem
461 1108 492 1162 et
507 1104 665 1163 caritatem
685 1108 839 1182 peccetur,
862 1096 1124 1177 quemadmodum

202 1181 340 1242 Christus
357 1182 509 1245 Davidem
531 1185 642 1246 fecisse
664 1187 716 1264 nit,
737 1202 807 1244 curu
827 1181 1048 1262 propositionis
1069 1198 1124 1261 pa·
1168 1238 1171 1243 .

200 1282 255 1325 nes
278 1263 383 1325 ederet
405 1269 478 1328 Mar.
503 1264 553 1330 122

282 1346 418 1425 Quaerat
434 1358 535 1411 autem
559 1351 680 1430 aliquis,
703 1367 853 1430 quaenam
868 1347 946 1407 ratio
968 1347 1017 1427 sit,
1040 1345 1125 1427 quod
1155 1404 1158 1409 .

201 1431 303 1491 Moses
324 1434 367 1492 ita
389 1435 517 1495 confuse
538 1434 623 1495 nullo
647 1440 731 1493 certo
755 1431 864 1493 ordine
887 1431 969 1509 teges
992 1428 1124 1491 tradide-

199 1515 247 1589 rit,
270 1532 324 1574 cur
344 1534 406 1576 non
429 1517 571 1597 politicas
593 1523 625 1576 et
647 1516 779 1576 morales
791 1563 799 1593 ,
829 1531 882 1573 cur
903 1531 965 1573 non
988 1530 1124 1573 ceremo-

200 1597 308 1677 niales,
332 1617 385 1658 cur
408 1619 470 1661 non
494 1600 564 1660 illas
586 1599 658 1659 tidei
682 1606 714 1660 et
735 1598 869 1657 caritatis
891 1596 976 1676 leges
998 1595 1123 1676 redege-

199 1681 237 1741 rit
258 1682 289 1740 iu
313 1700 401 1742 suum
426 1682 585 1744 ordinem?
628 1683 793 1744 Praeterea
814 1680 875 1740 hoc
905 1697 1028 1759 quoque
1049 1696 1124 1739 nou·

199 1783 357 1844 nunquam
378 1766 463 1842 facit,
486 1765 616 1827 subinde
638 1785 729 1826 unam
753 1763 886 1841 aliquam
916 1765 1016 1842 legem
1038 1781 1124 1841 repe·

201 1847 246 1923 tit,
269 1849 360 1907 etiam
383 1848 493 1909 iisdem
529 1849 630 1909 verbis
664 1846 702 1908 ad
725 1845 878 1906 fastidium
916 1864 1022 1924 usque.
1065 1846 1123 1906 Re·

199 1929 366 2010 spondeo,
389 1932 484 1991 Mosis
507 1930 584 1992 liber
605 1937 653 1990 est
674 1949 730 1990 ceu
764 1930 863 1989 forma
884 1935 916 1988 et
942 1929 1046 2007 imago
1067 1947 1123 2008 po·

200 2012 302 2073 liticae
325 2014 414 2076 vitae.
457 2014 509 2076 sie
530 2016 612 2074 enim
635 2014 739 2075 omnia
760 2011 913 2092 describit,
936 2018 970 2071 ut
990 2012 1123 2091 plerum·

199 2113 258 2173 que
280 2098 310 2154 in
333 2098 442 2175 politia
462 2099 527 2178 geri
550 2099 660 2161 solent.
703 2095 754 2157 Sic
777 2102 880 2156 autem
902 2097 934 2155 in
955 2094 1047 2156 rebus
1068 2113 1122 2174 pu-

198 2178 286 2238 blicis
308 2176 373 2239 fieri
395 2179 486 2262 solet,
509 2182 569 2241 iam
593 2181 668 2258 hoc,
696 2180 759 2241 iam
780 2178 855 2238 illud
891 2197 969 2258 opus
988 2183 1124 2256 urgetur,

199 2279 301 2340 neque
323 2264 483 2344 quisquam
505 2264 663 2325 hominum
685 2263 727 2322 ita
750 2264 941 2322 suamvitam
962 2262 1124 2321 instituere

200 2351 326 2424 potest,
357 2352 390 2405 ut
413 2354 497 2408 certo
527 2348 715 2421 constituat,
746 2364 780 2406 se
800 2346 863 2406 hoc
885 2344 934 2404 die
956 2343 1031 2403 nihil
1065 2345 1125 2403 nisi

200 2427 379 2509 spiritualia,
391 2430 453 2491 alio
470 2432 543 2491 nihil
556 2431 614 2491 nisi
630 2429 975 2510 politicatractaturum.
1012 2426 1125 2502 Quem-

199 2510 365 2573 admodum
401 2515 481 2574 euim
517 2513 625 2574 stellae
659 2511 741 2573 coeli
791 2518 821 2572 et
854 2510 945 2572 dores
981 2511 1010 2570 in
1041 2511 1124 2590 agris

200 2595 284 2655 nullo
308 2603 392 2657 certo
414 2597 521 2657 ordine
544 2603 614 2657 suut
636 2594 791 2676 dispositi,
823 2597 867 2655 sic
895 2612 1019 2673 quoque
1052 2610 1123 2652 cum

200 2675 319 2758 legibus
342 2682 466 2759 agitur,
497 2686 529 2740 et
555 2686 680 2759 oportet
700 2678 855 2739 hominem
889 2677 1016 2756 siugulis
1039 2676 1124 2736 horis
1169 2698 1172 2703 ·

199 2768 338 2841 paratum
362 2782 431 2823 esse
453 2762 491 2822 ad
515 2763 720 2841 quodcunque
742 2780 841 2840 opus,
870 2767 903 2819 ut
924 2761 1006 2839 hoc,
1040 2758 1124 2838 qood

199 2862 269 2904 sese
289 2846 419 2924 primum
444 2844 597 2927 obtulerit,
622 2853 816 2923 exsequetur.
861 2843 908 2903 Ad
929 2843 1011 2902 hunc
1031 2843 1126 2922 igitur

199 2926 324 2987 modum
347 2935 377 2988 et
394 2927 495 2989 Moses
517 2947 589 2989 suas
613 2928 698 3009 leges
721 2927 805 2988 nullo
829 2932 913 2988 certo
925 2925 1125 3006 ordine'pro·

222 3012 312 3074 osuit.

198 3030 220 3091 p
281 3093 349 3154 Hoc
370 3102 471 3154 autem
493 3095 618 3174 pro‘prie
641 3092 735 3154 officii
764 3093 811 3153 sui
834 3098 900 3171 est,
923 3090 1004 3171 quod
1029 3108 1123 3152 unam

198 3175 298 3256 legem
321 3178 442 3257 saepius
466 3178 576 3258 repetit
609 3183 640 3237 et
662 3182 758 3255 urget.
811 3175 869 3251 Qui
894 3177 975 3236 enim
1002 3172 1124 3254 legibus

198 3259 421 3320 multitudinem
445 3261 510 3321 vult
537 3279 658 3340 regere,
687 3259 772 3320 illum
795 3278 950 3339 uunquam
990 3274 1125 3336 cessare,

197 3362 352 3423 nunquam
368 3345 607 3423 interquiescere
620 3348 752 3423 oportet,
767 3348 797 3403 et
818 3351 890 3403 suut
911 3342 1052 3403 homiues
1070 3358 1124 3402 co-

197 3427 290 3505 gendi
312 3427 351 3486 ad
374 3445 461 3486 suum
480 3427 615 3487 odicium
640 3426 812 3487 faciendum
834 3446 898 3487 non
915 3444 1004 3486 secus
1029 3430 1125 3504 atque

196 3511 333 3570 iumenta
355 3510 559 3570 adferendos
588 3509 720 3571 labores.
775 3508 883 3588 Neque
911 3509 991 3569 enim
1024 3506 1124 3568 ullum

197 3592 275 3672 legis
298 3612 376 3672 opus
399 3600 510 3673 sponte
532 3601 638 3654 nostra
660 3593 804 3671 iacimus,
828 3600 858 3652 et
879 3592 983 3653 omnia
996 3639 1006 3672 ,
1041 3608 1124 3670 quac

196 3676 389 3756 praecipiunt
411 3676 516 3757 leges,
541 3681 650 3737 coacta
671 3681 764 3753 atque
798 3676 827 3735 vi
851 3693 1000 3755 expressa
1030 3672 1120 3739 liunt.

54 3768 101 3914 ἱ
196 3758 273 3820 Cum
295 3759 387 3840 igitur
408 3760 509 3820 Moses
532 3761 578 3819 sit·
594 3759 760 3839 legislator,
783 3757 939 3838 siguificat
970 3756 1024 3821 illa
1045 3758 1124 3818 assi·
