2348 4162
319 256 357 311 ad
375 256 410 314 D.
429 258 573 312 Erasmnm
591 255 826 316 Rotemdarnumn
970 259 1031 324 149

101 444 167 487 non
192 427 335 506 respicit,
369 425 463 488 Vides
486 428 605 507 iterum,
628 444 718 507 quam
748 435 862 489 temere
883 430 978 489 irruas
999 429 1030 488 in
1079 456 1082 461 ⁴

101 508 233 570 verbum
256 511 323 590 Dei,
345 511 432 590 quasi
454 516 521 571 tuas
544 511 747 592 cogitationes
770 517 800 572 et
815 513 944 574 consilia
965 512 1030 573 lon-

103 592 235 673 gissime
256 593 300 654 illi
322 594 487 673 praeferas.

190 709 265 791 lam,
287 711 312 771 si
334 731 353 771 a
377 718 406 771 te
428 717 586 792 petamus,
613 716 646 770 ut
668 710 823 770 discernas
845 710 935 771 nobis
958 717 1030 772 tem-

104 812 195 874 pora,
218 813 368 874 personas
391 802 421 855 et
444 795 553 855 modos
576 793 696 854 dicendi
721 794 799 870 veri,
833 793 957 872 quando
980 794 1031 855 de·

103 875 222 941 finies?
255 878 336 938 Ante
358 897 446 937 suum
470 878 575 938 clauso
599 884 763 957 componet
777 883 915 957 tempore
937 876 1029 938 finem

104 958 239 1020 mundus
252 1008 261 1040 ,
283 967 374 1040 quam
397 967 428 1021 tu
454 981 545 1022 unam
570 960 705 1041 regulam
740 967 855 1020 certam
877 960 1030 1041 statueris,

104 1043 158 1103 ubi
175 1044 297 1103 interim
319 1051 423 1104 manet
445 1043 576 1105 docendi
600 1043 756 1104 officium?
779 1043 829 1103 ubi
844 1043 1030 1105 animaedo·

104 1124 249 1187 cendae?
271 1127 311 1186 Et
332 1126 490 1206 quomodo
512 1145 632 1208 posses,
662 1128 712 1205 qui
740 1144 798 1186 nec
820 1145 1030 1207 personarum,

103 1227 165 1270 nec
187 1215 370 1290 temporum,
393 1230 451 1270 nec
464 1210 625 1271 modorum
641 1210 793 1271 rationem
816 1209 908 1270 ullam
924 1210 1032 1270 noris?

103 1291 152 1352 Ao
175 1292 201 1352 si
229 1290 364 1354 maxime
385 1295 490 1370 noris,
520 1293 679 1354 hominum
709 1292 803 1353 corda
833 1299 936 1353 tamen
966 1312 1029 1354 non

102 1376 198 1454 nosti,
221 1376 280 1435 nisi
303 1377 329 1435 is
352 1376 392 1436 sit
414 1376 467 1436 tibi
491 1374 610 1455 modus,
634 1375 695 1436 hoc
709 1384 840 1456 tempus,
862 1375 940 1437 haee
962 1396 1030 1456 per·

103 1476 195 1533 sona,
217 1464 250 1517 ut
273 1459 318 1518 sic
339 1458 505 1521 doceamus
527 1479 657 1535 verum,
679 1479 719 1520 ne
742 1459 826 1539 Papa
847 1459 1031 1539 indignetur,

102 1561 146 1601 ne
169 1540 284 1602 Caesar
309 1542 479 1620 irascatur,
513 1563 552 1603 ne
585 1549 766 1603 moveantur
801 1533 965 1602 Pontifices
1000 1549 1030 1603 et

102 1623 273 1704 Principes,
295 1629 359 1685 tum
381 1644 421 1685 ne
445 1626 591 1686 tumuitus
614 1632 645 1685 et
667 1632 765 1686 motus
794 1623 869 1684 fiant
891 1626 920 1684 in
945 1623 1029 1701 orbe,

102 1726 145 1768 ne
166 1706 253 1767 multi
281 1707 475 1769 offendantur
508 1715 539 1770 et
559 1709 680 1789 peiores
713 1708 795 1768 fiant.
840 1707 908 1769 Hoc
940 1707 1030 1786 quale

100 1791 141 1850 sit
164 1790 337 1866 consilium,
360 1811 452 1871 supra
474 1792 585 1871 vidisti,
608 1790 661 1851 sed
685 1790 772 1852 libuit
798 1791 841 1850 ita
861 1791 963 1851 verbis
984 1791 1029 1850 in·

100 1872 228 1934 utilibus
249 1872 438 1953 rhetoricari,
460 1895 500 1935 ne
521 1873 596 1935 nihil
619 1873 745 1936 diceres.

188 1990 311 2067 Quanto
332 1992 424 2070 igitur
445 1989 546 2075 noel)
575 1993 677 2060 miseri
699 1991 839 2053 homines
861 1991 928 2052 Deo
951 1990 1031 2052 hanc

101 2074 305 2136 tribueremus
327 2074 472 2155 gloriam,
495 2077 547 2154 qui
570 2077 704 2136 omnium
738 2074 832 2136 corda
854 2075 964 2154 novit,
996 2080 1030 2134 ut

103 2159 174 2238 ipse
197 2157 318 2218 dicendi
342 2159 403 2219 veri
418 2158 554 2237 modum,
577 2176 727 2239 personas
740 2165 771 2219 et
791 2164 931 2238 tempora
943 2177 1029 2237 praen

100 2240 260 2305 scriberet.
297 2240 460 2320 lpseenim
484 2242 580 2321 novit,
602 2241 684 2322 quid,
703 2240 837 2322 quando,
861 2240 1028 2321 quomodo,

101 2325 216 2404 cuique
247 2322 408 2384 dicendum
432 2325 479 2389 sit.
522 2322 614 2386 Nunc
647 2344 720 2385 vero
750 2326 795 2385 sic
824 2324 1031 2404 praescripsit,

102 2414 136 2468 ut
159 2404 364 2486 Evangelium
398 2427 485 2467 enum
517 2408 659 2468 omnibus
692 2408 898 2468 necessarium
944 2406 1029 2467 nutlo

100 2490 185 2568 loco,
208 2489 292 2550 nullo
315 2496 455 2570 ternpore
476 2490 754 2571 praescriberetur,
784 2489 839 2550 sed
862 2488 943 2569 apud
966 2508 1029 2550 om-

101 2593 170 2653 nes,
192 2573 277 2634 omni
305 2579 462 2653 tempore,
495 2575 578 2634 omni
612 2573 683 2634 loco
711 2572 947 2653 praedicaretur.
990 2571 1030 2632 Et

102 2674 197 2737 supra
218 2655 425 2735 probavisse,
448 2675 527 2737 quae
550 2658 579 2716 in
604 2655 768 2737 Scripturis
800 2654 924 2735 prodita
947 2660 1027 2734 sunt,

102 2740 178 2800 tatia
195 2758 275 2816 esse,
298 2757 378 2819 quae
400 2739 540 2800 omnibus
558 2740 700 2820 exposita
722 2746 753 2800 et
774 2737 961 2818 invulganda
978 2757 1029 2799 ne·

101 2823 239 2884 cessario
263 2828 293 2882 et
314 2822 448 2883 salubria
470 2829 549 2901 sunt,
572 2825 651 2884 sicut
681 2830 711 2884 et
737 2825 768 2883 in
790 2828 843 2882 tua
864 2821 1028 2898 Paraclesi,

102 2906 232 2968 meliore
255 2911 328 2965 tunc
350 2924 440 2984 quam
463 2927 549 2967 nunc
567 2907 708 2984 consilio,
729 2908 798 2986 ipse
820 2905 961 2967 statuisti.
990 2905 1028 2965 Hi

102 2989 154 3069 qui
179 2989 302 3061 animas,
320 2989 495 3068 redemptas
518 2989 634 3067 nolunt,
657 2992 736 3069 sicut
758 2990 842 3070 Papa
864 3007 933 3048 cum
956 2988 1041 3068 suis,¹

101 3072 225 3134 illorum
249 3080 316 3132 esto
338 3072 464 3134 verbum
489 3072 544 3133 Dei
567 3073 713 3154 alligare,
749 3079 780 3133 et
801 3072 942 3133 homines
966 3072 1029 3131 vita

103 3163 134 3216 et
155 3174 254 3237 regno
278 3155 433 3216 coelorum
463 3155 642 3236 prohibere,
671 3176 709 3217 ne
731 3156 788 3236 ipsi
810 3154 940 3234 intrent,
971 3172 1029 3215 nec
1082 3161 1085 3167 '

102 3239 182 3300 aiios
204 3239 321 3299 intrare
343 3239 453 3318 sinant,
477 3258 605 3318 quorum
628 3241 720 3301 furori
744 3245 786 3317 tu,
808 3238 947 3316 Erasme,
968 3237 1039 3299 hoc‘

106 3321 240 3383 consilio
262 3327 315 3395 tuo
337 3322 511 3401 perniciose
532 3324 672 3386 inservis.
769 3393 771 3397 ¹
1042 3326 1043 3330 ’

187 3403 305 3464 Eadem
324 3404 487 3484 prudentia
500 3413 557 3483 est,
580 3425 641 3485 qua
659 3405 775 3466 'deinde
797 3403 941 3485 consulis,
965 3421 1027 3463 non

103 3487 218 3550 debere
239 3487 387 3569 profiteri,
409 3489 435 3548 si
458 3489 529 3567 quid
547 3507 708 3570 perperam
730 3490 761 3549 in
776 3486 919 3549 Consiliis
943 3492 1026 3547 esset

177 3775 209 3840 1)
230 3772 264 3829 In
282 3771 325 3830 ed.
344 3774 416 3830 Ian:
434 3772 520 3845 igitur
537 3771 624 3829 satius
642 3788 702 3828 nos.
