2348 4162
121 242 184 306 438
305 244 362 299 Gur
381 248 409 301 ot
427 242 567 313 quomodo
586 242 770 301 cbristiaum
788 240 876 299 Gonu.
933 204 936 208 ἡ
993 208 1001 219 ι

205 413 303 475 Simul
331 415 392 476 hoe
414 433 539 494 quoque
557 413 726 494 intelliges,
761 433 815 475 eur
846 415 905 476 soli
926 413 1044 494 quidam

125 496 243 560 indooti
281 502 312 557 et
347 516 483 578 nugaees
517 497 688 560 dootorouli
723 497 905 578 sophistae,
942 499 1045 578 quales

124 580 211 642 multi
242 586 364 641 exstant
396 581 591 642 eruditissimi
625 581 714 642 huius
753 581 850 644 seeuli
887 581 1045 661 dedeeora,

123 682 180 746 pro
204 664 347 743 Papistiei
377 665 464 743 regni
488 663 649 741 abusibus,
672 663 840 743 erroribus,
869 665 1045 742 mendosis,

125 746 403 827 superstitionibus,
425 747 603 809 haeresibus
626 753 657 807 et
678 746 828 809 idolatriis
850 747 1045 809 defendendis

124 836 210 891 tauta
230 827 428 910 impudentia,
451 831 621 910 pertinacia
649 835 742 909 atque
774 831 903 891 vesania
925 829 1046 912 (frustra

123 911 246 994 tamen)
270 915 408 973 rixentur
428 914 544 988 verine,
576 932 667 991 quem
690 919 829 994 pugnent
850 920 904 975 aut
925 913 1045 995 bellige-

125 1002 239 1075 rentur,
262 1014 330 1056 eum
354 1002 401 1056 tot
423 996 539 1075 alioqui
561 995 644 1057 doeti
667 1002 699 1056 et
718 995 902 1075 eloquentes
925 998 984 1058 viri
1005 996 1045 1057 uel

126 1081 286 1160 quieseant
310 1080 451 1147 omnino.
492 1079 542 1138 vel
571 1084 653 1139 eerte
676 1080 779 1140 sanius
801 1098 839 1141 ao
862 1080 1045 1142 moderatius

126 1168 229 1242 agant.
281 1161 361 1222 Nam
399 1163 683 1223 iurisconsultorum
717 1162 910 1241 quorundam
947 1170 1046 1225 eontra

126 1244 250 1305 verbum
273 1245 330 1304 Dei
359 1250 389 1305 et
425 1245 579 1306 ministros
608 1247 674 1306 eius
696 1243 876 1307 violentiam
899 1266 964 1308 nna
985 1265 1044 1307 oum

126 1328 343 1408 episcoporum
373 1327 488 1408 alioqui
517 1327 868 1389 effoeminatissimorum
892 1328 1045 1391 barbarios

125 1411 256 1471 saevitia
278 1431 318 1471 ex
341 1410 450 1472 eodem
472 1410 558 1471 fonte
579 1410 690 1488 fluere,
719 1412 786 1489 quis
809 1411 951 1473 dubitet?
993 1410 1044 1474 Sed

125 1495 186 1554 iarn
209 1501 329 1574 tempus
351 1499 415 1571 est,
447 1500 480 1553 ut
502 1493 841 1555 detestabilissimorum
863 1496 1044 1557 iuramento·

126 1597 192 1638 rum
214 1574 362 1637 formulas
384 1576 443 1636 hue
464 1595 562 1655 usque
583 1578 657 1637 satis
671 1576 833 1657 diligenter
855 1583 888 1638 at
903 1578 1045 1639 insidiosa

127 1660 243 1721 aelatus
266 1679 283 1719 e
306 1659 439 1719 tenebris
470 1665 615 1738 tanquam
639 1661 754 1721 casum
785 1661 979 1740 espelnnea
997 1678 1046 1721 sua

126 1742 280 1803 inlunem
308 1741 493 1821 producam3
529 1761 606 1821 quas
635 1762 705 1803 oum
728 1741 926 1804 detestabiles
949 1750 982 1805 et
1000 1762 1045 1803 ax·

126 1824 290 1886 ssorabiles
316 1826 366 1903 (ut
387 1830 475 1899 sunt]
499 1844 568 1885 esse
588 1824 788 1902 iudioaveris,
811 1832 875 1887 tum
898 1824 1045 1890 Christum

128 1914 317 1969 servatorem
340 1915 477 1969 nostrum
493 1914 646 1988 predatur,
670 1912 704 1970 nt
718 1907 869 1969 eeclesiae
890 1929 968 1971 susa
987 1909 1046 1989 ipss

130 1991 280 2054 consulat.
323 1990 401 2051 Nam
430 1989 468 2052 ab
505 1990 563 2052 hae
592 1992 724 2053 exitiosa
753 1993 984 2055 coniuratorum
1005 2010 1046 2052 es·

127 2079 214 2134 terve
255 2074 313 2133 nisi
342 2072 544 2152 dissolvatur,
575 2074 649 2135 nihil
682 2093 809 2155 prorsus
830 2074 905 2136 boni
928 2094 1046 2157 speran-

129 2156 200 2216 dum
224 2162 280 2216 est

128 2320 272 2401 Sequitur
303 2319 470 2381 formula
499 2320 675 2382 solennis
713 2322 934 2402 iuramenti,
972 2319 1046 2401 quod

127 2406 163 2477 ii,
187 2406 237 2484 qui
260 2405 460 2465 Doetoratum
493 2405 566 2464 iuris
595 2411 648 2464 aut
681 2404 859 2485 theologiae
886 2407 919 2465 in
942 2404 1046 2466 sobolis

128 2487 288 2567 Papistieis
311 2485 458 2563 ambiunt,
479 2494 644 2566 antequam
667 2489 711 2548 eie
735 2487 860 2549 lieentia
881 2488 921 2549 ad
944 2487 1047 2566 aecipi-

128 2569 209 2630 euda
230 2571 415 2632 Doetoratus
437 2570 570 2649 insignia
592 2570 756 2648 confertur,
777 2572 879 2633 iurare
891 2580 1046 2651 eoguntur,

414 2670 482 2712 eum
506 2653 769 2715 annotationibus.

212 2818 280 2897 Ego
303 2816 339 2878 N.
368 2816 524 2879 Sabotarie
548 2817 781 2896 ingolstatensie
809 2818 994 2882 Eistetensis
1013 2817 1049 2879 di·

130 2902 230 2977 ooesis
263 2899 301 2961 ab
324 2899 383 2960 hae
404 2901 482 2961 bora
503 2901 534 2961 in
558 2909 651 2963 antea
672 2900 770 2962 fidelis
785 2906 819 2976 a)
853 2908 885 2962 et
906 2902 1048 2963 odediem

36 3012 42 3021 ·
130 3003 183 3044 ero
206 2982 298 3044 besto
321 2983 411 3043 Petro
424 2980 474 3064 b),
515 2991 701 3062 sanctaeque
723 2984 974 3064 Apostolioaeti
997 2984 1049 3045 aa

129 3085 240 3125 menae
264 3064 414 3126 eeclesiae
437 3072 468 3126 et
488 3066 622 3128 Domino
635 3065 670 3150 d)
694 3076 800 3129 nostro
812 3067 949 3129 Domino
960 3066 1050 3128 Paulo

130 3149 237 3226 tertio,
269 3167 306 3208 ae
333 3149 399 3208 eius
430 3149 659 3210 snoeeesoribns
687 3148 835 3211 eanoniee
862 3150 1050 3223 intrantibus,

130 3250 192 3293 non
216 3250 268 3292 ero
290 3232 320 3291 in
345 3232 494 3309 oonsilio,
527 3251 697 3312 consensu,
736 3238 868 3293 tractatu
891 3233 941 3293 vel
965 3234 1051 3307 iaoto,

130 3321 164 3375 ut
185 3316 279 3374 vitam
293 3311 324 3395 θ)
347 3322 399 3374 aut
420 3314 590 3375 membrum
612 3315 751 3395 perdant,
774 3334 828 3376 seu
852 3315 937 3395 quod
951 3322 1052 3377 oontm

130 3398 258 3459 alienius
281 3415 386 3457 eorum
409 3416 572 3475 personam
596 3398 647 3459 vei
669 3401 698 3459 in
713 3400 860 3479 ipsorum,
883 3405 938 3460 aut
961 3398 1051 3459 eeola·

130 3482 194 3541 siae
217 3478 383 3540 eorundem
395 3477 430 3559 f),
454 3499 507 3539 seu
530 3479 611 3540 sedis
624 3481 825 3561 Apostolioae
846 3483 1053 3553 autoritatum,

130 3563 292 3640 honorum,
316 3562 561 3642 privilegiorum,
586 3565 632 3623 vel
654 3563 907 3644 Apostolioornm
931 3570 1052 3625 statuto·

130 3665 196 3705 rum
210 3642 254 3726 8),
278 3644 516 3725 ordinationum,
538 3649 795 3723 reservationum,
820 3647 1050 3727 dispositionum

132 3746 186 3789 seu
214 3727 426 3789 mandatorum
461 3728 711 3812 derogationem,
744 3729 793 3790 vel
824 3729 1052 3811 praeiudioinm,
