2348 4162
368 292 371 297 ,
457 242 495 301 a
513 245 621 310 na*
700 258 703 265 ·
920 241 981 310 cce
1066 309 1070 318 ,

61 404 225 467 autoritate
246 407 334 471 rexit.
377 406 493 469 Horum
506 420 620 483 magna
640 418 712 480 pars
734 406 981 489 nuuoaguoscit,

60 507 95 548 se
118 486 203 548 velut
223 506 350 569 gregem
371 492 437 552 sine
460 487 728 575 pastoravagarir
954 549 956 554 ,
990 542 992 547 .

145 566 303 650 Cogitanti
324 578 426 640 autem
448 573 488 634 da
509 570 632 634 interitu
653 569 759 635 talium
782 572 913 633 virorum
932 591 981 637 ac·

62 652 144 715 cedit
165 653 243 712 alins
266 654 361 736 longa
376 658 472 728 maior
494 662 526 717 el
545 654 647 715 acrior
660 651 757 717 dolor.
802 655 876 716 (ium
900 658 992 720 enim.

59 740 163 798 animo
176 736 387 818 'circumspicio
402 741 537 801 omnium
549 737 709 816 regionum
722 738 879 818 ecclesias,
903 757 979 818 qnos

60 821 142 888 etin
166 819 307 898 precibus
341 824 415 884 meis
449 822 657 902 complector,
695 840 757 883 non
779 821 846 881 sinc
867 839 992 902 magno,

59 920 202 965 moerore
225 905 347 982 cogita·
362 925 453 984 quam
476 905 566 987 pauci
588 921 671 965 nunc
691 905 750 965 sint
768 903 871 966 idonei
894 905 982 969 mini-¹

59 988 114 1047 stri
137 993 166 1046 et
200 987 228 1044 in
263 986 323 1046 illis
355 990 446 1068 ipsis,
478 989 527 1068 qui
551 987 764 1048 existimantur
786 987 980 1066 antecellere,

60 1076 175 1149 quanta
197 1071 235 1131 sit
256 1071 424 1149 infirmitas,
446 1073 476 1132 in
501 1069 653 1135 nonnullis
676 1071 766 1130 etiam
785 1072 980 1151 perversitas.

61 1151 179 1213 Deinde
201 1151 330 1231 deploro
353 1164 385 1217 et
404 1155 526 1217 fastidia
544 1152 704 1234 Evangelii
725 1155 756 1219 in
779 1154 905 1234 populo,
928 1156 980 1233 qui

60 1254 122 1297 non
145 1233 275 1296 afficitur
297 1257 369 1304 cura
390 1239 566 1317 religionis,
586 1236 649 1296 nou
672 1237 775 1302 studet
796 1255 979 1298 conservare

60 1319 272 1397 ministerium,
291 1338 355 1383 non
377 1322 485 1383 metuit
506 1317 689 1387 horrendam
711 1321 786 1380 iram
808 1320 882 1399 Dei,
918 1339 991 1385 non

59 1401 208 1469 emendat.
236 1421 346 1466 mores.
389 1404 453 1464 Iam
487 1423 556 1465 cum
586 1403 714 1464 scholae
733 1402 913 1479 considero,
948 1405 992 1465 in.

59 1485 168 1564 quibus
191 1486 354 1547 seminaria
376 1487 476 1547 excoli
500 1484 612 1547 debent
634 1485 672 1545 ad
694 1483 859 1564 regendam
880 1487 994 1556 ‚eccle-¹

58 1569 187 1637 siamat
222 1569 441 1649 rempublicam
463 1569 515 1632 ad.
533 1576 692 1650 posteros,
725 1575 840 1647 quanto
863 1568 980 1630 allicior

59 1668 211 1732 moerore,
234 1670 303 1718 cum
326 1653 649 1733 videosinatulautiam,
670 1648 821 1713 inscitiam
846 1657 877 1712 et
897 1672 979 1721 arro·

58 1735 195 1816 gantiam
217 1736 282 1795 eins
295 1738 483 1812 inminutis,
510 1754 590 1816 quae
610 1734 700 1796 nobis
721 1753 902 1812 successura
925 1743 980 1800 est.

58 1817 219 1881 Postremo
253 1837 322 1881 cnm
356 1821 536 1900 circumfero
569 1818 676 1881 oculos
711 1818 749 1878 ad
772 1819 926 1898 principes
949 1824 980 1883 et

58 1900 162 1980 aulas,
194 1901 331 1965 ibivero
355 1903 452 1963 mixta
479 1902 579 1963 dolori
600 1899 770 1981 indignatio
793 1902 981 1969 accenditur.

57 1981 138 2046 Nam
171 2001 240 2052 cum
276 1985 328 2045 ille
350 2005 487 2047 summus
516 1983 629 2066 gradus
657 1979 834 2064 praecipue
852 1983 982 2052 deberet

56 2068 170 2135 fovere
184 2066 349 2148 ecclesias,
384 2070 461 2130 tueri
483 2067 690 2148 disciplinam,
723 2069 860 2135 excitare
880 2066 981 2129 studia

56 2151 212 2217 literarum
246 2156 277 2211 et
298 2153 431 2228 virtutis,
462 2171 571 2214 ornare
594 2151 794 2232 Evangelium
817 2151 906 2215 bonis
929 2171 992 2219 err-2

57 2233 185 2316 amplis,
215 2235 381 2297 ostendero
405 2235 461 2299 Dei
498 2239 641 2298 timorem
662 2236 692 2296 in
717 2235 886 2297 domestica
908 2237 980 2315 vita,

57 2317 246 2398 diligentiam
268 2319 298 2378 in
312 2319 443 2395 iudiciis,
464 2319 563 2379 celum
577 2320 607 2377 in
621 2319 784 2379 severitate
800 2337 979 2398 poenarum,

56 2401 265 2463 fortitudinem
287 2408 319 2461 et
339 2400 431 2462 fldem
454 2397 485 2461 i'n
507 2400 688 2467 defensioue
699 2400 810 2461 civium
825 2409 863 2462 et
877 2402 977 2463 socio·

56 2505 135 2565 rum,
158 2483 230 2564 quid
251 2483 360 2548 horum
383 2483 476 2544 lacit?
519 2482 550 2544 si
574 2484 728 2563 principes
738 2482 872 2545 officium
890 2503 979 2544 suum

34 2568 220 2647 [diligenter
241 2568 394 2647 facerent,
428 2567 564 2629 vicissim
596 2565 702 2627 aDeo
736 2567 853 2646 ingenti
880 2568 980 2647 gloria

57 2657 248 2730 ornarentur,
265 2652 348 2723 sicut
364 2650 508 2729 scriptum
531 2655 591 2711 est:
614 2647 829 2711 Glorificantes
843 2670 892 2711 me
912 2650 979 2731 glo·
1058 2671 1063 2680 ·

56 2733 194 2801 rificabo.
237 2730 390 2809 Quantum
419 2733 514 2795 decus
538 2739 635 2809 esset,
673 2733 699 2793 si
722 2732 803 2797 Dens
826 2734 979 2795 excitaret

10 2889 12 2892 y
57 2835 114 2878 ecs
141 2813 180 2882 ad
214 2815 438 2883 defendendam
471 2818 600 2896 patriam
636 2814 784 2876 adversus
816 2815 1028 2881 Turcicum-j'

56 2901 190 2967 fororem
213 2918 251 2960 ac
271 2899 396 2966 doceret
418 2918 525 2962 manus
554 2918 659 2963 eorum
680 2898 723 2980 ad
745 2899 913 2979 proelium,
947 2905 990 2965 ut.

56 2981 140 3045 Psal.
163 2985 317 3061 loquitur„
349 2983 411 3046 sed
430 2990 465 3045 ut
476 2982 601 3045 redeam
610 2981 650 3047 ad
659 2982 841 3062 institutum,
865 3001 989 3062 magno-

57 3068 167 3133 dolore
188 3064 515 3148 afficiorsingulornm
529 3066 670 3129 ordinum
685 3065 758 3130 vitia
770 3065 989 3133 consideranti.⁴

56 3150 98 3211 Et
120 3145 189 3211 cum
214 3148 348 3231 insignia
369 3151 479 3212 Christi
507 3149 648 3211 membra
671 3157 838 3215 evocantur
859 3169 898 3215 ex
920 3149 990 3229 ham

58 3236 141 3311 vita,
170 3234 262 3295 etiam
290 3233 517 3315 significatione.
544 3251 681 3297 moveor.
724 3231 800 3293 Cum
823 3235 902 3295 enirn
925 3234 979 3294 im·

57 3316 194 3399 pendent
219 3316 363 3398 publicae
394 3335 529 3397 poenae,
560 3318 643 3397 prius
664 3336 683 3377 a
703 3315 979 3396 reliqnamultitu·

57 3401 129 3461 dine
159 3398 283 3461 abducit
304 3401 386 3462 Deua
409 3400 541 3478 electos,
565 3406 597 3460 ut
618 3399 728 3461 Esaias
749 3400 861 3479 inquit:
907 3401 989 3461 lusti

57 3484 259 3564 colliguntur,
278 3502 337 3547 ,ne
354 3483 478 3552 videant
505 3482 635 3560 malurn,
667 3482 806 3544 fruuntur
838 3501 916 3562 pace
948 3491 990 3555 et,

57 3569 220 3652 quiescunt
238 3569 283 3632 -in¹
308 3567 494 3629 cubilisco.
539 3566 669 3629 Utente
693 3565 838 3628 dilnvium
861 3567 903 3645 pii
923 3586 978 3648 pa·

57 3660 118 3717 tres
139 3660 298 3713 eteorum
331 3649 485 3711 auditores
507 3649 629 3730 placide
651 3650 792 3711 exstincti
815 3657 900 3728 sunt,
939 3669 987 3711 no.

57 3742 161 3796 essent
172 3740 363 3817 spectatores
386 3740 490 3794 tantae
511 3735 575 3794 irae
586 3733 653 3815 Dei,
676 3739 856 3813 quamtum
879 3751 978 3814 genus
