<?xml version="1.0" encoding="UTF-8"?>
<!DOCTYPE html PUBLIC "-//W3C//DTD XHTML 1.0 Transitional//EN"
    "http://www.w3.org/TR/xhtml1/DTD/xhtml1-transitional.dtd">
<html xmlns="http://www.w3.org/1999/xhtml" xml:lang="en" lang="en">
 <head>
  <title>
</title>
<meta http-equiv="Content-Type" content="text/html;charset=utf-8" />
  <meta name='ocr-system' content='tesseract 3.04.00' />
  <meta name='ocr-capabilities' content='ocr_page ocr_carea ocr_par ocr_line ocrx_word'/>
</head>
<body>
  <div class='ocr_page' id='page_1' title='image "./dmartinilutheri02luthgoog_0432.png"; bbox 0 0 2348 4162; ppageno 0'>
   <div class='ocr_carea' id='block_1_1' title="bbox 314 272 1091 347">
    <p class='ocr_par' dir='ltr' id='par_1_1' title="bbox 314 272 1091 347">
     <span class='ocr_line' id='line_1_1' title="bbox 314 272 1091 347; baseline 0.012 -15"><span class='ocrx_word' id='word_1_1' title='bbox 314 274 404 333; x_wconf 84' lang='lat' dir='ltr'>emino</span> <span class='ocrx_word' id='word_1_2' title='bbox 423 274 534 332; x_wconf 84' lang='lat' dir='ltr'>auidam</span> <span class='ocrx_word' id='word_1_3' title='bbox 549 274 749 347; x_wconf 83' lang='lat' dir='ltr'>praeaeriptae.</span> <span class='ocrx_word' id='word_1_4' title='bbox 929 272 992 339; x_wconf 77' lang='lat'>419</span> <span class='ocrx_word' id='word_1_5' title='bbox 1086 274 1091 283; x_wconf 84' lang='lat'><em>&#39;</em></span> 
     </span>
    </p>
   </div>
   <div class='ocr_carea' id='block_1_2' title="bbox 94 445 1015 3774">
    <p class='ocr_par' dir='ltr' id='par_1_2' title="bbox 94 445 993 594">
     <span class='ocr_line' id='line_1_2' title="bbox 94 445 993 530; baseline 0 -22"><span class='ocrx_word' id='word_1_6' title='bbox 94 464 115 507; x_wconf 80' lang='lat' dir='ltr'>ra</span> <span class='ocrx_word' id='word_1_7' title='bbox 136 445 309 529; x_wconf 77' lang='lat' dir='ltr'>Evangelii,</span> <span class='ocrx_word' id='word_1_8' title='bbox 331 467 412 528; x_wconf 87' lang='lat' dir='ltr'>quae</span> <span class='ocrx_word' id='word_1_9' title='bbox 433 453 481 510; x_wconf 89' lang='lat' dir='ltr'>eet</span> <span class='ocrx_word' id='word_1_10' title='bbox 501 447 569 530; x_wconf 84' lang='lat' dir='ltr'>ipae</span> <span class='ocrx_word' id='word_1_11' title='bbox 590 447 742 529; x_wconf 83' lang='lat' dir='ltr'>Ohrietue,</span> <span class='ocrx_word' id='word_1_12' title='bbox 766 446 884 509; x_wconf 80' lang='lat' dir='ltr'>seilicet</span> <span class='ocrx_word' id='word_1_13' title='bbox 906 446 993 509; x_wconf 88' lang='lat' dir='ltr'>oibua</span> 
     </span>
     <span class='ocr_line' id='line_1_3' title="bbox 94 528 355 594; baseline 0.008 -3"><span class='ocrx_word' id='word_1_14' title='bbox 94 528 205 592; x_wconf 67' lang='lat' dir='ltr'>iflnitae</span> <span class='ocrx_word' id='word_1_15' title='bbox 226 529 355 594; x_wconf 82' lang='lat' dir='ltr'>virtutis.</span> 
     </span>
    </p>

    <p class='ocr_par' dir='ltr' id='par_1_3' title="bbox 94 613 993 781">
     <span class='ocr_line' id='line_1_4' title="bbox 149 613 993 695; baseline 0.001 -22"><span class='ocrx_word' id='word_1_16' title='bbox 149 614 244 695; x_wconf 83' lang='lat' dir='ltr'>Igitur</span> <span class='ocrx_word' id='word_1_17' title='bbox 274 616 378 676; x_wconf 86' lang='lat' dir='ltr'>omnia</span> <span class='ocrx_word' id='word_1_18' title='bbox 406 624 476 677; x_wconf 86' lang='lat' dir='ltr'>eunt</span> <span class='ocrx_word' id='word_1_19' title='bbox 498 633 628 695; x_wconf 86' lang='lat' dir='ltr'>magna,</span> <span class='ocrx_word' id='word_1_20' title='bbox 664 613 784 676; x_wconf 84' lang='lat' dir='ltr'>infinita</span> <span class='ocrx_word' id='word_1_21' title='bbox 818 613 993 695; x_wconf 80' lang='lat' dir='ltr'>longitudo,</span> 
     </span>
     <span class='ocr_line' id='line_1_5' title="bbox 94 694 712 781; baseline 0.003 -25"><span class='ocrx_word' id='word_1_22' title='bbox 94 694 185 757; x_wconf 77' lang='lat' dir='ltr'>:finita</span> <span class='ocrx_word' id='word_1_23' title='bbox 207 696 347 781; x_wconf 83' lang='lat' dir='ltr'>latitudo,</span> <span class='ocrx_word' id='word_1_24' title='bbox 368 696 489 760; x_wconf 83' lang='lat' dir='ltr'>infinita</span> <span class='ocrx_word' id='word_1_25' title='bbox 511 696 712 779; x_wconf 80' lang='lat' dir='ltr'>profunditas.</span> 
     </span>
    </p>

    <p class='ocr_par' dir='ltr' id='par_1_4' title="bbox 94 780 994 1590">
     <span class='ocr_line' id='line_1_6' title="bbox 150 780 994 864; baseline 0 -24"><span class='ocrx_word' id='word_1_26' title='bbox 150 780 197 841; x_wconf 86' lang='lat' dir='ltr'>Ad</span> <span class='ocrx_word' id='word_1_27' title='bbox 220 781 298 842; x_wconf 85' lang='lat' dir='ltr'>haee</span> <span class='ocrx_word' id='word_1_28' title='bbox 318 788 422 864; x_wconf 88' lang='lat' dir='ltr'>antor,</span> <span class='ocrx_word' id='word_1_29' title='bbox 457 801 511 843; x_wconf 88' lang='lat' dir='ltr'>eeu</span> <span class='ocrx_word' id='word_1_30' title='bbox 532 781 626 842; x_wconf 90' lang='lat' dir='ltr'>homo</span> <span class='ocrx_word' id='word_1_31' title='bbox 648 783 723 862; x_wconf 84' lang='lat' dir='ltr'>iate,</span> <span class='ocrx_word' id='word_1_32' title='bbox 756 781 808 860; x_wconf 84' lang='lat' dir='ltr'>qui</span> <span class='ocrx_word' id='word_1_33' title='bbox 829 780 903 840; x_wconf 85' lang='lat' dir='ltr'>laeit</span> <span class='ocrx_word' id='word_1_34' title='bbox 924 797 994 841; x_wconf 89' lang='lat' dir='ltr'>eoe-</span> 
     </span>
     <span class='ocr_line' id='line_1_7' title="bbox 94 862 992 947; baseline -0.001 -23"><span class='ocrx_word' id='word_1_35' title='bbox 94 880 153 941; x_wconf 75' lang='lat' dir='ltr'>tm,</span> <span class='ocrx_word' id='word_1_36' title='bbox 184 869 231 925; x_wconf 84' lang='lat' dir='ltr'>eet</span> <span class='ocrx_word' id='word_1_37' title='bbox 251 862 403 947; x_wconf 85' lang='lat' dir='ltr'>ioflnitue,</span> <span class='ocrx_word' id='word_1_38' title='bbox 434 865 552 925; x_wconf 87' lang='lat' dir='ltr'>aeilieet</span> <span class='ocrx_word' id='word_1_39' title='bbox 573 865 656 925; x_wconf 85' lang='lat' dir='ltr'>Deua</span> <span class='ocrx_word' id='word_1_40' title='bbox 678 866 744 945; x_wconf 88' lang='lat' dir='ltr'>ipae</span> <span class='ocrx_word' id='word_1_41' title='bbox 766 882 822 924; x_wconf 83' lang='lat' dir='ltr'>eeu</span> <span class='ocrx_word' id='word_1_42' title='bbox 844 862 992 945; x_wconf 79' lang='lat' dir='ltr'>Christus,</span> 
     </span>
     <span class='ocr_line' id='line_1_8' title="bbox 94 944 992 1030; baseline 0.001 -25"><span class='ocrx_word' id='word_1_43' title='bbox 94 946 201 1026; x_wconf 78' lang='lat' dir='ltr'>;qnod</span> <span class='ocrx_word' id='word_1_44' title='bbox 235 949 404 1008; x_wconf 85' lang='lat' dir='ltr'>maximum</span> <span class='ocrx_word' id='word_1_45' title='bbox 426 953 490 1030; x_wconf 85' lang='lat' dir='ltr'>eet,</span> <span class='ocrx_word' id='word_1_46' title='bbox 524 967 636 1027; x_wconf 89' lang='lat' dir='ltr'>magna</span> <span class='ocrx_word' id='word_1_47' title='bbox 668 948 797 1008; x_wconf 78' lang='lat' dir='ltr'>caritate</span> <span class='ocrx_word' id='word_1_48' title='bbox 819 952 850 1007; x_wconf 86' lang='lat' dir='ltr'>et</span> <span class='ocrx_word' id='word_1_49' title='bbox 870 944 992 1007; x_wconf 83' lang='lat' dir='ltr'>infinita</span> 
     </span>
     <span class='ocr_line' id='line_1_9' title="bbox 94 1030 993 1112; baseline -0.002 -21"><span class='ocrx_word' id='word_1_50' title='bbox 94 1031 215 1112; x_wconf 71' lang='lat' dir='ltr'>unitate,</span> <span class='ocrx_word' id='word_1_51' title='bbox 238 1031 346 1092; x_wconf 82' lang='lat' dir='ltr'>laveno</span> <span class='ocrx_word' id='word_1_52' title='bbox 368 1032 473 1092; x_wconf 88' lang='lat' dir='ltr'>omnia</span> <span class='ocrx_word' id='word_1_53' title='bbox 495 1030 645 1095; x_wconf 84' lang='lat' dir='ltr'>omnibus.</span> <span class='ocrx_word' id='word_1_54' title='bbox 692 1031 767 1092; x_wconf 83' lang='lat' dir='ltr'>Item</span> <span class='ocrx_word' id='word_1_55' title='bbox 781 1030 908 1091; x_wconf 83' lang='lat' dir='ltr'>ministri</span> <span class='ocrx_word' id='word_1_56' title='bbox 921 1037 993 1089; x_wconf 89' lang='lat' dir='ltr'>eunt</span> 
     </span>
     <span class='ocr_line' id='line_1_10' title="bbox 97 1112 993 1196; baseline -0.002 -22"><span class='ocrx_word' id='word_1_57' title='bbox 97 1114 186 1194; x_wconf 88' lang='lat' dir='ltr'>agni,</span> <span class='ocrx_word' id='word_1_58' title='bbox 220 1115 292 1193; x_wconf 87' lang='lat' dir='ltr'>quia</span> <span class='ocrx_word' id='word_1_59' title='bbox 314 1113 486 1196; x_wconf 83' lang='lat' dir='ltr'>Evangelio</span> <span class='ocrx_word' id='word_1_60' title='bbox 522 1119 658 1175; x_wconf 81' lang='lat' dir='ltr'>serviunt</span> <span class='ocrx_word' id='word_1_61' title='bbox 690 1112 793 1195; x_wconf 84' lang='lat' dir='ltr'>angeli</span> <span class='ocrx_word' id='word_1_62' title='bbox 815 1131 939 1193; x_wconf 90' lang='lat' dir='ltr'>qnoque</span> <span class='ocrx_word' id='word_1_63' title='bbox 961 1120 993 1173; x_wconf 88' lang='lat' dir='ltr'>et</span> 
     </span>
     <span class='ocr_line' id='line_1_11' title="bbox 94 1192 993 1259; baseline 0 -4"><span class='ocrx_word' id='word_1_64' title='bbox 94 1192 167 1258; x_wconf 82' lang='lat' dir='ltr'>nnis</span> <span class='ocrx_word' id='word_1_65' title='bbox 202 1204 350 1259; x_wconf 84' lang='lat' dir='ltr'>ereatura.</span> <span class='ocrx_word' id='word_1_66' title='bbox 394 1196 472 1259; x_wconf 85' lang='lat' dir='ltr'>Item</span> <span class='ocrx_word' id='word_1_67' title='bbox 507 1202 538 1257; x_wconf 82' lang='lat' dir='ltr'>et</span> <span class='ocrx_word' id='word_1_68' title='bbox 569 1195 639 1257; x_wconf 86' lang='lat' dir='ltr'>finis</span> <span class='ocrx_word' id='word_1_69' title='bbox 672 1216 726 1258; x_wconf 86' lang='lat' dir='ltr'>eeu</span> <span class='ocrx_word' id='word_1_70' title='bbox 762 1195 888 1257; x_wconf 80' lang='lat' dir='ltr'>effeetus</span> <span class='ocrx_word' id='word_1_71' title='bbox 922 1202 993 1256; x_wconf 88' lang='lat' dir='ltr'>sunt</span> 
     </span>
     <span class='ocr_line' id='line_1_12' title="bbox 97 1279 992 1360; baseline 0 -20"><span class='ocrx_word' id='word_1_72' title='bbox 97 1280 189 1360; x_wconf 87' lang='lat' dir='ltr'>ogni,</span> <span class='ocrx_word' id='word_1_73' title='bbox 220 1281 292 1360; x_wconf 88' lang='lat' dir='ltr'>qnia</span> <span class='ocrx_word' id='word_1_74' title='bbox 318 1279 390 1341; x_wconf 89' lang='lat' dir='ltr'>ideo</span> <span class='ocrx_word' id='word_1_75' title='bbox 414 1279 600 1360; x_wconf 80' lang='lat' dir='ltr'>comeditur,</span> <span class='ocrx_word' id='word_1_76' title='bbox 623 1282 707 1340; x_wconf 90' lang='lat' dir='ltr'>utin</span> <span class='ocrx_word' id='word_1_77' title='bbox 730 1287 888 1341; x_wconf 88' lang='lat' dir='ltr'>aeternum</span> <span class='ocrx_word' id='word_1_78' title='bbox 912 1280 992 1340; x_wconf 86' lang='lat' dir='ltr'>viva·</span> 
     </span>
     <span class='ocr_line' id='line_1_13' title="bbox 96 1358 993 1444; baseline 0.001 -22"><span class='ocrx_word' id='word_1_79' title='bbox 96 1381 144 1443; x_wconf 82' lang='lat' dir='ltr'>ue,</span> <span class='ocrx_word' id='word_1_80' title='bbox 166 1363 286 1425; x_wconf 86' lang='lat' dir='ltr'>liberati</span> <span class='ocrx_word' id='word_1_81' title='bbox 308 1383 327 1425; x_wconf 87' lang='lat' dir='ltr'>a</span> <span class='ocrx_word' id='word_1_82' title='bbox 348 1371 447 1424; x_wconf 87' lang='lat' dir='ltr'>morte</span> <span class='ocrx_word' id='word_1_83' title='bbox 461 1368 598 1444; x_wconf 87' lang='lat' dir='ltr'>aeterna,</span> <span class='ocrx_word' id='word_1_84' title='bbox 619 1358 749 1444; x_wconf 76' lang='lat' dir='ltr'>peoee&#39;to</span> <span class='ocrx_word' id='word_1_85' title='bbox 764 1369 901 1440; x_wconf 87' lang='lat' dir='ltr'>aeterno,</span> <span class='ocrx_word' id='word_1_86' title='bbox 924 1363 993 1443; x_wconf 89' lang='lat' dir='ltr'>lege</span> 
     </span>
     <span class='ocr_line' id='line_1_14' title="bbox 94 1445 992 1527; baseline -0.001 -20"><span class='ocrx_word' id='word_1_87' title='bbox 94 1451 192 1508; x_wconf 75' lang='lat' dir='ltr'>eterna</span> <span class='ocrx_word' id='word_1_88' title='bbox 214 1451 273 1510; x_wconf 84' lang='lat' dir='ltr'>eto.</span> <span class='ocrx_word' id='word_1_89' title='bbox 315 1445 361 1508; x_wconf 86' lang='lat' dir='ltr'>lta</span> <span class='ocrx_word' id='word_1_90' title='bbox 383 1466 439 1526; x_wconf 88' lang='lat' dir='ltr'>per</span> <span class='ocrx_word' id='word_1_91' title='bbox 469 1447 574 1508; x_wconf 87' lang='lat' dir='ltr'>omnia</span> <span class='ocrx_word' id='word_1_92' title='bbox 596 1453 643 1507; x_wconf 87' lang='lat' dir='ltr'>eet</span> <span class='ocrx_word' id='word_1_93' title='bbox 664 1447 741 1507; x_wconf 86' lang='lat' dir='ltr'>haee</span> <span class='ocrx_word' id='word_1_94' title='bbox 759 1464 858 1508; x_wconf 88' lang='lat' dir='ltr'>aoena</span> <span class='ocrx_word' id='word_1_95' title='bbox 881 1464 992 1527; x_wconf 88' lang='lat' dir='ltr'>magua</span> 
     </span>
     <span class='ocr_line' id='line_1_15' title="bbox 94 1547 168 1590; baseline 0.014 -1"><span class='ocrx_word' id='word_1_96' title='bbox 94 1547 168 1590; x_wconf 87' lang='lat' dir='ltr'>mre.</span> 
     </span>
    </p>

    <p class='ocr_par' dir='ltr' id='par_1_5' title="bbox 94 1610 993 2424">
     <span class='ocr_line' id='line_1_16' title="bbox 148 1610 991 1692; baseline -0.004 -16"><span class='ocrx_word' id='word_1_97' title='bbox 148 1611 199 1676; x_wconf 75' lang='lat' dir='ltr'>illu</span> <span class='ocrx_word' id='word_1_98' title='bbox 218 1613 269 1692; x_wconf 72' lang='lat' dir='ltr'>nin</span> <span class='ocrx_word' id='word_1_99' title='bbox 292 1613 345 1691; x_wconf 71' lang='lat' dir='ltr'>tici)</span> <span class='ocrx_word' id='word_1_100' title='bbox 370 1630 415 1687; x_wconf 77' lang='lat' dir='ltr'>on,</span> <span class='ocrx_word' id='word_1_101' title='bbox 438 1615 519 1691; x_wconf 79' lang='lat' dir='ltr'>uolet</span> <span class='ocrx_word' id='word_1_102' title='bbox 541 1611 699 1690; x_wconf 61' lang='lat' dir='ltr'>(titillabo,</span> <span class='ocrx_word' id='word_1_103' title='bbox 723 1612 764 1674; x_wconf 81' lang='lat' dir='ltr'>tie</span> <span class='ocrx_word' id='word_1_104' title='bbox 784 1612 884 1690; x_wconf 76' lang='lat' dir='ltr'>leitige</span> <span class='ocrx_word' id='word_1_105' title='bbox 906 1610 991 1688; x_wconf 69' lang='lat' dir='ltr'>intre</span> 
     </span>
     <span class='ocr_line' id='line_1_17' title="bbox 95 1692 990 1776; baseline -0.007 -17"><span class='ocrx_word' id='word_1_106' title='bbox 95 1694 229 1775; x_wconf 68' lang='lat' dir='ltr'>linbbelt,</span> <span class='ocrx_word' id='word_1_107' title='bbox 263 1695 346 1776; x_wconf 88' lang='lat' dir='ltr'>quod</span> <span class='ocrx_word' id='word_1_108' title='bbox 372 1697 432 1757; x_wconf 87' lang='lat' dir='ltr'>ieta</span> <span class='ocrx_word' id='word_1_109' title='bbox 461 1697 565 1757; x_wconf 88' lang='lat' dir='ltr'>omnia</span> <span class='ocrx_word' id='word_1_110' title='bbox 597 1697 640 1756; x_wconf 89' lang='lat' dir='ltr'>ita</span> <span class='ocrx_word' id='word_1_111' title='bbox 669 1701 915 1758; x_wconf 81' lang='lat' dir='ltr'>contemnuntur.</span> <span class='ocrx_word' id='word_1_112' title='bbox 959 1692 990 1754; x_wconf 79' lang='lat' dir='ltr'>Si</span> 
     </span>
     <span class='ocr_line' id='line_1_18' title="bbox 95 1777 991 1859; baseline -0.002 -21"><span class='ocrx_word' id='word_1_113' title='bbox 95 1780 176 1858; x_wconf 88' lang='lat' dir='ltr'>iquia</span> <span class='ocrx_word' id='word_1_114' title='bbox 205 1777 368 1841; x_wconf 79' lang='lat' dir='ltr'>mediocria</span> <span class='ocrx_word' id='word_1_115' title='bbox 402 1780 477 1840; x_wconf 86' lang='lat' dir='ltr'>nivis</span> <span class='ocrx_word' id='word_1_116' title='bbox 509 1779 625 1839; x_wconf 80' lang='lat' dir='ltr'>laceret</span> <span class='ocrx_word' id='word_1_117' title='bbox 658 1797 787 1840; x_wconf 88' lang='lat' dir='ltr'>coenam</span> <span class='ocrx_word' id='word_1_118' title='bbox 817 1779 991 1859; x_wconf 85' lang='lat' dir='ltr'>gratuitam,</span> 
     </span>
     <span class='ocr_line' id='line_1_19' title="bbox 94 1859 990 1943; baseline -0.003 -20"><span class='ocrx_word' id='word_1_119' title='bbox 94 1862 115 1923; x_wconf 73' lang='lat' dir='ltr'>el</span> <span class='ocrx_word' id='word_1_120' title='bbox 138 1862 177 1922; x_wconf 86' lang='lat' dir='ltr'>ad</span> <span class='ocrx_word' id='word_1_121' title='bbox 199 1861 323 1940; x_wconf 83' lang='lat' dir='ltr'>horam,</span> <span class='ocrx_word' id='word_1_122' title='bbox 352 1862 402 1924; x_wconf 89' lang='lat' dir='ltr'>vel</span> <span class='ocrx_word' id='word_1_123' title='bbox 424 1864 513 1923; x_wconf 88' lang='lat' dir='ltr'>trium</span> <span class='ocrx_word' id='word_1_124' title='bbox 536 1862 738 1943; x_wconf 86' lang='lat' dir='ltr'>feronlorum,</span> <span class='ocrx_word' id='word_1_125' title='bbox 760 1862 809 1922; x_wconf 90' lang='lat' dir='ltr'>vel</span> <span class='ocrx_word' id='word_1_126' title='bbox 830 1859 868 1922; x_wconf 87' lang='lat' dir='ltr'>ed</span> <span class='ocrx_word' id='word_1_127' title='bbox 892 1860 990 1921; x_wconf 86' lang='lat' dir='ltr'>aelam</span> 
     </span>
     <span class='ocr_line' id='line_1_20' title="bbox 95 1944 992 2025; baseline -0.002 -20"><span class='ocrx_word' id='word_1_128' title='bbox 95 1964 176 2006; x_wconf 91' lang='lat' dir='ltr'>mem</span> <span class='ocrx_word' id='word_1_129' title='bbox 198 1951 229 2006; x_wconf 87' lang='lat' dir='ltr'>et</span> <span class='ocrx_word' id='word_1_130' title='bbox 250 1946 330 2006; x_wconf 82' lang='lat' dir='ltr'>sitim</span> <span class='ocrx_word' id='word_1_131' title='bbox 354 1947 491 2025; x_wconf 79' lang='lat' dir='ltr'>eorporis</span> <span class='ocrx_word' id='word_1_132' title='bbox 512 1951 629 2006; x_wconf 87' lang='lat' dir='ltr'>tantum</span> <span class='ocrx_word' id='word_1_133' title='bbox 652 1945 775 2006; x_wconf 88' lang='lat' dir='ltr'>dieuna</span> <span class='ocrx_word' id='word_1_134' title='bbox 797 1944 992 2025; x_wconf 85' lang='lat' dir='ltr'>explendam,</span> 
     </span>
     <span class='ocr_line' id='line_1_21' title="bbox 94 2027 992 2112; baseline -0.002 -24"><span class='ocrx_word' id='word_1_135' title='bbox 94 2027 234 2089; x_wconf 71' lang='lat' dir='ltr'>influeret</span> <span class='ocrx_word' id='word_1_136' title='bbox 256 2035 339 2090; x_wconf 80' lang='lat' dir='ltr'>uerte</span> <span class='ocrx_word' id='word_1_137' title='bbox 363 2027 663 2112; x_wconf 83' lang='lat' dir='ltr'>(sipossotadeeee)</span> <span class='ocrx_word' id='word_1_138' title='bbox 678 2035 760 2089; x_wconf 81' lang='lat' dir='ltr'>totus</span> <span class='ocrx_word' id='word_1_139' title='bbox 784 2028 877 2106; x_wconf 85' lang='lat' dir='ltr'>orbis,</span> <span class='ocrx_word' id='word_1_140' title='bbox 899 2027 992 2088; x_wconf 83' lang='lat' dir='ltr'>etiem</span> 
     </span>
     <span class='ocr_line' id='line_1_22' title="bbox 95 2111 993 2174; baseline -0.004 0"><span class='ocrx_word' id='word_1_141' title='bbox 95 2111 150 2174; x_wconf 88' lang='lat' dir='ltr'>ulti</span> <span class='ocrx_word' id='word_1_142' title='bbox 182 2111 319 2173; x_wconf 88' lang='lat' dir='ltr'>divitum.</span> <span class='ocrx_word' id='word_1_143' title='bbox 362 2111 424 2174; x_wconf 82' lang='lat' dir='ltr'>Sed</span> <span class='ocrx_word' id='word_1_144' title='bbox 457 2113 495 2173; x_wconf 87' lang='lat' dir='ltr'>ad</span> <span class='ocrx_word' id='word_1_145' title='bbox 529 2112 610 2173; x_wconf 84' lang='lat' dir='ltr'>hene</span> <span class='ocrx_word' id='word_1_146' title='bbox 641 2131 769 2174; x_wconf 83' lang='lat' dir='ltr'>coenam</span> <span class='ocrx_word' id='word_1_147' title='bbox 793 2130 885 2172; x_wconf 90' lang='lat' dir='ltr'>nemo</span> <span class='ocrx_word' id='word_1_148' title='bbox 908 2111 993 2171; x_wconf 86' lang='lat' dir='ltr'>venit</span> 
     </span>
     <span class='ocr_line' id='line_1_23' title="bbox 94 2194 992 2276; baseline -0.001 -21"><span class='ocrx_word' id='word_1_149' title='bbox 94 2198 156 2257; x_wconf 88' lang='lat' dir='ltr'>iam</span> <span class='ocrx_word' id='word_1_150' title='bbox 179 2204 317 2276; x_wconf 86' lang='lat' dir='ltr'>vooatne,</span> <span class='ocrx_word' id='word_1_151' title='bbox 339 2197 391 2256; x_wconf 87' lang='lat' dir='ltr'>vix</span> <span class='ocrx_word' id='word_1_152' title='bbox 410 2197 536 2258; x_wconf 87' lang='lat' dir='ltr'>veninot</span> <span class='ocrx_word' id='word_1_153' title='bbox 558 2196 652 2276; x_wconf 81' lang='lat' dir='ltr'>aliqui</span> <span class='ocrx_word' id='word_1_154' title='bbox 675 2197 784 2261; x_wconf 82' lang='lat' dir='ltr'>aoaoti.</span> <span class='ocrx_word' id='word_1_155' title='bbox 828 2194 916 2270; x_wconf 79' lang='lat' dir='ltr'>Quae</span> <span class='ocrx_word' id='word_1_156' title='bbox 938 2214 992 2255; x_wconf 87' lang='lat' dir='ltr'>an-</span> 
     </span>
     <span class='ocr_line' id='line_1_24' title="bbox 96 2280 991 2359; baseline -0.003 -20"><span class='ocrx_word' id='word_1_157' title='bbox 96 2298 126 2339; x_wconf 90' lang='lat' dir='ltr'><strong>m</strong></span> <span class='ocrx_word' id='word_1_158' title='bbox 165 2284 213 2339; x_wconf 87' lang='lat' dir='ltr'>eet</span> <span class='ocrx_word' id='word_1_159' title='bbox 240 2280 430 2359; x_wconf 78' lang='lat' dir='ltr'>comparatio</span> <span class='ocrx_word' id='word_1_160' title='bbox 463 2298 581 2340; x_wconf 81' lang='lat' dir='ltr'>coenae</span> <span class='ocrx_word' id='word_1_161' title='bbox 610 2280 696 2340; x_wconf 86' lang='lat' dir='ltr'>istius</span> <span class='ocrx_word' id='word_1_162' title='bbox 723 2280 853 2339; x_wconf 86' lang='lat' dir='ltr'>miserae</span> <span class='ocrx_word' id='word_1_163' title='bbox 875 2283 907 2338; x_wconf 87' lang='lat' dir='ltr'>et</span> <span class='ocrx_word' id='word_1_164' title='bbox 928 2295 991 2337; x_wconf 93' lang='lat' dir='ltr'>mo·</span> 
     </span>
     <span class='ocr_line' id='line_1_25' title="bbox 95 2360 989 2424; baseline -0.003 -1"><span class='ocrx_word' id='word_1_165' title='bbox 95 2368 248 2423; x_wconf 86' lang='lat' dir='ltr'>entaneae</span> <span class='ocrx_word' id='word_1_166' title='bbox 276 2363 315 2424; x_wconf 88' lang='lat' dir='ltr'>ad</span> <span class='ocrx_word' id='word_1_167' title='bbox 338 2363 418 2423; x_wconf 88' lang='lat' dir='ltr'>hana</span> <span class='ocrx_word' id='word_1_168' title='bbox 446 2380 575 2423; x_wconf 88' lang='lat' dir='ltr'>eoeoam</span> <span class='ocrx_word' id='word_1_169' title='bbox 608 2370 763 2423; x_wconf 86' lang='lat' dir='ltr'>aeternam</span> <span class='ocrx_word' id='word_1_170' title='bbox 788 2367 819 2421; x_wconf 88' lang='lat' dir='ltr'>et</span> <span class='ocrx_word' id='word_1_171' title='bbox 841 2360 989 2422; x_wconf 84' lang='lat' dir='ltr'>infinitam</span> 
     </span>
    </p>

    <p class='ocr_par' dir='ltr' id='par_1_6' title="bbox 95 2445 991 2611">
     <span class='ocr_line' id='line_1_26' title="bbox 134 2445 991 2524; baseline -0.004 -18"><span class='ocrx_word' id='word_1_172' title='bbox 134 2445 357 2524; x_wconf 82' lang='lat' dir='ltr'>beatissimam,</span> <span class='ocrx_word' id='word_1_173' title='bbox 398 2464 416 2506; x_wconf 94' lang='lat' dir='ltr'>o</span> <span class='ocrx_word' id='word_1_174' title='bbox 454 2445 607 2507; x_wconf 86' lang='lat' dir='ltr'>horribilia</span> <span class='ocrx_word' id='word_1_175' title='bbox 646 2452 752 2506; x_wconf 83' lang='lat' dir='ltr'>nostra</span> <span class='ocrx_word' id='word_1_176' title='bbox 789 2445 922 2505; x_wconf 82' lang='lat' dir='ltr'>eaeoitae</span> <span class='ocrx_word' id='word_1_177' title='bbox 960 2451 991 2503; x_wconf 88' lang='lat' dir='ltr'>et</span> 
     </span>
     <span class='ocr_line' id='line_1_27' title="bbox 95 2547 183 2611; baseline 0.011 -22"><span class='ocrx_word' id='word_1_178' title='bbox 95 2547 183 2611; x_wconf 84' lang='lat' dir='ltr'>upon.</span> 
     </span>
    </p>

    <p class='ocr_par' dir='ltr' id='par_1_7' title="bbox 452 2608 605 2689">
     <span class='ocr_line' id='line_1_28' title="bbox 452 2608 605 2689; baseline 0.026 -18"><span class='ocrx_word' id='word_1_179' title='bbox 452 2608 605 2689; x_wconf 79' lang='lat' dir='ltr'>Sequitur.</span> 
     </span>
    </p>

    <p class='ocr_par' dir='ltr' id='par_1_8' title="bbox 94 2691 1015 3692">
     <span class='ocr_line' id='line_1_29' title="bbox 147 2691 990 2773; baseline 0 -20"><span class='ocrx_word' id='word_1_180' title='bbox 147 2692 189 2754; x_wconf 81' lang='lat' dir='ltr'>Et</span> <span class='ocrx_word' id='word_1_181' title='bbox 210 2694 334 2755; x_wconf 86' lang='lat' dir='ltr'>vooavit</span> <span class='ocrx_word' id='word_1_182' title='bbox 356 2693 482 2772; x_wconf 88' lang='lat' dir='ltr'>multoe,</span> <span class='ocrx_word' id='word_1_183' title='bbox 503 2694 563 2754; x_wconf 89' lang='lat' dir='ltr'>hoo</span> <span class='ocrx_word' id='word_1_184' title='bbox 586 2693 708 2773; x_wconf 90' lang='lat' dir='ltr'>proprie</span> <span class='ocrx_word' id='word_1_185' title='bbox 730 2692 863 2772; x_wconf 82' lang='lat' dir='ltr'>pertinet</span> <span class='ocrx_word' id='word_1_186' title='bbox 883 2691 921 2753; x_wconf 92' lang='lat' dir='ltr'>ad</span> <span class='ocrx_word' id='word_1_187' title='bbox 937 2711 990 2772; x_wconf 90' lang='lat' dir='ltr'>po·</span> 
     </span>
     <span class='ocr_line' id='line_1_30' title="bbox 94 2774 991 2858; baseline 0 -21"><span class='ocrx_word' id='word_1_188' title='bbox 94 2774 171 2837; x_wconf 86' lang='lat' dir='ltr'>rlum</span> <span class='ocrx_word' id='word_1_189' title='bbox 193 2775 297 2858; x_wconf 83' lang='lat' dir='ltr'>lsrael,</span> <span class='ocrx_word' id='word_1_190' title='bbox 321 2777 430 2856; x_wconf 82' lang='lat' dir='ltr'>quibus</span> <span class='ocrx_word' id='word_1_191' title='bbox 453 2777 621 2858; x_wconf 87' lang='lat' dir='ltr'>promiesue</span> <span class='ocrx_word' id='word_1_192' title='bbox 634 2781 682 2836; x_wconf 84' lang='lat' dir='ltr'>est</span> <span class='ocrx_word' id='word_1_193' title='bbox 699 2774 846 2852; x_wconf 84' lang='lat' dir='ltr'>Ghrietue,</span> <span class='ocrx_word' id='word_1_194' title='bbox 868 2778 900 2836; x_wconf 88' lang='lat' dir='ltr'>et</span> <span class='ocrx_word' id='word_1_195' title='bbox 920 2783 991 2837; x_wconf 83' lang='lat' dir='ltr'>eunt</span> 
     </span>
     <span class='ocr_line' id='line_1_31' title="bbox 94 2858 989 2941; baseline -0.003 -20"><span class='ocrx_word' id='word_1_196' title='bbox 94 2878 120 2921; x_wconf 77' lang='lat' dir='ltr'>er</span> <span class='ocrx_word' id='word_1_197' title='bbox 153 2859 266 2921; x_wconf 84' lang='lat' dir='ltr'>multoe</span> <span class='ocrx_word' id='word_1_198' title='bbox 294 2861 461 2941; x_wconf 86' lang='lat' dir='ltr'>prophetae</span> <span class='ocrx_word' id='word_1_199' title='bbox 488 2860 519 2919; x_wconf 91' lang='lat' dir='ltr'>in</span> <span class='ocrx_word' id='word_1_200' title='bbox 547 2861 646 2941; x_wconf 80' lang='lat' dir='ltr'>ipsum</span> <span class='ocrx_word' id='word_1_201' title='bbox 680 2858 848 2920; x_wconf 86' lang='lat' dir='ltr'>Venturum</span> <span class='ocrx_word' id='word_1_202' title='bbox 878 2860 989 2937; x_wconf 81' lang='lat' dir='ltr'>vocati,</span> 
     </span>
     <span class='ocr_line' id='line_1_32' title="bbox 95 2940 989 3023; baseline -0.004 -18"><span class='ocrx_word' id='word_1_203' title='bbox 95 2961 210 3023; x_wconf 85' lang='lat' dir='ltr'>nquam</span> <span class='ocrx_word' id='word_1_204' title='bbox 233 2943 272 3005; x_wconf 88' lang='lat' dir='ltr'>ad</span> <span class='ocrx_word' id='word_1_205' title='bbox 296 2961 425 3023; x_wconf 81' lang='lat' dir='ltr'>coenam</span> <span class='ocrx_word' id='word_1_206' title='bbox 444 2943 585 3005; x_wconf 89' lang='lat' dir='ltr'>futuram.</span> <span class='ocrx_word' id='word_1_207' title='bbox 630 2942 670 3002; x_wconf 75' lang='lat' dir='ltr'>nt</span> <span class='ocrx_word' id='word_1_208' title='bbox 691 2941 748 3003; x_wconf 80' lang='lat' dir='ltr'>sub</span> <span class='ocrx_word' id='word_1_209' title='bbox 761 2940 989 3023; x_wconf 84' lang='lat' dir='ltr'>ipeaiamhore</span> 
     </span>
     <span class='ocr_line' id='line_1_33' title="bbox 95 3020 1015 3107; baseline -0.003 -20"><span class='ocrx_word' id='word_1_210' title='bbox 95 3026 147 3087; x_wconf 89' lang='lat' dir='ltr'>leit</span> <span class='ocrx_word' id='word_1_211' title='bbox 176 3045 298 3088; x_wconf 80' lang='lat' dir='ltr'>servum</span> <span class='ocrx_word' id='word_1_212' title='bbox 322 3046 409 3087; x_wconf 89' lang='lat' dir='ltr'>suum</span> <span class='ocrx_word' id='word_1_213' title='bbox 431 3024 601 3087; x_wconf 89' lang='lat' dir='ltr'>Iohannem</span> <span class='ocrx_word' id='word_1_214' title='bbox 624 3026 805 3107; x_wconf 81' lang='lat' dir='ltr'>Baptistam,</span> <span class='ocrx_word' id='word_1_215' title='bbox 828 3032 861 3085; x_wconf 90' lang='lat' dir='ltr'>ut</span> <span class='ocrx_word' id='word_1_216' title='bbox 882 3020 1015 3085; x_wconf 73' lang='lat' dir='ltr'>invita·</span> 
     </span>
     <span class='ocr_line' id='line_1_34' title="bbox 94 3107 991 3191; baseline -0.001 -21"><span class='ocrx_word' id='word_1_217' title='bbox 94 3108 255 3171; x_wconf 76' lang='lat' dir='ltr'>adiceret:</span> <span class='ocrx_word' id='word_1_218' title='bbox 300 3110 428 3190; x_wconf 88' lang='lat' dir='ltr'>Venite,</span> <span class='ocrx_word' id='word_1_219' title='bbox 460 3112 521 3170; x_wconf 92' lang='lat' dir='ltr'>iam</span> <span class='ocrx_word' id='word_1_220' title='bbox 559 3116 668 3191; x_wconf 83' lang='lat' dir='ltr'>perata</span> <span class='ocrx_word' id='word_1_221' title='bbox 700 3115 771 3168; x_wconf 90' lang='lat' dir='ltr'>eunt</span> <span class='ocrx_word' id='word_1_222' title='bbox 793 3110 905 3170; x_wconf 89' lang='lat' dir='ltr'>omnia.</span> <span class='ocrx_word' id='word_1_223' title='bbox 950 3107 991 3169; x_wconf 88' lang='lat' dir='ltr'>At</span> 
     </span>
     <span class='ocr_line' id='line_1_35' title="bbox 94 3191 987 3273; baseline -0.002 -20"><span class='ocrx_word' id='word_1_224' title='bbox 94 3194 108 3253; x_wconf 93' lang='lat' dir='ltr'>.i</span> <span class='ocrx_word' id='word_1_225' title='bbox 131 3199 312 3273; x_wconf 83' lang='lat' dir='ltr'>spreverunt</span> <span class='ocrx_word' id='word_1_226' title='bbox 333 3213 413 3272; x_wconf 86' lang='lat' dir='ltr'>enm,</span> <span class='ocrx_word' id='word_1_227' title='bbox 435 3191 489 3254; x_wconf 85' lang='lat' dir='ltr'>aed</span> <span class='ocrx_word' id='word_1_228' title='bbox 505 3192 743 3273; x_wconf 81' lang='lat' dir='ltr'>magneapeoie,</span> <span class='ocrx_word' id='word_1_229' title='bbox 766 3192 883 3253; x_wconf 86' lang='lat' dir='ltr'>eoilieet</span> <span class='ocrx_word' id='word_1_230' title='bbox 927 3191 987 3252; x_wconf 91' lang='lat' dir='ltr'>nod</span> 
     </span>
     <span class='ocr_line' id='line_1_36' title="bbox 94 3209 989 3358; baseline -0.002 -21"><span class='ocrx_word' id='word_1_231' title='bbox 94 3283 283 3357; x_wconf 82' lang='lat' dir='ltr'>rapeolorent</span> <span class='ocrx_word' id='word_1_232' title='bbox 303 3296 430 3358; x_wconf 88' lang='lat' dir='ltr'>regnum</span> <span class='ocrx_word' id='word_1_233' title='bbox 453 3277 583 3337; x_wconf 80' lang='lat' dir='ltr'>Moesiae</span> <span class='ocrx_word' id='word_1_234' title='bbox 604 3293 728 3355; x_wconf 88' lang='lat' dir='ltr'>proreue</span> <span class='ocrx_word' id='word_1_235' title='bbox 751 3275 884 3339; x_wconf 80' lang='lat' dir='ltr'>cernale.</span> <span class='ocrx_word' id='word_1_236' title='bbox 905 3209 989 3336; x_wconf 65' lang='lat' dir='ltr'>&lt;ldeo</span> 
     </span>
     <span class='ocr_line' id='line_1_37' title="bbox 94 3356 989 3441; baseline -0.004 -20"><span class='ocrx_word' id='word_1_237' title='bbox 94 3365 176 3421; x_wconf 73' lang='lat' dir='ltr'>:lant</span> <span class='ocrx_word' id='word_1_238' title='bbox 197 3360 323 3441; x_wconf 92' lang='lat' dir='ltr'>dignum</span> <span class='ocrx_word' id='word_1_239' title='bbox 346 3378 429 3437; x_wconf 82' lang='lat' dir='ltr'>eoae,</span> <span class='ocrx_word' id='word_1_240' title='bbox 452 3361 477 3420; x_wconf 87' lang='lat' dir='ltr'>ei</span> <span class='ocrx_word' id='word_1_241' title='bbox 499 3362 602 3440; x_wconf 84' lang='lat' dir='ltr'>potine</span> <span class='ocrx_word' id='word_1_242' title='bbox 625 3358 735 3434; x_wconf 87' lang='lat' dir='ltr'>villae,</span> <span class='ocrx_word' id='word_1_243' title='bbox 759 3356 872 3439; x_wconf 88' lang='lat' dir='ltr'>bobue,</span> <span class='ocrx_word' id='word_1_244' title='bbox 900 3359 989 3418; x_wconf 87' lang='lat' dir='ltr'>uxori</span> 
     </span>
     <span class='ocr_line' id='line_1_38' title="bbox 94 3441 990 3527; baseline 0.003 -25"><span class='ocrx_word' id='word_1_245' title='bbox 94 3444 218 3527; x_wconf 77' lang='lat' dir='ltr'>urriani,</span> <span class='ocrx_word' id='word_1_246' title='bbox 239 3443 269 3504; x_wconf 89' lang='lat' dir='ltr'>id</span> <span class='ocrx_word' id='word_1_247' title='bbox 293 3449 353 3524; x_wconf 87' lang='lat' dir='ltr'>eat,</span> <span class='ocrx_word' id='word_1_248' title='bbox 383 3443 539 3503; x_wconf 84' lang='lat' dir='ltr'>mundana</span> <span class='ocrx_word' id='word_1_249' title='bbox 560 3447 709 3522; x_wconf 87' lang='lat' dir='ltr'>quaerent</span> <span class='ocrx_word' id='word_1_250' title='bbox 735 3442 766 3500; x_wconf 94' lang='lat' dir='ltr'>in</span> <span class='ocrx_word' id='word_1_251' title='bbox 789 3460 845 3502; x_wconf 92' lang='lat' dir='ltr'>eno</span> <span class='ocrx_word' id='word_1_252' title='bbox 868 3441 990 3505; x_wconf 80' lang='lat' dir='ltr'>Moesia.</span> 
     </span>
     <span class='ocr_line' id='line_1_39' title="bbox 94 3524 990 3608; baseline -0.007 -20"><span class='ocrx_word' id='word_1_253' title='bbox 94 3525 304 3607; x_wconf 89' lang='lat' dir='ltr'>tid-quidem</span> <span class='ocrx_word' id='word_1_254' title='bbox 331 3526 469 3587; x_wconf 78' lang='lat' dir='ltr'>lecerunt</span> <span class='ocrx_word' id='word_1_255' title='bbox 496 3528 688 3608; x_wconf 83' lang='lat' dir='ltr'>potiorpare</span> <span class='ocrx_word' id='word_1_256' title='bbox 712 3524 836 3606; x_wconf 89' lang='lat' dir='ltr'>populi,</span> <span class='ocrx_word' id='word_1_257' title='bbox 871 3524 990 3585; x_wconf 78' lang='lat' dir='ltr'>seilicet</span> 
     </span>
     <span class='ocr_line' id='line_1_40' title="bbox 94 3607 625 3692; baseline 0 -19"><span class='ocrx_word' id='word_1_258' title='bbox 94 3611 233 3692; x_wconf 83' lang='lat' dir='ltr'>rinoipee,</span> <span class='ocrx_word' id='word_1_259' title='bbox 257 3609 435 3671; x_wconf 86' lang='lat' dir='ltr'>eaoerdotes</span> <span class='ocrx_word' id='word_1_260' title='bbox 458 3614 489 3670; x_wconf 89' lang='lat' dir='ltr'>et</span> <span class='ocrx_word' id='word_1_261' title='bbox 505 3607 625 3673; x_wconf 81' lang='lat' dir='ltr'>divites.</span> 
     </span>
    </p>

    <p class='ocr_par' dir='ltr' id='par_1_9' title="bbox 148 3688 989 3774">
     <span class='ocr_line' id='line_1_41' title="bbox 148 3688 989 3774; baseline -0.007 -19"><span class='ocrx_word' id='word_1_262' title='bbox 148 3694 307 3774; x_wconf 76' lang='lat' dir='ltr'>Principes</span> <span class='ocrx_word' id='word_1_263' title='bbox 330 3695 410 3754; x_wconf 87' lang='lat' dir='ltr'>enim</span> <span class='ocrx_word' id='word_1_264' title='bbox 433 3694 464 3753; x_wconf 90' lang='lat' dir='ltr'>ln</span> <span class='ocrx_word' id='word_1_265' title='bbox 485 3691 585 3755; x_wconf 84' lang='lat' dir='ltr'>bobus</span> <span class='ocrx_word' id='word_1_266' title='bbox 607 3689 805 3772; x_wconf 79' lang='lat' dir='ltr'>providendis</span> <span class='ocrx_word' id='word_1_267' title='bbox 829 3695 930 3771; x_wconf 85' lang='lat' dir='ltr'>erant,</span> <span class='ocrx_word' id='word_1_268' title='bbox 960 3688 989 3749; x_wconf 88' lang='lat' dir='ltr'>id</span> 
     </span>
    </p>
   </div>
   <div class='ocr_carea' id='block_1_3' title="bbox 94 3773 992 3881">
    <p class='ocr_par' dir='ltr' id='par_1_10' title="bbox 94 3773 992 3881">
     <span class='ocr_line' id='line_1_42' title="bbox 94 3773 992 3881; baseline -0.008 -42"><span class='ocrx_word' id='word_1_269' title='bbox 94 3786 124 3860; x_wconf 74' lang='lat' dir='ltr'>it,</span> <span class='ocrx_word' id='word_1_270' title='bbox 145 3777 345 3858; x_wconf 86' lang='lat' dir='ltr'>gubernanda</span> <span class='ocrx_word' id='word_1_271' title='bbox 365 3776 524 3856; x_wconf 74' lang='lat' dir='ltr'>republica</span> <span class='ocrx_word' id='word_1_272' title='bbox 546 3776 632 3840; x_wconf 86' lang='lat' dir='ltr'>llloei.</span> <span class='ocrx_word' id='word_1_273' title='bbox 677 3773 754 3881; x_wconf 82' lang='lat' dir='ltr'>Nam</span> <span class='ocrx_word' id='word_1_274' title='bbox 784 3773 840 3834; x_wconf 84' lang='lat' dir='ltr'>boe</span> <span class='ocrx_word' id='word_1_275' title='bbox 863 3781 992 3834; x_wconf 83' lang='lat' dir='ltr'>vocetur</span> 
     </span>
    </p>
   </div>
   <div class='ocr_carea' id='block_1_4' title="bbox 709 3855 781 3923">
    <p class='ocr_par' dir='ltr' id='par_1_11' title="bbox 709 3855 781 3923">
     <span class='ocr_line' id='line_1_43' title="bbox 709 3855 781 3923; baseline 0 0"><span class='ocrx_word' id='word_1_276' title='bbox 709 3855 781 3923; x_wconf 72' lang='lat' dir='ltr'>2l³l</span> 
     </span>
    </p>
   </div>
   <div class='ocr_carea' id='block_1_5' title="bbox 0 0 1178 4162">
    <p class='ocr_par' dir='ltr' id='par_1_12' title="bbox 0 0 1178 4162">
     <span class='ocr_line' id='line_1_44' title="bbox 0 0 1178 4162; baseline 0 0"><span class='ocrx_word' id='word_1_277' title='bbox 0 0 1178 4162; x_wconf 95' lang='lat' dir='ltr'> </span> 
     </span>
    </p>
   </div>
  </div>
 </body>
</html>
