2348 4162
367 295 381 302 η
423 351 427 356 ,
509 218 637 321 ιιιιιι.Δ
973 262 1015 329 73

94 433 274 514 hortemini,
287 426 413 494 salutari
429 433 639 495 admonitione
652 441 682 495 et
700 434 793 496 verbo
806 431 1016 517 doctrinam),

92 536 160 578 non
195 516 431 578 maledicentiae
467 519 570 578 imore
603 518 766 593 inducatis,
798 537 837 578 ne
871 517 1017 597 deinceps

96 601 308 681 supradictum
331 598 453 660 Lutheri
477 599 601 681 dogma,
635 601 776 681 privatim
805 606 858 660 aut
884 600 1017 679 publice,

92 703 246 762 asserere,
268 683 390 760 docere,
415 683 461 743 vel
485 684 573 744 deeo
588 683 773 744 contendere
797 689 850 743 aut
860 682 1017 744 decertare

92 766 157 827 ullo
180 766 427 847 pactcaudeant
451 787 509 827 nec
530 786 586 828 vos
608 787 675 847 iper
660 766 829 844 audeatis,
852 785 1016 845 necquen-
1065 829 1068 834 ,

93 869 187 930 quam
208 849 406 930 inecclesiis‚·
399 849 568 932 domibus,
592 849 880 931 congregationibus
896 851 1016 931 vestris,

93 939 149 994 aut
185 932 255 994 alibi
283 918 313 992 id
356 933 456 993 tacere
490 899 683 1013 permittatis,
721 932 775 992 sed
816 931 918 1011 quoad
952 898 1017 993 lierl
1127 924 1129 929 ’

98 1021 214 1096 potest,
235 1015 460 1097 prohibeatis,
469 1035 507 1076 ac
530 1023 662 1097 veterem
685 1016 836 1076 ecclesiae
866 1018 965 1092 ritum,
999 1035 1018 1075 a

98 1099 212 1161 Christi
244 1099 404 1179 apostolis,
442 1101 556 1158 sanctie
584 1080 713 1160 subinde
751 1099 888 1160 Patribus
923 1097 1017 1158 divini

96 1182 231 1245 numinis
264 1183 409 1242 instinctu
434 1181 603 1248 salubriter
635 1180 790 1243 inductum
814 1189 886 1242 eta
917 1182 1018 1242 multis

91 1266 155 1325 iam
180 1265 302 1338 seculis
329 1272 443 1345 magno
467 1266 653 1326 totinscrbis
668 1251 833 1328 Christiani
855 1283 1018 1342 consensu,
1086 1289 1088 1294 ·

93 1347 243 1426 religiose
266 1314 463 1409 observatum
487 1348 937 1424 teneatiset·tene1ifaciatis,
959 1359 1018 1409 nec
1077 1401 1082 1417 ,

96 1429 276 1512 quidquam,
304 1428 386 1510 qucd
411 1430 623 1491 ecclesiastica
643 1432 816 1492 institutum
839 1439 885 1492 est
907 1432 1019 1495 autori·

92 1520 169 1592 tate,
196 1521 301 1574 vestra
324 1513 440 1576 violare
460 1508 513 1590 aut
535 1523 651 1574 mutare
674 1516 875 1594 praesumatis
894 1515 1016 1574 temeri·

92 1601 187 1675 tate,
194 1614 272 1678 nec,
286 1598 464 1675 quantum
456 1617 484 1657 in
509 1597 596 1657 vobis
619 1605 677 1674 est,
699 1596 738 1658 ab
759 1597 826 1658 aliis
849 1597 959 1657 mutari
982 1597 1018 1656 si·

93 1680 187 1762 nutis.
581 1716 584 1722 <

179 1760 211 1822 si
233 1762 301 1840 quis
323 1768 377 1823 aut
377 1781 425 1821 em
448 1743 645 1845 paternamb)
668 1762 748 1822 hanc
771 1718 1013 1822 admonitionem

92 1851 232 1906 nostram
255 1845 365 1940 supino
389 1845 467 1904 fastu
490 1847 709 1926 contempserit
736 1852 766 1906 et
789 1845 900 1906 Christi
922 1844 1018 1906 eccle·

95 1929 174 1987 siam
196 1928 371 2008 pernicioso
394 1928 559 2009 schismate
579 1928 721 2008 scindere
744 1916 921 2008 perrexerit,
951 1948 1016 2008 per·

91 2018 219 2092 petuam
252 2010 296 2070 itti
326 2010 572 2072 maledictionem
606 2011 819 2092 imprecamur,
854 2013 1017 2091 ipsumque

92 2093 168 2154 diris
190 2099 222 2154 et
243 2093 547 2169 exsecrationibusc)
566 2094 779 2175 ⁴devoventes,
813 2095 1016 2159 anathematis

93 2183 243 2236 mucrone
268 2177 403 2254 ferimus,
433 2178 558 2256 iraeque
586 2177 708 2239 divinae
741 2177 937 2240 aedistrioto
960 2179 1017 2240 Dei

92 2258 211 2320 iudicio
240 2223 468 2332 diiudicandum
498 2259 695 2325 destinamus
736 2262 886 2324 Volumus
915 2269 1016 2322 autem
1071 2326 1073 2330 Α

87 2342 264 2438 praemissa
285 2342 324 2402 ad
346 2343 482 2403 omnium
505 2350 536 2404 et
554 2344 753 2426 singulorum,
776 2357 905 2425 quornm
927 2346 1017 2405 iuter·
1073 2418 1076 2423 Ι
1134 2343 1135 2346 ’
1160 2410 1163 2415 ,

91 2433 152 2504 est,
173 2425 314 2485 notitiam
335 2425 497 2502 deducere
529 2432 559 2491 et
580 2427 635 2487 has
654 2436 775 2489 nostras
798 2428 901 2488 literas
924 2448 942 2488 a
965 2446 1018 2489 vo·

32 2568 38 2583 ,
92 2508 197 2569 biset
230 2508 299 2568 aliis
330 2474 541 2570 sacerdotibus
571 2509 739 2608 descriptas
780 2511 819 2571 de
848 2511 949 2571 vicino
977 2509 1016 2570 ad

92 2591 231 2652 vicinum
251 2591 428 2671 plebanum
451 2611 519 2652 cum
543 2595 750 2655 exsecutionis
773 2601 857 2674 ncta,
879 2594 1017 2654 utmcris
1091 2660 1095 2668 ⁸

93 2681 152 2755 est,
176 2673 254 2734 mitti
294 2680 325 2734 et
346 2694 365 2735 a
387 2676 556 2736 ιιοιιιιιιιιο
579 2665 701 2736 taudem
732 2676 771 2737 ad
793 2641 1017 2738 Oudoeltarium

90 2759 124 2818 in
148 2756 252 2819 arceui
274 2764 410 2818 nostram
433 2742 606 2840 Heytsberg
628 2758 723 2824 reddi

176 2839 291 2900 Datum
315 2841 370 2900 sub
401 2843 592 2902 testimonio
605 2842 702 2923 Sigilli
732 2840 838 2920 nostri,
868 2842 1017 2924 vigesima

91 2923 213 2983 mensis
233 2912 379 3021 Ianuarii,
411 2923 503 2985 Anno
527 2925 650 2988 Domini
677 2926 838 2987 millesimo
871 2928 1018 3006 quingen·
1067 3002 1070 3008 Ι

96 3007 211 3067 tesimo
229 3007 378 3087 vigesimo
403 3015 522 3088 quarto.

165 3211 199 3280 a)
165 3209 412 3271 aDecretalibus
431 3210 545 3279 scilicet,
525 3217 628 3269 tnam
647 3212 797 3268 Luthsrani
820 3214 908 3269 solam
925 3214 1016 3268 Evan-

91 3282 212 3357 geticam
227 3283 381 3338 doctrinam
397 3290 543 3351 astruunt,
542 3283 625 3354 quod
636 3290 679 3340 est
695 3286 860 3341 maledicere
878 3291 906 3340 et
917 3283 1015 3352 furere,

90 3352 244 3410 secuudum
263 3353 337 3410 hunc
354 3355 520 3412 Mauritinm
551 3357 584 3418 b)
597 3355 674 3420 Quae
692 3356 897 3412 totmaledietis
914 3354 1018 3412 referta

21 3450 24 3455 ¹
91 3433 144 3493 est,
164 3433 196 3482 ιιι
213 3433 330 3496 epatre
350 3426 464 3483 diabolo
483 3434 558 3484 recte
577 3433 695 3497 patema
715 3430 832 3498 dicatur
858 3444 921 3483 nam
940 3429 1017 3495 vide·

90 3505 123 3553 ut
141 3497 187 3554 hic
199 3494 327 3565 devovet,
347 3488 514 3569 imprecatur
532 3506 560 3556 st
579 3500 718 3557 maledicit.
736 3517 787 3571 prc
800 3516 842 3567 ec,
863 3499 964 3570 quod
957 3517 1015 3556 iux·

94 3577 136 3625 ta
144 3569 261 3625 Paulum
282 3570 434 3645 episeopus
452 3572 581 3627 doctrina
604 3587 674 3627 sana
692 3573 806 3629 deberet
824 3572 1015 3637 contradicen
1046 3607 1048 3613 ·

89 3648 136 3698 tas
168 3643 347 3728 redarguere.
389 3644 420 3713 c)
455 3645 488 3698 In
517 3660 561 3699 me
596 3643 634 3700 stt
667 3644 721 3700 ista
751 3645 920 3712 maledictio,
951 3645 1016 3714 qnia
1083 3650 1086 3655 ’

90 3713 261 3770 maledicent
277 3710 326 3784 itti
345 3714 389 3769 Tu
407 3730 473 3771 vero
493 3714 650 3771 benedices.
