2348 4162
124 257 188 325 464
405 258 507 332 Capita
524 257 591 319 fidoi
609 260 779 339 christisona

124 450 190 491 rum
214 436 430 511 apparuerunt,
452 433 643 512 postulantes
666 432 786 509 Missas,
820 433 960 515 vigilias,
980 453 1036 516 pcr-

125 515 333 595 egrinationec
359 510 391 575 et
423 515 453 574 id
485 535 583 596 genus
620 516 696 576 alias
732 515 951 598 eleemosynas
979 537 1036 579 cunr

13 598 17 605 '
124 596 294 659 mendaciis
317 604 347 659 et
368 597 505 659 ludibriis
528 618 589 660 non
612 597 765 677 dicendis,
799 619 880 680 quae
903 620 959 681 pro
980 603 1039 662 arti·

13 679 18 685 ’
125 681 202 742 culis
223 679 295 742 fidei
317 680 419 741 colere
441 689 472 742 et
493 682 532 751 sd
552 683 772 763 praescriptum
800 683 923 744 illorum
949 686 1039 745 rivere

126 783 233 827 omnes
255 783 360 824 sumus
381 767 492 827 coacti.
535 766 576 826 Et
597 765 735 845 pontifex
762 767 835 826 talia
857 765 1041 829 confirmarit

125 850 204 908 sicut
233 846 355 908 Missam
390 857 421 907 et
450 849 598 927 reliquam
627 849 824 928 impietatem.
874 850 935 910 Hic
958 852 1040 913 etiam

124 950 186 992 non
210 938 256 991 cst
277 930 448 992 cedendum
471 942 524 991 aut
546 930 780 1012 permittendum
805 934 984 1013 quicquam.

50 1012 53 1019 '
207 1014 312 1075 Tertio
356 1015 636 1096 peregrinationem
670 1015 720 1074 hic
757 1017 849 1076 etiam
893 1019 1042 1096 quaesitas

125 1104 197 1160 sunt
223 1097 352 1178 Missae,
381 1099 520 1158 remissio
553 1105 749 1177 peccatorum
780 1109 811 1158 et
840 1101 1041 1163 misericordia

125 1182 236 1243 divina.
281 1179 393 1241 Omnia
415 1183 495 1240 enim
516 1181 699 1261 gubernavit
720 1181 823 1245 Missa.
874 1182 953 1244 Tam
976 1203 1041 1245 vero

40 1334 44 1341 ,
124 1274 239 1327 certum
263 1265 361 1324 estin
384 1264 478 1324 verbo
501 1264 558 1324 Dei
581 1283 641 1325 non
655 1271 787 1325 ‘exstare
810 1266 988 1327 mandatum
1008 1266 1041 1327 de

125 1347 422 1430 peregrinationibus
445 1366 559 1426 easque
580 1345 703 1408 inutiles
725 1367 810 1424 esse,
846 1367 916 1409 cum
941 1350 1039 1411 lrabea·

124 1451 192 1493 mus
217 1432 345 1491 meliora
367 1438 457 1509 atque
479 1429 547 1490 illas
569 1432 635 1491 sine
657 1433 741 1490 omni
762 1442 894 1511 peccato
920 1442 952 1492 et
972 1435 1040 1513 peri·

125 1514 195 1576 culo
218 1515 357 1575 omittere
373 1515 535 1593 possimus.
568 1513 670 1589 Quare
693 1513 1039 1577 deserimusnostrarun

125 1599 281 1660 civitatum
303 1595 475 1677 parochias,
499 1596 624 1657 verbum
648 1597 723 1675 Dei,
748 1616 861 1659 uxores
886 1618 956 1659 cum
978 1599 1039 1660 libe·

124 1682 175 1763 ris,
198 1700 277 1761 quae
300 1700 348 1741 res
371 1698 478 1740 omnes
501 1681 693 1740 necessariae
721 1687 752 1740 et
774 1681 863 1742 nobis
888 1682 1039 1742 mandatas

125 1772 206 1845 sunt,
228 1772 259 1824 et
280 1772 493 1831 sectamurres
515 1763 653 1839 inutiles,
676 1781 782 1844 vanas,
805 1767 1038 1844 perniciosaset

125 1847 297 1913 diabolicos
319 1865 448 1926 errores,
471 1847 531 1905 nisi
552 1846 634 1925 quod
658 1865 770 1926 papam
785 1854 922 1908 'satanas
944 1850 1036 1909 incita·

124 1932 169 1992 vit
189 1931 229 1991 ad
251 1932 310 1991 ista
331 1929 576 1990 commendanda
603 1937 633 1989 et
655 1929 863 2009 stabilienda,
899 1943 931 1991 ut
957 1949 1036 2011 quan

125 2015 246 2095 plurimi
269 2033 288 2073 a
310 2012 430 2073 Christo
452 2011 575 2072 abducti
597 2011 740 2072 fiduciam
762 2015 791 2072 in
816 2016 950 2094 propriis
973 2033 1035 2095 ope·

122 2097 205 2158 ribus
228 2097 426 2173 collocarent,
448 2101 479 2155 et
499 2095 670 2156 idolatriam
695 2106 890 2172 exercerent,
905 2097 1036 2181 ¹quodin

124 2200 162 2240 ea
184 2199 216 2239 re
238 2187 284 2242 est
305 2181 480 2259 pessimum.
524 2175 652 2258 Insuper
675 2198 736 2238 non
760 2187 807 2238 est
839 2182 1036 2241 necessarium

123 2282 226 2343 neque
248 2271 446 2343 praeceptum
469 2261 562 2321 habet
588 2269 641 2322 ant
663 2262 841 2343 consilium,
877 2265 994 2324 incerta
1014 2268 1037 2323 et

124 2349 229 2409 noxia.
278 2345 352 2407 ldeo
374 2346 424 2405 hic
446 2360 571 2426 quoque
595 2345 667 2405 nihil
690 2345 879 2426 cedendum,
909 2356 963 2407 ant
984 2366 1036 2427 per·

124 2429 303 2492 mittendum
327 2437 383 2490 est.
426 2429 582 2488 Doceatur
602 2437 702 2489 autem
716 2429 835 2510 vulgus,
860 2449 922 2491 non
947 2449 1037 2491 neces·

124 2515 230 2593 sarias,
252 2515 314 2572 imo
337 2513 528 2591 perniciosas
550 2531 619 2571 esse
641 2515 917 2593 peregrinationes,
940 2533 978 2573 ao
998 2512 1036 2573 de

123 2596 195 2659 inde
220 2596 366 2675 videatur,
390 2595 439 2655 ubi
463 2601 607 2655 maneant
628 2597 902 2674 peregrinationes.

208 2679 324 2755 Quarto
366 2687 397 2737 et
434 2680 614 2757 societates,
646 2680 675 2737 in
707 2679 816 2756 quibus
851 2681 1037 2755 monasteris,

124 2762 302 2838 diocoeses,
327 2769 357 2821 et
379 2762 489 2821 Vicarii
520 2761 613 2822 literis
642 2781 676 2821 se
704 2762 881 2842 obligarunt
910 2771 942 2823 et
962 2783 1037 2824 con·

124 2849 367 2922 municavernnt,
379 2863 458 2923 quae
471 2852 515 2903 est
530 2846 624 2924 turpis
636 2844 783 2922 venditio,
797 2865 909 2906 omnes
929 2846 1037 2917 liliosas,

123 2928 207 2992 bona
230 2948 324 3009 opera
353 2935 496 2990 statam
519 2945 575 3006 pro
609 2930 683 2987 vivis
714 2946 804 3007 qnam
828 2948 886 3008 pro
910 2930 1037 2990 mortuis.

124 3010 214 3085 Quod
239 3031 299 3072 uon
325 3011 418 3071 modo
440 3011 605 3070 humanum
618 3008 797 3090 figmentum
820 3022 878 3089 est,
902 3012 1037 3073 mandato

123 3094 181 3155 Dci
203 3114 263 3155 uon
293 3113 490 3175 expressum,
517 3101 549 3152 et
570 3095 791 3175 necessarium,
823 3096 880 3154 sed
909 3096 1039 3157 dissentit

123 3181 248 3239 etiamn
269 3180 367 3258 primo
380 3177 507 3237 articulo
532 3177 802 3258 deredemptione.
838 3177 944 3253 Quare
965 3178 1038 3240 nullo

123 3263 217 3325 modo
240 3262 397 3323 serendum
420 3268 475 3323 est.

207 3345 321 3421 Quinto
345 3344 490 3423 reliquiae
512 3342 705 3421 Sanctorum,
729 3362 790 3422 quo
814 3344 843 3403 in
869 3365 985 3425 genere
1005 3345 1039 3405 its

123 3431 208 3490 varia
231 3435 262 3489 et
285 3427 446 3489 manifesta
474 3427 634 3487 mendacia
663 3432 694 3486 et
714 3428 850 3507 ineptiae
878 3428 1037 3509 deprehen·

123 3531 177 3573 sae
201 3520 271 3572 sunt
292 3510 331 3571 de
364 3511 480 3570 caninis
505 3518 536 3570 et
567 3510 686 3588 equinis
719 3510 856 3592 ossibus,
892 3522 927 3573 nt
957 3513 1037 3573 etiam

122 3602 249 3676 propter
272 3593 423 3655 eiusmodi
438 3595 633 3672 imposturas,
658 3611 733 3672 quas
749 3594 815 3652 risit
827 3604 967 3673 satanas,
987 3595 1036 3654 iam

124 3679 196 3738 olim
219 3677 329 3737 suerint
351 3677 560 3756 damnandae,
583 3677 701 3736 etiamsi
730 3675 913 3739 habuissent
934 3672 1036 3757 aliquid

122 3758 206 3825 boni.
250 3759 355 3837 Quid?
375 3759 457 3839 quod
479 3779 528 3820 res
550 3765 680 3821 estnon
708 3764 889 3824 necessaria
910 3771 939 3823 cl
961 3759 1037 3823 inuti
