<?xml version="1.0" encoding="UTF-8"?>
<!DOCTYPE html PUBLIC "-//W3C//DTD XHTML 1.0 Transitional//EN"
    "http://www.w3.org/TR/xhtml1/DTD/xhtml1-transitional.dtd">
<html xmlns="http://www.w3.org/1999/xhtml" xml:lang="en" lang="en">
 <head>
  <title>
</title>
<meta http-equiv="Content-Type" content="text/html;charset=utf-8" />
  <meta name='ocr-system' content='tesseract 3.04.00' />
  <meta name='ocr-capabilities' content='ocr_page ocr_carea ocr_par ocr_line ocrx_word'/>
</head>
<body>
  <div class='ocr_page' id='page_1' title='image "./dmartinilutheri02luthgoog_0415.png"; bbox 0 0 2348 4162; ppageno 0'>
   <div class='ocr_carea' id='block_1_1' title="bbox 191 230 918 304">
    <p class='ocr_par' dir='ltr' id='par_1_1' title="bbox 191 230 918 304">
     <span class='ocr_line' id='line_1_1' title="bbox 191 230 918 304; baseline 0 -15"><span class='ocrx_word' id='word_1_1' title='bbox 191 234 256 299; x_wconf 78' lang='lat'>402</span> <span class='ocrx_word' id='word_1_2' title='bbox 397 233 603 290; x_wconf 67' lang='lat' dir='ltr'>oona-snae</span> <span class='ocrx_word' id='word_1_3' title='bbox 621 230 759 304; x_wconf 63' lang='lat' dir='ltr'>quamam</span> <span class='ocrx_word' id='word_1_4' title='bbox 777 233 814 289; x_wconf 84' lang='lat' dir='ltr'>n.</span> <span class='ocrx_word' id='word_1_5' title='bbox 830 232 868 291; x_wconf 84' lang='grc' dir='ltr'>ιι</span> <span class='ocrx_word' id='word_1_6' title='bbox 886 233 918 289; x_wconf 75' lang='lat' dir='ltr'>n</span> 
     </span>
    </p>
   </div>
   <div class='ocr_carea' id='block_1_2' title="bbox 194 403 1121 1400">
    <p class='ocr_par' dir='ltr' id='par_1_2' title="bbox 194 403 1121 969">
     <span class='ocr_line' id='line_1_2' title="bbox 194 403 1120 568; baseline -0.002 -20"><span class='ocrx_word' id='word_1_7' title='bbox 194 405 841 568; x_wconf 60' lang='lat' dir='ltr'>{ttttt‘ttttt‘&#39;ft‘&#39;tttt</span> <span class='ocrx_word' id='word_1_8' title='bbox 869 404 1059 568; x_wconf 48' lang='lat' dir='ltr'>titii?</span> <span class='ocrx_word' id='word_1_9' title='bbox 1074 403 1120 547; x_wconf 60' lang='lat' dir='ltr'>{ti</span> 
     </span>
     <span class='ocr_line' id='line_1_3' title="bbox 194 569 1120 652; baseline -0.002 -21"><span class='ocrx_word' id='word_1_10' title='bbox 194 572 400 652; x_wconf 82' lang='lat' dir='ltr'>tyrannidem,</span> <span class='ocrx_word' id='word_1_11' title='bbox 421 573 473 651; x_wconf 88' lang='lat' dir='ltr'>qni</span> <span class='ocrx_word' id='word_1_12' title='bbox 496 571 594 652; x_wconf 86' lang='lat' dir='ltr'>ligant</span> <span class='ocrx_word' id='word_1_13' title='bbox 610 580 665 632; x_wconf 84' lang='lat' dir='ltr'>aut</span> <span class='ocrx_word' id='word_1_14' title='bbox 684 573 819 647; x_wconf 76' lang='lat' dir='ltr'>solvunt,</span> <span class='ocrx_word' id='word_1_15' title='bbox 840 571 896 632; x_wconf 86' lang='lat' dir='ltr'>sed</span> <span class='ocrx_word' id='word_1_16' title='bbox 917 571 958 633; x_wconf 85' lang='lat' dir='ltr'>ad</span> <span class='ocrx_word' id='word_1_17' title='bbox 982 569 1120 652; x_wconf 80' lang='lat' dir='ltr'>ligandos</span> 
     </span>
     <span class='ocr_line' id='line_1_4' title="bbox 196 655 1120 736; baseline -0.001 -21"><span class='ocrx_word' id='word_1_18' title='bbox 196 666 227 715; x_wconf 85' lang='lat' dir='ltr'>et</span> <span class='ocrx_word' id='word_1_19' title='bbox 255 656 424 717; x_wconf 84' lang='lat' dir='ltr'>solvendos</span> <span class='ocrx_word' id='word_1_20' title='bbox 450 659 611 734; x_wconf 83' lang='lat' dir='ltr'>pertinere.</span> <span class='ocrx_word' id='word_1_21' title='bbox 661 655 702 715; x_wconf 86' lang='lat' dir='ltr'>Et</span> <span class='ocrx_word' id='word_1_22' title='bbox 730 675 813 716; x_wconf 84' lang='lat' dir='ltr'>mers</span> <span class='ocrx_word' id='word_1_23' title='bbox 841 657 969 736; x_wconf 82' lang='lat' dir='ltr'>passiva</span> <span class='ocrx_word' id='word_1_24' title='bbox 995 659 1046 715; x_wconf 85' lang='lat' dir='ltr'>est</span> <span class='ocrx_word' id='word_1_25' title='bbox 1062 655 1120 714; x_wconf 86' lang='lat' dir='ltr'>ista</span> 
     </span>
     <span class='ocr_line' id='line_1_5' title="bbox 195 738 1119 819; baseline -0.001 -21"><span class='ocrx_word' id='word_1_26' title='bbox 195 740 297 819; x_wconf 84' lang='lat' dir='ltr'>gioria</span> <span class='ocrx_word' id='word_1_27' title='bbox 317 739 406 798; x_wconf 85' lang='lat' dir='ltr'>hnius</span> <span class='ocrx_word' id='word_1_28' title='bbox 427 740 645 810; x_wconf 73' lang='lat' dir='ltr'>institutionis,</span> <span class='ocrx_word' id='word_1_29' title='bbox 673 741 746 818; x_wconf 84' lang='lat' dir='ltr'>qnia</span> <span class='ocrx_word' id='word_1_30' title='bbox 766 738 806 798; x_wconf 92' lang='lat' dir='ltr'>ad</span> <span class='ocrx_word' id='word_1_31' title='bbox 827 740 980 818; x_wconf 84' lang='lat' dir='ltr'>patientes</span> <span class='ocrx_word' id='word_1_32' title='bbox 1003 744 1119 798; x_wconf 86' lang='lat' dir='ltr'>tantum</span> 
     </span>
     <span class='ocr_line' id='line_1_6' title="bbox 196 819 1121 903; baseline -0.003 -20"><span class='ocrx_word' id='word_1_33' title='bbox 196 825 340 903; x_wconf 82' lang='lat' dir='ltr'>pertinet,</span> <span class='ocrx_word' id='word_1_34' title='bbox 362 822 392 881; x_wconf 92' lang='lat' dir='ltr'>id</span> <span class='ocrx_word' id='word_1_35' title='bbox 414 830 472 900; x_wconf 87' lang='lat' dir='ltr'>est,</span> <span class='ocrx_word' id='word_1_36' title='bbox 494 829 687 902; x_wconf 76' lang='lat' dir='ltr'>pensatores.</span> <span class='ocrx_word' id='word_1_37' title='bbox 720 819 774 884; x_wconf 81' lang='lat' dir='ltr'>Sio</span> <span class='ocrx_word' id='word_1_38' title='bbox 794 821 879 901; x_wconf 88' lang='lat' dir='ltr'>dioit,</span> <span class='ocrx_word' id='word_1_39' title='bbox 899 820 1041 896; x_wconf 80' lang='lat' dir='ltr'>Quorum</span> <span class='ocrx_word' id='word_1_40' title='bbox 1053 838 1121 902; x_wconf 86' lang='lat' dir='ltr'>peo-</span> 
     </span>
     <span class='ocr_line' id='line_1_7' title="bbox 197 914 279 969; baseline 0.024 -3"><span class='ocrx_word' id='word_1_41' title='bbox 197 914 279 969; x_wconf 83' lang='lat' dir='ltr'>eata.</span> 
     </span>
    </p>

    <p class='ocr_par' dir='ltr' id='par_1_3' title="bbox 197 986 1121 1400">
     <span class='ocr_line' id='line_1_8' title="bbox 279 986 1121 1067; baseline 0 -21"><span class='ocrx_word' id='word_1_42' title='bbox 279 986 384 1062; x_wconf 85' lang='lat' dir='ltr'>Quare</span> <span class='ocrx_word' id='word_1_43' title='bbox 409 987 461 1046; x_wconf 90' lang='lat' dir='ltr'>nbi</span> <span class='ocrx_word' id='word_1_44' title='bbox 482 987 566 1067; x_wconf 80' lang='lat' dir='ltr'>Papo</span> <span class='ocrx_word' id='word_1_45' title='bbox 599 987 650 1046; x_wconf 79' lang='lat' dir='ltr'>vel</span> <span class='ocrx_word' id='word_1_46' title='bbox 672 990 810 1048; x_wconf 76' lang='lat' dir='ltr'><strong>minister</strong></span> <span class='ocrx_word' id='word_1_47' title='bbox 842 987 902 1047; x_wconf 85' lang='lat' dir='ltr'>han</span> <span class='ocrx_word' id='word_1_48' title='bbox 934 988 1121 1048; x_wconf 83' lang='lat' dir='ltr'>institutione</span> 
     </span>
     <span class='ocr_line' id='line_1_9' title="bbox 198 1070 1120 1152; baseline -0.002 -21"><span class='ocrx_word' id='word_1_49' title='bbox 198 1074 291 1131; x_wconf 90' lang='lat' dir='ltr'>utitur</span> <span class='ocrx_word' id='word_1_50' title='bbox 325 1078 414 1130; x_wconf 85' lang='lat' dir='ltr'>extra</span> <span class='ocrx_word' id='word_1_51' title='bbox 434 1079 565 1150; x_wconf 86' lang='lat' dir='ltr'>peooata</span> <span class='ocrx_word' id='word_1_52' title='bbox 575 1071 760 1132; x_wconf 83' lang='lat' dir='ltr'>remittenda</span> <span class='ocrx_word' id='word_1_53' title='bbox 774 1071 823 1131; x_wconf 83' lang='lat' dir='ltr'>rel</span> <span class='ocrx_word' id='word_1_54' title='bbox 838 1071 1012 1149; x_wconf 84' lang='lat' dir='ltr'>retinenda,</span> <span class='ocrx_word' id='word_1_55' title='bbox 1033 1070 1120 1152; x_wconf 82' lang='lat' dir='ltr'>plane</span> 
     </span>
     <span class='ocr_line' id='line_1_10' title="bbox 197 1151 1119 1227; baseline -0.001 -13"><span class='ocrx_word' id='word_1_56' title='bbox 197 1166 246 1214; x_wconf 84' lang='lat' dir='ltr'>est</span> <span class='ocrx_word' id='word_1_57' title='bbox 269 1153 474 1214; x_wconf 76' lang='lat' dir='ltr'>antichristus.</span> <span class='ocrx_word' id='word_1_58' title='bbox 528 1151 609 1227; x_wconf 79' lang='lat' dir='ltr'>Quia</span> <span class='ocrx_word' id='word_1_59' title='bbox 630 1153 706 1214; x_wconf 88' lang='lat' dir='ltr'>nihil</span> <span class='ocrx_word' id='word_1_60' title='bbox 727 1154 779 1214; x_wconf 87' lang='lat' dir='ltr'>hio</span> <span class='ocrx_word' id='word_1_61' title='bbox 804 1155 834 1214; x_wconf 89' lang='lat' dir='ltr'>ei</span> <span class='ocrx_word' id='word_1_62' title='bbox 863 1156 1067 1214; x_wconf 85' lang='lat' dir='ltr'>committitur</span> <span class='ocrx_word' id='word_1_63' title='bbox 1085 1155 1119 1213; x_wconf 90' lang='lat' dir='ltr'>oi·</span> 
     </span>
     <span class='ocr_line' id='line_1_11' title="bbox 198 1235 1118 1318; baseline -0.001 -21"><span class='ocrx_word' id='word_1_64' title='bbox 198 1239 260 1297; x_wconf 85' lang='lat' dir='ltr'>vite</span> <span class='ocrx_word' id='word_1_65' title='bbox 280 1244 334 1297; x_wconf 88' lang='lat' dir='ltr'>aut</span> <span class='ocrx_word' id='word_1_66' title='bbox 355 1235 554 1316; x_wconf 86' lang='lat' dir='ltr'>mundanum,</span> <span class='ocrx_word' id='word_1_67' title='bbox 575 1236 748 1317; x_wconf 75' lang='lat' dir='ltr'>temporale</span> <span class='ocrx_word' id='word_1_68' title='bbox 768 1248 823 1298; x_wconf 88' lang='lat' dir='ltr'>aut</span> <span class='ocrx_word' id='word_1_69' title='bbox 841 1237 1118 1318; x_wconf 80' lang='lat' dir='ltr'>eorporategnber-</span> 
     </span>
     <span class='ocr_line' id='line_1_12' title="bbox 198 1318 1119 1400; baseline -0.001 -20"><span class='ocrx_word' id='word_1_70' title='bbox 198 1319 353 1397; x_wconf 85' lang='lat' dir='ltr'>nondum,</span> <span class='ocrx_word' id='word_1_71' title='bbox 382 1318 557 1399; x_wconf 84' lang='lat' dir='ltr'>ligandum,</span> <span class='ocrx_word' id='word_1_72' title='bbox 584 1320 783 1400; x_wconf 83' lang='lat' dir='ltr'>solvendum,</span> <span class='ocrx_word' id='word_1_73' title='bbox 819 1319 874 1380; x_wconf 89' lang='lat' dir='ltr'>sed</span> <span class='ocrx_word' id='word_1_74' title='bbox 896 1330 1017 1381; x_wconf 87' lang='lat' dir='ltr'>tantum</span> <span class='ocrx_word' id='word_1_75' title='bbox 1040 1320 1119 1400; x_wconf 87' lang='lat' dir='ltr'>spiri·</span> 
     </span>
    </p>
   </div>
   <div class='ocr_carea' id='block_1_3' title="bbox 80 1403 1119 1484">
    <p class='ocr_par' dir='ltr' id='par_1_4' title="bbox 80 1403 1119 1484">
     <span class='ocr_line' id='line_1_13' title="bbox 80 1403 1119 1484; baseline -0.001 -22"><span class='ocrx_word' id='word_1_76' title='bbox 80 1429 89 1447; x_wconf 95' lang='lat'><strong>·</strong></span> <span class='ocrx_word' id='word_1_77' title='bbox 198 1405 297 1480; x_wconf 81' lang='lat' dir='ltr'>toste,</span> <span class='ocrx_word' id='word_1_78' title='bbox 330 1403 482 1480; x_wconf 85' lang='lat' dir='ltr'>eoeleste,</span> <span class='ocrx_word' id='word_1_79' title='bbox 516 1415 693 1481; x_wconf 85' lang='lat' dir='ltr'>aeternnm,</span> <span class='ocrx_word' id='word_1_80' title='bbox 722 1405 826 1484; x_wconf 82' lang='lat' dir='ltr'>qualia</span> <span class='ocrx_word' id='word_1_81' title='bbox 844 1412 919 1464; x_wconf 86' lang='lat' dir='ltr'>sunt</span> <span class='ocrx_word' id='word_1_82' title='bbox 939 1422 1004 1465; x_wconf 92' lang='lat' dir='ltr'>non</span> <span class='ocrx_word' id='word_1_83' title='bbox 1026 1422 1075 1464; x_wconf 88' lang='lat' dir='ltr'>res</span> <span class='ocrx_word' id='word_1_84' title='bbox 1094 1408 1119 1462; x_wconf 87' lang='lat' dir='ltr'>et</span> 
     </span>
    </p>
   </div>
   <div class='ocr_carea' id='block_1_4' title="bbox 198 1485 1146 1900">
    <p class='ocr_par' dir='ltr' id='par_1_5' title="bbox 198 1485 1146 1900">
     <span class='ocr_line' id='line_1_14' title="bbox 198 1485 1119 1567; baseline 0 -21"><span class='ocrx_word' id='word_1_85' title='bbox 198 1487 332 1567; x_wconf 81' lang='lat' dir='ltr'>gloriae,</span> <span class='ocrx_word' id='word_1_86' title='bbox 358 1485 414 1545; x_wconf 83' lang='lat' dir='ltr'>sed</span> <span class='ocrx_word' id='word_1_87' title='bbox 435 1494 566 1566; x_wconf 84' lang='lat' dir='ltr'>peooatn</span> <span class='ocrx_word' id='word_1_88' title='bbox 593 1489 625 1547; x_wconf 90' lang='lat' dir='ltr'>in</span> <span class='ocrx_word' id='word_1_89' title='bbox 648 1488 746 1547; x_wconf 88' lang='lat' dir='ltr'>Deum</span> <span class='ocrx_word' id='word_1_90' title='bbox 768 1496 927 1548; x_wconf 83' lang='lat' dir='ltr'>aetornum</span> <span class='ocrx_word' id='word_1_91' title='bbox 950 1488 1119 1563; x_wconf 75' lang='lat' dir='ltr'>commissa,</span> 
     </span>
     <span class='ocr_line' id='line_1_15' title="bbox 199 1568 1146 1650; baseline 0.004 -21"><span class='ocrx_word' id='word_1_92' title='bbox 199 1588 256 1650; x_wconf 90' lang='lat' dir='ltr'>pro</span> <span class='ocrx_word' id='word_1_93' title='bbox 276 1570 387 1648; x_wconf 88' lang='lat' dir='ltr'>quibos</span> <span class='ocrx_word' id='word_1_94' title='bbox 408 1571 545 1630; x_wconf 86' lang='lat' dir='ltr'>remissis</span> <span class='ocrx_word' id='word_1_95' title='bbox 567 1570 700 1648; x_wconf 76' lang='lat' dir='ltr'>nostum,</span> <span class='ocrx_word' id='word_1_96' title='bbox 723 1590 785 1631; x_wconf 92' lang='lat' dir='ltr'>non</span> <span class='ocrx_word' id='word_1_97' title='bbox 807 1589 904 1650; x_wconf 79' lang='lat' dir='ltr'>regno</span> <span class='ocrx_word' id='word_1_98' title='bbox 926 1569 1034 1631; x_wconf 90' lang='lat' dir='ltr'>mnndi</span> <span class='ocrx_word' id='word_1_99' title='bbox 1054 1568 1118 1631; x_wconf 89' lang='lat' dir='ltr'>dan·</span> <span class='ocrx_word' id='word_1_100' title='bbox 1142 1624 1146 1633; x_wconf 94' lang='lat'><em>.</em></span> 
     </span>
     <span class='ocr_line' id='line_1_16' title="bbox 199 1652 1119 1733; baseline 0 -21"><span class='ocrx_word' id='word_1_101' title='bbox 199 1662 257 1729; x_wconf 86' lang='lat' dir='ltr'>tur,</span> <span class='ocrx_word' id='word_1_102' title='bbox 280 1671 336 1732; x_wconf 94' lang='lat' dir='ltr'>pro</span> <span class='ocrx_word' id='word_1_103' title='bbox 358 1652 468 1732; x_wconf 88' lang='lat' dir='ltr'>quibus</span> <span class='ocrx_word' id='word_1_104' title='bbox 489 1656 616 1713; x_wconf 86' lang='lat' dir='ltr'>retentis</span> <span class='ocrx_word' id='word_1_105' title='bbox 637 1655 717 1733; x_wconf 86' lang='lat' dir='ltr'>ignis</span> <span class='ocrx_word' id='word_1_106' title='bbox 738 1662 897 1732; x_wconf 86' lang='lat' dir='ltr'>aeternus,</span> <span class='ocrx_word' id='word_1_107' title='bbox 921 1672 986 1714; x_wconf 91' lang='lat' dir='ltr'>non</span> <span class='ocrx_word' id='word_1_108' title='bbox 1008 1652 1119 1733; x_wconf 82' lang='lat' dir='ltr'>patibu-</span> 
     </span>
     <span class='ocr_line' id='line_1_17' title="bbox 200 1736 1119 1817; baseline -0.001 -23"><span class='ocrx_word' id='word_1_109' title='bbox 200 1736 263 1795; x_wconf 87' lang='lat' dir='ltr'>lum</span> <span class='ocrx_word' id='word_1_110' title='bbox 285 1744 339 1795; x_wconf 88' lang='lat' dir='ltr'>ant</span> <span class='ocrx_word' id='word_1_111' title='bbox 359 1736 458 1795; x_wconf 76' lang='lat' dir='ltr'>divitis</span> <span class='ocrx_word' id='word_1_112' title='bbox 479 1755 584 1816; x_wconf 85' lang='lat' dir='ltr'>poena</span> <span class='ocrx_word' id='word_1_113' title='bbox 604 1736 749 1800; x_wconf 84' lang='lat' dir='ltr'>redditur.</span> <span class='ocrx_word' id='word_1_114' title='bbox 783 1737 954 1817; x_wconf 77' lang='lat' dir='ltr'>Diligenter</span> <span class='ocrx_word' id='word_1_115' title='bbox 974 1738 1119 1798; x_wconf 87' lang='lat' dir='ltr'>istasunt</span> 
     </span>
     <span class='ocr_line' id='line_1_18' title="bbox 200 1817 986 1900; baseline 0.004 -22"><span class='ocrx_word' id='word_1_116' title='bbox 200 1826 233 1878; x_wconf 83' lang='lat' dir='ltr'>et</span> <span class='ocrx_word' id='word_1_117' title='bbox 253 1817 500 1879; x_wconf 76' lang='lat' dir='ltr'>diateeneissime</span> <span class='ocrx_word' id='word_1_118' title='bbox 523 1819 741 1900; x_wconf 85' lang='lat' dir='ltr'>distinguendo</span> <span class='ocrx_word' id='word_1_119' title='bbox 761 1828 794 1881; x_wconf 84' lang='lat' dir='ltr'>et</span> <span class='ocrx_word' id='word_1_120' title='bbox 814 1818 986 1881; x_wconf 75' lang='lat' dir='ltr'>tractanda.</span> 
     </span>
    </p>
   </div>
   <div class='ocr_carea' id='block_1_5' title="bbox 201 2042 1118 2109">
    <p class='ocr_par' dir='ltr' id='par_1_6' title="bbox 201 2042 1118 2109">
     <span class='ocr_line' id='line_1_19' title="bbox 201 2042 1118 2109; baseline 0.004 -4"><span class='ocrx_word' id='word_1_121' title='bbox 201 2045 406 2107; x_wconf 85' lang='lat' dir='ltr'>Dominios</span> <span class='ocrx_word' id='word_1_122' title='bbox 431 2045 708 2109; x_wconf 73' lang='lat' dir='ltr'>Misericordia</span> <span class='ocrx_word' id='word_1_123' title='bbox 734 2046 904 2109; x_wconf 89' lang='lat' dir='ltr'>Domini.</span> <span class='ocrx_word' id='word_1_124' title='bbox 954 2045 1063 2108; x_wconf 85' lang='lat' dir='ltr'>Iohan.</span> <span class='ocrx_word' id='word_1_125' title='bbox 1082 2042 1118 2109; x_wconf 67' lang='lat' dir='ltr'>X,</span> 
     </span>
    </p>
   </div>
   <div class='ocr_carea' id='block_1_6' title="bbox 201 2200 1121 3030">
    <p class='ocr_par' dir='ltr' id='par_1_7' title="bbox 201 2200 1121 3030">
     <span class='ocr_line' id='line_1_20' title="bbox 284 2200 1118 2282; baseline 0.002 -22"><span class='ocrx_word' id='word_1_126' title='bbox 284 2200 352 2282; x_wconf 78' lang='lat' dir='ltr'>Ego</span> <span class='ocrx_word' id='word_1_127' title='bbox 371 2220 438 2260; x_wconf 89' lang='lat' dir='ltr'>sum</span> <span class='ocrx_word' id='word_1_128' title='bbox 460 2209 567 2282; x_wconf 81' lang='lat' dir='ltr'>pastor</span> <span class='ocrx_word' id='word_1_129' title='bbox 589 2202 698 2264; x_wconf 90' lang='lat' dir='ltr'>bonus.</span> <span class='ocrx_word' id='word_1_130' title='bbox 736 2200 842 2262; x_wconf 92' lang='lat' dir='ltr'>Bonus</span> <span class='ocrx_word' id='word_1_131' title='bbox 864 2208 972 2280; x_wconf 81' lang='lat' dir='ltr'>postor</span> <span class='ocrx_word' id='word_1_132' title='bbox 994 2202 1118 2262; x_wconf 85' lang='lat' dir='ltr'>animan</span> 
     </span>
     <span class='ocr_line' id='line_1_21' title="bbox 202 2285 1119 2365; baseline 0.004 -23"><span class='ocrx_word' id='word_1_133' title='bbox 202 2303 288 2344; x_wconf 89' lang='lat' dir='ltr'>susm</span> <span class='ocrx_word' id='word_1_134' title='bbox 311 2285 397 2365; x_wconf 90' lang='lat' dir='ltr'>ponit</span> <span class='ocrx_word' id='word_1_135' title='bbox 426 2303 482 2365; x_wconf 95' lang='lat' dir='ltr'>pro</span> <span class='ocrx_word' id='word_1_136' title='bbox 510 2285 619 2346; x_wconf 89' lang='lat' dir='ltr'>ovibus</span> <span class='ocrx_word' id='word_1_137' title='bbox 649 2287 722 2346; x_wconf 87' lang='lat' dir='ltr'>suis.</span> <span class='ocrx_word' id='word_1_138' title='bbox 777 2285 984 2345; x_wconf 83' lang='lat' dir='ltr'>Meroenarius</span> <span class='ocrx_word' id='word_1_139' title='bbox 1013 2292 1119 2364; x_wconf 80' lang='lat' dir='ltr'>nutem,</span> 
     </span>
     <span class='ocr_line' id='line_1_22' title="bbox 202 2370 1119 2450; baseline 0.002 -23"><span class='ocrx_word' id='word_1_140' title='bbox 202 2373 233 2427; x_wconf 89' lang='lat' dir='ltr'>et</span> <span class='ocrx_word' id='word_1_141' title='bbox 254 2370 305 2446; x_wconf 89' lang='lat' dir='ltr'>qui</span> <span class='ocrx_word' id='word_1_142' title='bbox 328 2386 391 2428; x_wconf 94' lang='lat' dir='ltr'>non</span> <span class='ocrx_word' id='word_1_143' title='bbox 415 2374 462 2427; x_wconf 89' lang='lat' dir='ltr'>est</span> <span class='ocrx_word' id='word_1_144' title='bbox 472 2376 588 2448; x_wconf 83' lang='lat' dir='ltr'>postor,</span> <span class='ocrx_word' id='word_1_145' title='bbox 612 2370 697 2429; x_wconf 80' lang='lat' dir='ltr'>cuins</span> <span class='ocrx_word' id='word_1_146' title='bbox 715 2386 777 2429; x_wconf 92' lang='lat' dir='ltr'>non</span> <span class='ocrx_word' id='word_1_147' title='bbox 791 2374 862 2427; x_wconf 92' lang='lat' dir='ltr'>sunt</span> <span class='ocrx_word' id='word_1_148' title='bbox 883 2386 959 2449; x_wconf 78' lang='lat' dir='ltr'>oves</span> <span class='ocrx_word' id='word_1_149' title='bbox 974 2370 1119 2450; x_wconf 77' lang='lat' dir='ltr'>propriae,</span> 
     </span>
     <span class='ocr_line' id='line_1_23' title="bbox 203 2450 1121 2533; baseline 0 -23"><span class='ocrx_word' id='word_1_150' title='bbox 203 2450 286 2511; x_wconf 88' lang='lat' dir='ltr'>videt</span> <span class='ocrx_word' id='word_1_151' title='bbox 307 2451 411 2531; x_wconf 85' lang='lat' dir='ltr'>lupum</span> <span class='ocrx_word' id='word_1_152' title='bbox 433 2453 618 2529; x_wconf 79' lang='lat' dir='ltr'>venientem,</span> <span class='ocrx_word' id='word_1_153' title='bbox 640 2461 670 2512; x_wconf 89' lang='lat' dir='ltr'>et</span> <span class='ocrx_word' id='word_1_154' title='bbox 683 2452 808 2512; x_wconf 80' lang='lat' dir='ltr'>dimittit</span> <span class='ocrx_word' id='word_1_155' title='bbox 828 2470 915 2529; x_wconf 84' lang='lat' dir='ltr'>oves,</span> <span class='ocrx_word' id='word_1_156' title='bbox 936 2461 967 2512; x_wconf 89' lang='lat' dir='ltr'>et</span> <span class='ocrx_word' id='word_1_157' title='bbox 989 2452 1076 2533; x_wconf 81' lang='lat' dir='ltr'>sugit,</span> <span class='ocrx_word' id='word_1_158' title='bbox 1096 2458 1121 2513; x_wconf 85' lang='lat' dir='ltr'>et</span> 
     </span>
     <span class='ocr_line' id='line_1_24' title="bbox 201 2534 1120 2614; baseline 0.002 -20"><span class='ocrx_word' id='word_1_159' title='bbox 201 2534 291 2614; x_wconf 91' lang='lat' dir='ltr'>lupus</span> <span class='ocrx_word' id='word_1_160' title='bbox 313 2536 394 2612; x_wconf 82' lang='lat' dir='ltr'>rapit</span> <span class='ocrx_word' id='word_1_161' title='bbox 423 2542 453 2593; x_wconf 87' lang='lat' dir='ltr'>et</span> <span class='ocrx_word' id='word_1_162' title='bbox 484 2534 632 2614; x_wconf 83' lang='lat' dir='ltr'>dispergit</span> <span class='ocrx_word' id='word_1_163' title='bbox 659 2554 744 2598; x_wconf 90' lang='lat' dir='ltr'>oves.</span> <span class='ocrx_word' id='word_1_164' title='bbox 795 2534 1003 2595; x_wconf 78' lang='lat' dir='ltr'>Meroensrius</span> <span class='ocrx_word' id='word_1_165' title='bbox 1026 2545 1120 2596; x_wconf 77' lang='lat' dir='ltr'>auten</span> 
     </span>
     <span class='ocr_line' id='line_1_25' title="bbox 201 2616 1119 2698; baseline 0.002 -21"><span class='ocrx_word' id='word_1_166' title='bbox 201 2616 289 2697; x_wconf 80' lang='lat' dir='ltr'>fugit,</span> <span class='ocrx_word' id='word_1_167' title='bbox 311 2619 383 2696; x_wconf 87' lang='lat' dir='ltr'>quis</span> <span class='ocrx_word' id='word_1_168' title='bbox 405 2621 609 2679; x_wconf 78' lang='lat' dir='ltr'>mercenarius</span> <span class='ocrx_word' id='word_1_169' title='bbox 634 2626 689 2698; x_wconf 87' lang='lat' dir='ltr'>est,</span> <span class='ocrx_word' id='word_1_170' title='bbox 712 2626 743 2679; x_wconf 89' lang='lat' dir='ltr'>et</span> <span class='ocrx_word' id='word_1_171' title='bbox 756 2637 819 2678; x_wconf 92' lang='lat' dir='ltr'>non</span> <span class='ocrx_word' id='word_1_172' title='bbox 841 2619 975 2698; x_wconf 84' lang='lat' dir='ltr'>pertinet</span> <span class='ocrx_word' id='word_1_173' title='bbox 998 2619 1038 2679; x_wconf 89' lang='lat' dir='ltr'>ad</span> <span class='ocrx_word' id='word_1_174' title='bbox 1059 2636 1119 2679; x_wconf 89' lang='lat' dir='ltr'>eun</span> 
     </span>
     <span class='ocr_line' id='line_1_26' title="bbox 202 2699 1119 2783; baseline 0.003 -24"><span class='ocrx_word' id='word_1_175' title='bbox 202 2700 241 2760; x_wconf 89' lang='lat' dir='ltr'>de</span> <span class='ocrx_word' id='word_1_176' title='bbox 264 2699 382 2762; x_wconf 89' lang='lat' dir='ltr'>ovibus.</span> <span class='ocrx_word' id='word_1_177' title='bbox 425 2699 493 2781; x_wconf 83' lang='lat' dir='ltr'>Ego</span> <span class='ocrx_word' id='word_1_178' title='bbox 526 2720 593 2762; x_wconf 89' lang='lat' dir='ltr'>sum</span> <span class='ocrx_word' id='word_1_179' title='bbox 621 2712 728 2782; x_wconf 85' lang='lat' dir='ltr'>pastor</span> <span class='ocrx_word' id='word_1_180' title='bbox 760 2700 878 2781; x_wconf 83' lang='lat' dir='ltr'>bonus,</span> <span class='ocrx_word' id='word_1_181' title='bbox 906 2709 938 2763; x_wconf 87' lang='lat' dir='ltr'>et</span> <span class='ocrx_word' id='word_1_182' title='bbox 968 2718 1119 2783; x_wconf 79' lang='lat' dir='ltr'>eognosoo</span> 
     </span>
     <span class='ocr_line' id='line_1_27' title="bbox 202 2784 1119 2863; baseline 0.002 -20"><span class='ocrx_word' id='word_1_183' title='bbox 202 2802 297 2861; x_wconf 85' lang='lat' dir='ltr'>meas,</span> <span class='ocrx_word' id='word_1_184' title='bbox 319 2791 350 2844; x_wconf 90' lang='lat' dir='ltr'>et</span> <span class='ocrx_word' id='word_1_185' title='bbox 371 2792 566 2863; x_wconf 81' lang='lat' dir='ltr'>eognosount</span> <span class='ocrx_word' id='word_1_186' title='bbox 588 2804 636 2845; x_wconf 91' lang='lat' dir='ltr'>me</span> <span class='ocrx_word' id='word_1_187' title='bbox 658 2803 761 2845; x_wconf 86' lang='lat' dir='ltr'>meae:</span> <span class='ocrx_word' id='word_1_188' title='bbox 790 2785 870 2844; x_wconf 91' lang='lat' dir='ltr'>siout</span> <span class='ocrx_word' id='word_1_189' title='bbox 891 2785 980 2846; x_wconf 86' lang='lat' dir='ltr'>novit</span> <span class='ocrx_word' id='word_1_190' title='bbox 1001 2806 1052 2847; x_wconf 88' lang='lat' dir='ltr'>me</span> <span class='ocrx_word' id='word_1_191' title='bbox 1072 2784 1119 2845; x_wconf 71' lang='lat' dir='ltr'>Po</span> 
     </span>
     <span class='ocr_line' id='line_1_28' title="bbox 202 2866 1119 2950; baseline -0.001 -23"><span class='ocrx_word' id='word_1_192' title='bbox 202 2875 257 2946; x_wconf 87' lang='lat' dir='ltr'>ter,</span> <span class='ocrx_word' id='word_1_193' title='bbox 279 2875 310 2926; x_wconf 89' lang='lat' dir='ltr'>et</span> <span class='ocrx_word' id='word_1_194' title='bbox 333 2885 392 2946; x_wconf 85' lang='lat' dir='ltr'>ego</span> <span class='ocrx_word' id='word_1_195' title='bbox 404 2885 543 2947; x_wconf 78' lang='lat' dir='ltr'>agnosco</span> <span class='ocrx_word' id='word_1_196' title='bbox 558 2866 692 2949; x_wconf 84' lang='lat' dir='ltr'>Patrem,</span> <span class='ocrx_word' id='word_1_197' title='bbox 715 2874 746 2929; x_wconf 86' lang='lat' dir='ltr'>et</span> <span class='ocrx_word' id='word_1_198' title='bbox 764 2869 899 2929; x_wconf 74' lang='lat' dir='ltr'>animam</span> <span class='ocrx_word' id='word_1_199' title='bbox 921 2887 1022 2929; x_wconf 90' lang='lat' dir='ltr'>meam</span> <span class='ocrx_word' id='word_1_200' title='bbox 1044 2885 1119 2950; x_wconf 92' lang='lat' dir='ltr'>pono</span> 
     </span>
     <span class='ocr_line' id='line_1_29' title="bbox 202 2947 501 3030; baseline 0.01 -22"><span class='ocrx_word' id='word_1_201' title='bbox 202 2968 258 3030; x_wconf 88' lang='lat' dir='ltr'>pro</span> <span class='ocrx_word' id='word_1_202' title='bbox 282 2947 393 3010; x_wconf 87' lang='lat' dir='ltr'>ovibus</span> <span class='ocrx_word' id='word_1_203' title='bbox 415 2952 501 3011; x_wconf 84' lang='lat' dir='ltr'>meis.</span> 
     </span>
    </p>
   </div>
   <div class='ocr_carea' id='block_1_7' title="bbox 202 3054 1120 3803">
    <p class='ocr_par' dir='ltr' id='par_1_8' title="bbox 202 3054 1120 3304">
     <span class='ocr_line' id='line_1_30' title="bbox 284 3054 1120 3137; baseline 0.006 -24"><span class='ocrx_word' id='word_1_204' title='bbox 284 3054 326 3114; x_wconf 79' lang='lat' dir='ltr'>Et</span> <span class='ocrx_word' id='word_1_205' title='bbox 353 3055 429 3115; x_wconf 83' lang='lat' dir='ltr'>alios</span> <span class='ocrx_word' id='word_1_206' title='bbox 460 3074 535 3117; x_wconf 88' lang='lat' dir='ltr'>oves</span> <span class='ocrx_word' id='word_1_207' title='bbox 565 3054 690 3135; x_wconf 81' lang='lat' dir='ltr'>habeo,</span> <span class='ocrx_word' id='word_1_208' title='bbox 725 3076 804 3137; x_wconf 87' lang='lat' dir='ltr'>quae</span> <span class='ocrx_word' id='word_1_209' title='bbox 826 3075 889 3118; x_wconf 93' lang='lat' dir='ltr'>non</span> <span class='ocrx_word' id='word_1_210' title='bbox 912 3064 983 3117; x_wconf 87' lang='lat' dir='ltr'>sunt</span> <span class='ocrx_word' id='word_1_211' title='bbox 1007 3076 1049 3121; x_wconf 88' lang='lat' dir='ltr'>ex</span> <span class='ocrx_word' id='word_1_212' title='bbox 1068 3057 1120 3118; x_wconf 79' lang='lat' dir='ltr'>hot</span> 
     </span>
     <span class='ocr_line' id='line_1_31' title="bbox 203 3137 1119 3220; baseline 0.004 -23"><span class='ocrx_word' id='word_1_213' title='bbox 203 3137 286 3213; x_wconf 89' lang='lat' dir='ltr'>oviti,</span> <span class='ocrx_word' id='word_1_214' title='bbox 309 3144 339 3197; x_wconf 89' lang='lat' dir='ltr'>et</span> <span class='ocrx_word' id='word_1_215' title='bbox 360 3137 427 3199; x_wconf 85' lang='lat' dir='ltr'>illas</span> <span class='ocrx_word' id='word_1_216' title='bbox 443 3146 565 3220; x_wconf 87' lang='lat' dir='ltr'>oportet</span> <span class='ocrx_word' id='word_1_217' title='bbox 587 3158 637 3199; x_wconf 90' lang='lat' dir='ltr'>me</span> <span class='ocrx_word' id='word_1_218' title='bbox 654 3141 819 3217; x_wconf 74' lang='lat' dir='ltr'>addudere,</span> <span class='ocrx_word' id='word_1_219' title='bbox 843 3149 874 3201; x_wconf 87' lang='lat' dir='ltr'>et</span> <span class='ocrx_word' id='word_1_220' title='bbox 895 3158 1006 3202; x_wconf 85' lang='lat' dir='ltr'>vooem</span> <span class='ocrx_word' id='word_1_221' title='bbox 1028 3158 1119 3201; x_wconf 85' lang='lat' dir='ltr'>mean</span> 
     </span>
     <span class='ocr_line' id='line_1_32' title="bbox 202 3221 972 3304; baseline 0.008 -23"><span class='ocrx_word' id='word_1_222' title='bbox 202 3221 338 3300; x_wconf 84' lang='lat' dir='ltr'>audient,</span> <span class='ocrx_word' id='word_1_223' title='bbox 360 3228 391 3282; x_wconf 86' lang='lat' dir='ltr'>et</span> <span class='ocrx_word' id='word_1_224' title='bbox 411 3221 463 3284; x_wconf 86' lang='lat' dir='ltr'>fiet</span> <span class='ocrx_word' id='word_1_225' title='bbox 485 3242 578 3283; x_wconf 89' lang='lat' dir='ltr'>onum</span> <span class='ocrx_word' id='word_1_226' title='bbox 600 3224 681 3285; x_wconf 86' lang='lat' dir='ltr'>ovile</span> <span class='ocrx_word' id='word_1_227' title='bbox 704 3232 735 3284; x_wconf 86' lang='lat' dir='ltr'>et</span> <span class='ocrx_word' id='word_1_228' title='bbox 756 3243 835 3284; x_wconf 88' lang='lat' dir='ltr'>unus</span> <span class='ocrx_word' id='word_1_229' title='bbox 856 3230 972 3304; x_wconf 86' lang='lat' dir='ltr'>pastor.</span> 
     </span>
    </p>

    <p class='ocr_par' dir='ltr' id='par_1_9' title="bbox 224 3307 1097 3539">
     <span class='ocr_line' id='line_1_33' title="bbox 809 3307 1097 3387; baseline 0.003 -17"><span class='ocrx_word' id='word_1_230' title='bbox 809 3310 838 3370; x_wconf 87' lang='lat'>1.</span> <span class='ocrx_word' id='word_1_231' title='bbox 859 3313 968 3387; x_wconf 83' lang='lat' dir='ltr'>postor</span> <span class='ocrx_word' id='word_1_232' title='bbox 989 3307 1097 3371; x_wconf 87' lang='lat' dir='ltr'>bonus.</span> 
     </span>
     <span class='ocr_line' id='line_1_34' title="bbox 224 3388 1076 3470; baseline 0.005 -21"><span class='ocrx_word' id='word_1_233' title='bbox 224 3388 392 3468; x_wconf 86' lang='lat' dir='ltr'>Distinguit</span> <span class='ocrx_word' id='word_1_234' title='bbox 413 3389 547 3469; x_wconf 81' lang='lat' dir='ltr'>triplices</span> <span class='ocrx_word' id='word_1_235' title='bbox 568 3395 719 3470; x_wconf 84' lang='lat' dir='ltr'>pastores,</span> <span class='ocrx_word' id='word_1_236' title='bbox 807 3391 837 3452; x_wconf 87' lang='lat'>2.</span> <span class='ocrx_word' id='word_1_237' title='bbox 859 3392 1076 3455; x_wconf 77' lang='lat' dir='ltr'>mercenarius.</span> 
     </span>
     <span class='ocr_line' id='line_1_35' title="bbox 806 3474 958 3539; baseline 0.007 -1"><span class='ocrx_word' id='word_1_238' title='bbox 806 3475 835 3538; x_wconf 84' lang='lat'>3.</span> <span class='ocrx_word' id='word_1_239' title='bbox 859 3474 887 3532; x_wconf 84' lang='lat' dir='ltr'>iu</span> <span class='ocrx_word' id='word_1_240' title='bbox 913 3493 958 3539; x_wconf 81' lang='lat' dir='ltr'>us.</span> 
     </span>
    </p>

    <p class='ocr_par' dir='ltr' id='par_1_10' title="bbox 202 3493 1119 3719">
     <span class='ocr_line' id='line_1_36' title="bbox 284 3493 1119 3638; baseline 0.001 -23"><span class='ocrx_word' id='word_1_241' title='bbox 284 3551 404 3615; x_wconf 86' lang='lat' dir='ltr'>Definit</span> <span class='ocrx_word' id='word_1_242' title='bbox 426 3554 517 3634; x_wconf 86' lang='lat' dir='ltr'>igitur</span> <span class='ocrx_word' id='word_1_243' title='bbox 536 3562 694 3636; x_wconf 80' lang='lat' dir='ltr'>pastorem</span> <span class='ocrx_word' id='word_1_244' title='bbox 716 3554 849 3638; x_wconf 87' lang='lat' dir='ltr'>bonum,</span> <span class='ocrx_word' id='word_1_245' title='bbox 878 3493 991 3618; x_wconf 75' lang='lat' dir='ltr'>dpsinde</span> <span class='ocrx_word' id='word_1_246' title='bbox 1014 3574 1119 3618; x_wconf 77' lang='lat' dir='ltr'>meros</span> 
     </span>
     <span class='ocr_line' id='line_1_37' title="bbox 202 3636 599 3719; baseline 0.01 -21"><span class='ocrx_word' id='word_1_247' title='bbox 202 3638 332 3716; x_wconf 80' lang='lat' dir='ltr'>narium,</span> <span class='ocrx_word' id='word_1_248' title='bbox 355 3636 462 3698; x_wconf 89' lang='lat' dir='ltr'>ultimo</span> <span class='ocrx_word' id='word_1_249' title='bbox 484 3637 599 3719; x_wconf 82' lang='lat' dir='ltr'>lupum.</span> 
     </span>
    </p>

    <p class='ocr_par' dir='ltr' id='par_1_11' title="bbox 285 3720 1118 3803">
     <span class='ocr_line' id='line_1_38' title="bbox 285 3720 1118 3803; baseline 0.005 -24"><span class='ocrx_word' id='word_1_250' title='bbox 285 3720 397 3802; x_wconf 85' lang='lat' dir='ltr'>Primo,</span> <span class='ocrx_word' id='word_1_251' title='bbox 420 3727 526 3801; x_wconf 82' lang='lat' dir='ltr'>pastor</span> <span class='ocrx_word' id='word_1_252' title='bbox 548 3723 647 3784; x_wconf 93' lang='lat' dir='ltr'>bonus</span> <span class='ocrx_word' id='word_1_253' title='bbox 670 3729 717 3783; x_wconf 89' lang='lat' dir='ltr'>est</span> <span class='ocrx_word' id='word_1_254' title='bbox 736 3722 819 3803; x_wconf 76' lang='lat' dir='ltr'>ipse,</span> <span class='ocrx_word' id='word_1_255' title='bbox 846 3723 933 3785; x_wconf 89' lang='lat' dir='ltr'>ouius</span> <span class='ocrx_word' id='word_1_256' title='bbox 954 3730 1027 3787; x_wconf 87' lang='lat' dir='ltr'>sunt</span> <span class='ocrx_word' id='word_1_257' title='bbox 1049 3737 1118 3785; x_wconf 81' lang='lat' dir='ltr'>ovet</span> 
     </span>
    </p>
   </div>
   <div class='ocr_carea' id='block_1_8' title="bbox 0 0 1185 4162">
    <p class='ocr_par' dir='ltr' id='par_1_12' title="bbox 0 0 1185 4162">
     <span class='ocr_line' id='line_1_39' title="bbox 0 0 1185 4162; baseline 0 0"><span class='ocrx_word' id='word_1_258' title='bbox 0 0 1185 4162; x_wconf 95' lang='lat' dir='ltr'> </span> 
     </span>
    </p>
   </div>
  </div>
 </body>
</html>
