2348 4162
129 271 194 339 362
379 272 422 329 Da
439 288 523 331 servo
540 272 657 333 arbitrio
676 273 711 329 D.
728 272 763 329 lt.
782 272 811 329 d

127 462 209 504 man.
231 444 251 506 7
274 448 305 503 et
326 442 429 508 Galat.
451 447 470 509 5
492 443 604 504 l'aulua
626 442 729 521 donet,
748 443 780 502 in
802 442 920 508 sanatis
941 449 974 503 et
993 442 1046 523 piis

127 546 198 587 esse
218 545 353 606 pugnam
377 529 499 607 spiritns
521 534 554 587 et
574 528 674 587 narnis
695 534 758 586 tam
771 525 920 603 validam,
943 532 976 586 ut
988 544 1046 586 uon

126 610 229 671 boare
250 612 379 689 possint,
401 629 481 690 quae
496 610 619 672 vellent.
664 610 713 670 Ex
734 610 796 670 boa
813 611 858 670 sio
867 608 1047 690 arguebam:

126 692 159 755 Si
181 698 289 753 natura
310 694 443 754 bominis
464 693 543 754 adeo
561 692 642 753 mala
664 700 721 771 eat,
743 699 776 753 ut
796 694 827 753 in
849 694 899 770 iia,
921 692 974 772 qui
991 693 1046 772 spi·

126 778 185 838 ritu
207 778 304 837 renati
327 779 397 852 sint,
419 796 481 838 non
505 776 598 837 modo
620 796 682 837 non
710 782 842 838 oonetur
862 775 903 837 ad
924 774 1048 851 bonum,

126 859 180 920 aed
204 861 296 920 etiam
329 866 447 940 pugnet
468 868 499 920 et
519 859 701 920 adversetur
722 859 815 937 bono,
838 857 999 939 quomodo
1018 859 1047 918 in

125 943 203 1023 illis,
240 944 289 1022 qui
311 943 448 1004 nondum
474 944 571 1004 renati
592 944 623 1003 in
648 943 743 1003 veteri
764 942 891 1003 homine
913 941 971 1004 aab
993 940 1047 1003 Sa·

125 1033 199 1087 tana
221 1028 371 1103 serviunt,
404 1026 443 1087 ad
466 1026 580 1087 bonum
609 1026 793 1088 conaretur?
834 1026 945 1105 Neque
969 1026 1046 1086 euim

124 1111 167 1172 ibi
186 1109 298 1169 Paulus
320 1109 481 1179 solumde
503 1111 614 1170 orassis
635 1108 794 1171 affectibus
816 1109 968 1188 loquitur,
996 1127 1047 1188 per

126 1211 204 1273 quos
235 1192 319 1252 velut
355 1212 411 1272 per
432 1212 595 1254 sommune
622 1192 766 1273 effugium
800 1193 882 1253 solet
921 1190 1047 1253 diatriba

127 1273 267 1339 omnibus
290 1274 451 1355 Soripturis
474 1276 569 1354 elabi,
602 1276 656 1336 aed
690 1282 831 1337 numerat
851 1276 935 1335 inter
956 1292 1047 1355 opera

127 1359 227 1419 narnis
256 1358 423 1436 haeresim,
456 1359 644 1433 idolatriam,
677 1358 901 1438 dissensiones,
924 1364 1046 1418 oonten·

125 1443 237 1521 tiones,
259 1460 338 1521 quae
359 1444 463 1522 utique
486 1444 516 1502 in
539 1443 665 1503 summis
687 1442 749 1502 illis
769 1441 896 1517 viribus,
917 1447 994 1522 puta
1006 1459 1046 1501 ra·

126 1526 213 1586 tione
234 1533 265 1585 et
287 1525 456 1602 voluntate,
479 1532 619 1606 regnant.
662 1524 695 1587 Si
716 1526 807 1606 igitur
828 1536 903 1586 saro
926 1525 994 1585 istie
1009 1524 1046 1585 at·

125 1607 254 1671 lentibus
286 1616 402 1690 pugnat
425 1612 534 1670 eontra
555 1609 693 1688 spiritum
726 1610 757 1668 in
779 1607 920 1688 Sanatis,
955 1606 1045 1668 multo

125 1693 224 1772 magis
242 1699 349 1752 oontra
372 1692 469 1752 Deum
492 1691 642 1772 pugnabit
661 1692 692 1751 in
714 1692 816 1771 impiis
839 1692 923 1752 etin
952 1690 1044 1752 libero

125 1774 259 1838 arbitrio.
309 1774 384 1836 ldeo
416 1781 447 1835 et
475 1775 564 1837 Rom.
587 1777 607 1840 8
627 1782 720 1835 vooat
756 1793 824 1836 eam
857 1774 1044 1835 inimicitiam

126 1865 233 1919 uontra
258 1857 366 1920 Deum.
409 1858 493 1937 Hoo,
525 1859 667 1937 inquam,
701 1864 916 1939 argumentum
938 1856 1045 1918 vellen

126 1941 199 2002 mihi
222 1940 295 2002 dilui
316 1949 347 2002 et
369 1940 407 2001 ab
431 1960 469 2002 eo
491 1940 619 2002 liberum
642 1940 798 2003 arbitrium
822 1940 956 2005 delendi.

207 2025 276 2104 Ego
299 2043 374 2085 sane
396 2024 434 2085 de
456 2044 506 2085 me
527 2023 693 2101 oonllteor,
714 2025 739 2084 si
762 2043 822 2105 qua
844 2023 911 2085 lleri
933 2030 1045 2104 posset,

125 2107 240 2170 nollem
265 2107 337 2168 mihi
373 2107 436 2169 dari
466 2107 593 2168 liberum
617 2106 789 2176 arbitrium,
815 2114 870 2169 aut
892 2108 1043 2188 quippiam

124 2191 156 2252 in
178 2209 270 2251 manu
293 2210 363 2251 mea
384 2189 527 2274 relinqui,
551 2189 672 2271 quoad
696 2191 826 2252 salutem
850 2191 959 2252 conari
981 2208 1043 2271 pos·

125 2293 200 2355 sem,
223 2293 285 2335 nou
308 2275 407 2334 solnm
430 2273 511 2348 ideo,
533 2274 616 2354 quod
638 2276 670 2335 in
692 2281 738 2336 tot
758 2273 997 2335 adversitatibus
1018 2278 1044 2334 at

125 2359 277 2439 perieulis,
301 2356 411 2417 deinde
433 2365 479 2418 tot
492 2356 742 2438 impugnantibus
754 2357 960 2418 daemonibus
982 2355 1043 2418 sub·

125 2442 232 2502 sistere
256 2447 286 2500 et
308 2442 440 2501 retinere
462 2440 535 2500 illud
551 2460 612 2501 non
627 2441 773 2519 valerem,
797 2458 866 2501 oum
889 2460 969 2501 uuus
982 2440 1043 2501 das·

126 2543 197 2585 mon
219 2525 376 2604 potentior
399 2525 438 2584 sit
459 2523 601 2585 omuibus
622 2524 814 2601 hominibus,
844 2541 947 2603 neque
971 2522 1043 2584 ullus

124 2607 282 2668 bominum
304 2607 488 2684 salvaretur,
512 2607 566 2667 aed
589 2607 683 2686 quod,
706 2608 796 2667 etiam
820 2608 845 2666 ai
866 2607 955 2667 nulla
974 2606 1043 2691 peri·

125 2691 205 2771 nula,
227 2690 330 2750 nullae
342 2689 552 2765 adversitates,
574 2690 648 2751 nulli
672 2689 839 2750 daemones
862 2696 978 2761 esseut,
1000 2706 1043 2750 oo

125 2792 214 2853 gener
234 2779 338 2834 tamen
360 2780 508 2853 perpetuo
531 2774 562 2833 in
577 2775 724 2833 insertum
740 2773 882 2834 laborare
905 2777 1042 2836 etadrem

125 2858 236 2938 pugnis
259 2854 437 2934 verberare;
470 2860 672 2936 nequeenim
695 2857 886 2916 uonsoieutia
907 2874 996 2935 mea,
1022 2854 1043 2914 si

124 2941 155 2999 in
178 2944 335 3000 aeternum
359 2940 492 2999 viverem
520 2946 551 3000 et
572 2958 729 3018 operarer,
754 2957 888 3018 unquam
912 2946 999 3001 oerta
1018 2942 1045 2999 at

126 3040 234 3082 seoura
251 3021 350 3097 lieret,
372 3030 517 3101 quantum
533 3022 635 3083 fauere
657 3021 793 3093 deberet,
815 3040 876 3100 quo
894 3023 971 3083 satia
983 3021 1044 3081 Deo

125 3104 221 3167 flaret.
280 3104 473 3185 Quocunque
505 3106 584 3165 enim
619 3124 714 3184 opere
746 3104 883 3185 perfeeto
913 3104 1044 3185 reliquus

126 3193 209 3248 earet
229 3187 405 3267 serupulus,
428 3208 467 3248 an
490 3188 520 3248 id
544 3188 610 3248 Deo
633 3188 778 3268 placeret,
801 3187 850 3247 vel
872 3205 912 3247 an
935 3183 1044 3268 aliquid

125 3271 205 3331 ultra
227 3272 408 3350 requireret,
445 3272 523 3330 siout
555 3270 666 3351 probat
687 3270 879 3351 experientia
911 3272 1044 3335 omnium

125 3355 370 3430 iustitiariorum,
401 3362 432 3414 et
465 3373 523 3435 ego
547 3373 612 3414 meo
636 3373 749 3435 magno
777 3353 860 3414 malo
891 3360 940 3415 tot
961 3353 1044 3415 annia

127 3439 202 3499 satis
223 3436 326 3499 didici.

208 3520 250 3581 At
271 3538 362 3597 nuno,
386 3537 454 3580 oum
468 3519 550 3579 Deus
562 3519 691 3579 salutem
708 3537 818 3598 meam,
841 3525 930 3581 extra
948 3535 1044 3579 meum

127 3604 284 3663 arbitrium
307 3601 430 3682 tollens,
451 3602 481 3661 in
505 3621 592 3661 auum
614 3603 781 3681 receperit,
819 3609 848 3661 et
887 3620 952 3662 non
980 3618 1044 3661 meo

126 3704 222 3767 opere
244 3691 297 3746 aut
318 3702 418 3761 ouran,
441 3683 495 3745 aed
517 3703 572 3745 sua
593 3686 693 3765 gratia
714 3692 745 3744 et
758 3683 969 3745 misericordia
981 3702 1045 3764 pro·

125 3768 240 3833 miserit
260 3787 311 3830 me
331 3786 465 3849 servare,
487 3786 612 3829 seourua
635 3774 667 3829 et
688 3774 789 3828 uertus
802 3787 880 3846 sum,
904 3766 1045 3849 quodilla
