2348 4162
130 231 171 302 26
418 234 577 308 Exemplum
595 220 758 307 theologias

39 424 43 433 ·
134 411 252 482 name)
289 405 374 470 Deus
408 408 581 489 specialiter
606 403 779 490 virginssbt
816 406 872 472 sibi
894 407 980 489 eligit
1000 406 1051 470 hic

57 496 61 504 '
131 495 163 554 et
193 491 223 550 in
253 491 363 554 futuro.
408 491 510 554 Status
537 494 687 575 virginum
715 493 765 555 hic
787 499 833 554 est
855 490 1051 554 excellentis-

130 573 273 648 stmusct,
304 594 394 653 quem
418 575 555 637 Christos
589 583 620 641 et
645 577 734 637 beata
758 577 854 656 Virgo
879 581 1050 654 tenuerunt,
1096 616 1098 621 «

130 655 403 734 laudabilissimus,
437 660 508 739 quia
536 656 674 744 maiprd)
690 660 839 729 *victoria
862 665 893 719 et
928 657 1052 720 duriora

130 741 313 818 certamina,
353 742 545 821 utilissimus,
585 743 655 823 quia
688 743 886 823 consequitur
916 742 1050 805 fructum

127 805 336 888 centesrhrum.
917 825 921 833 ’

158 968 161 974 .
212 907 252 969 ut
286 906 491 992 horomate)
525 909 553 969 in
595 910 683 972 coelo
719 910 859 991 angelica
890 909 1049 988 societate,

129 990 266 1070 gaudiis)
292 992 512 1072 singularitate,
536 992 645 1054 Christi
668 993 897 1074 conformitate3
920 1011 1050 1072 sequun-

130 1081 177 1133 tur
199 1075 280 1135 enim
302 1076 435 1156 virgines
458 1095 570 1154 agnum
593 1096 777 1157 quocunqne
802 1076 885 1155 ierit,
918 1095 980 1136 non
1003 1074 1051 1136 est

129 1157 210 1217 enim
243 1159 425 1238 ponderatio
461 1163 644 1220 continentis
675 1161 813 1239 animae,
846 1159 967 1221 Eccles.
994 1161 1050 1224 26:

129 1240 229 1302 Omne
243 1261 349 1302 aurum
362 1243 392 1302 in
407 1245 638 1324 comparatione
655 1246 720 1304 eius
742 1262 835 1304 arena
859 1250 906 1304 est
927 1243 1065 1322 exigua.-

210 1322 285 1385 Ideo
320 1327 407 1406 virgo
441 1326 533 1388 debet
565 1329 745 1408 cogitares)
782 1328 861 1405 quae
889 1331 960 1387 sunt
979 1326 1053 1404 Dei,

22 1468 47 1486 .,
129 1409 155 1468 1.
179 1405 317 1468 Corinth.
344 1413 380 1487 7,
417 1427 496 1487 quae
524 1417 594 1470 sunt
623 1416 746 1490 sancta,
779 1409 908 1489 pudica,
941 1428 1049 1471 omnes
1081 1410 1103 1488 J

127 1491 342 1570 cogitationes,
366 1493 536 1555 locutiones
559 1503 616 1556 etc.
641 1494 751 1555 offerre
773 1492 855 1569 Deo,
878 1496 911 1552 ut
933 1494 973 1553 sit
993 1493 1050 1554 im·

127 1573 282 1634 maculata
309 1581 339 1636 et
366 1582 472 1639 sancto
494 1596 641 1656 corpore,
676 1583 707 1638 et
729 1577 832 1637 anima
852 1575 980 1641 munda.
1016 1581 1050 1636 ut

61 1706 64 1709 .
126 1654 281 1733 Christus,
314 1659 361 1718 cni
392 1658 579 1740 desponsata
607 1667 667 1739 est,
695 1660 795 1742 possit
817 1658 933 1720 dicere:
968 1658 1049 1719 Tota

47 1801 50 1805 .
125 1739 253 1821 pulchra
280 1761 332 1821 cs,
367 1744 466 1805 amica
494 1763 572 1808 mea.
616 1743 646 1804 Si
681 1751 728 1805 cst
756 1761 898 1820 magnum
932 1741 1049 1802 violare

32 1834 36 1839 ’
125 1823 273 1901 templum
296 1826 463 1904 materiale,
487 1827 582 1887 multo
602 1826 670 1906 plus
693 1833 740 1888 est
763 1824 878 1887 violare
900 1824 1047 1904 templum

124 1906 296 2038 spirptuals,
327 1908 480 1988 ,templum
503 1910 558 1970 Dei
592 1916 735 1970 sanctum
764 1916 825 1986 cst,
860 1908 943 1988 quod
975 1907 1048 1968 estis

124 2007 180 2049 vos
225 2037 232 2051 .

145 2079 147 2085 '
205 1986 329 2152 huplcx
363 2081 409 2135 est
443 2074 530 2137 color
550 2075 742 2149 vestimenti,
781 2072 868 2134 albus
896 2071 1050 2154 significat

125 2155 311 2217 mundiciam
320 2153 353 2239 ¹),
371 2157 682 2237 nigerhumilitatem.
705 2156 913 2220 Ambulabunt
926 2173 1048 2217 mecum

124 2236 155 2297 in
178 2237 269 2317 albis,
293 2241 437 2319 quoniam
463 2240 546 2320 digni
568 2245 646 2303 sunt.
690 2240 785 2321 Vide,
803 2247 845 2300 ⁴ut
867 2239 1051 2300 vestimenta

46 2352 49 2356 ·
126 2325 178 2381 tua
201 2322 261 2381 sint
283 2323 365 2382 omni
389 2329 527 2403 tempore
549 2322 736 2395 candidat).

125 2403 227 2463 Vestis
249 2423 310 2464 non
332 2405 619 2485 facitRcligiosum‚
643 2424 701 2466 nec
715 2424 838 2481 nomen,
861 2402 915 2465 scd
938 2421 1050 2466 mores.

57 2500 59 2505 '
193 2486 335 2566 Summa,
358 2489 533 2569 Religiosus
555 2494 603 2549 est
624 2489 787 2570 angelusl)
818 2486 980 2548 terrestris.

125 2657 270 2665 ——-.—

197 2708 228 2802 al
248 2740 285 2796 Ut
304 2746 383 2808 patet
404 2743 446 2798 10.
465 2740 745 2811 libroPhysicorum,
765 2742 793 2794 et
805 2736 914 2805 Aesopi
932 2734 1004 2790 libro
1023 2737 1050 2792 5.

126 2810 160 2880 b)
181 2810 337 2880 Apostolos
354 2828 410 2867 non
429 2812 470 2868 sic
487 2813 572 2882 clegit
589 2810 756 2880 specialiter.
794 2810 824 2878 c)
845 2806 1051 2876 superlativum

20 2913 23 2917 ·
125 2882 289 2951 exponendo
309 2889 363 2938 tam
378 2883 508 2954 negativo
521 2899 603 2952 quam
617 2880 791 2947 affirmative,
810 2885 841 2935 ut
854 2879 1051 2947 apostolorum

124 2960 215 3010 status
240 2969 344 3023 parvus
368 2970 430 3010 osse
453 2955 633 3026 intelligatur.
671 2953 704 3022 d)
731 2953 821 3007 Etiam
853 2951 942 3005 maior
966 2965 1049 3018 quam

125 3021 191 3082 fidei
211 3025 335 3090 victoria,
355 3041 426 3096 quaa
441 3025 582 3082 diabolum
601 3031 629 3081 et
646 3030 760 3080 mortem
774 3024 849 3088 vicit,
868 3028 899 3076 nt
917 3021 958 3077 sic
977 3016 1051 3093 fides

122 3098 208 3167 longo
226 3096 262 3152 sit
280 3097 368 3162 vilior,
389 3112 472 3166 quam
491 3098 615 3153 castitas.
641 3099 668 3165 c)
689 3096 759 3161 Quia
778 3094 862 3151 catari
880 3092 975 3148 Sancti
993 3108 1050 3147 non

125 3169 268 3225 sociantur
285 3169 407 3239 angelis,
428 3169 480 3224 sed
500 3168 632 3236 diabolis,
653 3168 792 3238 quianon
811 3163 1051 3222 suntconformas
1111 3170 1115 3175 '

46 3256 54 3275 ·
125 3239 237 3308 Christi,
257 3239 328 3296 sicut
346 3240 475 3310 virgines.
505 3239 532 3310 f)
554 3242 632 3297 Haec
651 3241 721 3294 mira
738 3237 913 3308 gaudiositas
932 3239 1052 3290 vocatur

126 3312 196 3367 alias
226 3313 377 3380 praemium
401 3312 701 3380 Aureolas1).‚1)1n
725 3311 767 3366 ed.
788 3310 872 3378 orig:
898 3306 1050 3364 Aurcalac.

125 3389 157 3454 gl
173 3382 308 3452 'Cogitate
328 3399 399 3454 quae
423 3391 487 3439 sunt
505 3385 572 3451 Dei,
601 3383 716 3453 exponit
737 3398 793 3436 non
818 3382 853 3435 de
877 3378 964 3435 verbo
986 3377 1051 3441 Dei,

125 3453 175 3510 sad
195 3455 230 3509 dc
249 3455 465 3524 cogitationibus
484 3456 628 3512 castitatis.
660 3454 718 3509 Illis
736 3453 808 3509 enim
825 3451 914 3507 sancti
932 3445 1003 3504 fiunt
1021 3455 1052 3506 st

126 3526 310 3593 immaculati,
336 3528 419 3583 ctiam
437 3527 497 3584 sinc
515 3523 571 3583 fida
589 3533 618 3582 et
636 3525 755 3582 Christo.
791 3523 826 3589 h)
847 3523 920 3589 Vos,
944 3520 1052 3576 scilicet

124 3596 252 3652 lllooachi
271 3605 299 3653 et
317 3600 433 3654 Nonnas
451 3599 513 3655 soli.
547 3599 568 3667 i)
589 3597 755 3654 llundiciam
775 3612 830 3651 non
848 3590 914 3649 fidei
934 3592 1050 3648 Christi-

82 3693 86 3698 *
126 3683 211 3733 anae,
238 3669 288 3724 scd
313 3671 425 3728 votivae
456 3670 600 3729 castitatis.
637 3669 668 3738 k)
690 3668 817 3724 Candida
839 3671 954 3736 propter
972 3680 1050 3720 mun-

126 3740 240 3813 diciam,
269 3747 297 3801 et
319 3742 401 3817 nigra
429 3748 522 3802 umen
551 3741 633 3800 simul
653 3746 769 3815 propter¹
790 3737 986 3809 humilitatem,
1018 3740 1051 3797 ut
