2348 4162
351 252 439 327 cirum
458 254 588 316 Cocleum
605 255 640 313 M.
659 255 689 314 L.
942 253 984 324 49

54 429 95 490 sit
118 425 207 491 saiva
229 427 290 491 tide
312 428 445 512 publica.
490 428 563 491 Pars
593 449 667 509 vero
690 428 876 510 proditorem
900 430 984 491 mali·
1036 417 1039 424 ’

54 512 983 677 tttt‘stitit‘trtttttt*tttttt¹¹⁶tttt⁰t⁰tt’

56 681 141 741 mine
173 698 243 741 sese
280 687 343 740 tum
366 679 497 740 cocleas
525 687 556 741 et
576 682 712 742 omnium
742 678 814 741 odic
842 699 896 760 per
923 679 984 740 hoo

58 762 187 824 verbum
211 761 369 839 oneravit,
398 781 460 842 quo
488 781 524 825 se
552 765 784 848 inperpetuum
816 781 877 822 non
912 781 984 824 exo·

55 845 187 907 nerabit.
208 845 248 907 Et
269 864 351 906 nunc
371 845 520 925 gloriatur
531 846 659 927 pulchra
681 847 740 906 ista
761 845 893 919 testudo,
915 864 984 906 sese

57 928 132 989 mihi
144 931 308 989 recusanti
331 928 465 988 duellum
478 930 635 1005 obtulisse,
658 937 689 988 et
702 922 806 988 cantat
829 929 982 1006 victorias,

57 1031 126 1073 cum
150 1030 211 1092 ego
248 1029 306 1072 nec
328 1010 564 1091 disputationem
587 1013 766 1085 recusarint,
802 1029 860 1071 nec
891 1009 983 1072 fldem

15 1118 17 1122 ¹
59 1095 212 1187 publicapu
247 1095 404 1175 resignare
423 1093 451 1168 ι)
489 1095 691 1163 ἀύτεοῐατίιῃ.
745 1094 836 1156 Vides
870 1096 983 1173 itaque,

58 1179 144 1239 cuius
167 1179 339 1239 autoritatis
374 1197 442 1238 esse
479 1177 590 1241 debeat
616 1180 675 1240 isto
717 1178 818 1240 libello
841 1178 983 1258 Gooieue,

58 1280 148 1342 quem
168 1266 232 1322 tam
254 1259 481 1341 impudentibus
503 1262 670 1323 mendaciis
692 1263 885 1341 auspicatur,
914 1280 984 1321 nec-

58 1344 129 1406 dum
153 1343 249 1424 pudet
271 1363 340 1404 eum
364 1343 560 1406 Vuormatiae
582 1346 675 1406 fuisse
698 1344 846 1423 derisum,
869 1345 982 1425 gioria·

59 1435 105 1489 tur
128 1427 257 1488 veroin
280 1427 467 1508 turpitudine
489 1447 554 1490 sua.

140 1510 211 1572 Hoc
233 1511 374 1570 nimirum
396 1516 458 1588 est,
492 1511 574 1590 quod
612 1530 699 1572 suam
725 1510 810 1570 illam
832 1510 983 1570 insaniam

57 1594 117 1657 hoc
138 1593 246 1655 libello
269 1611 380 1654 ornare
401 1593 539 1673 anhelat,
577 1593 658 1673 quod
687 1593 788 1654 adhuc
812 1592 883 1654 mihi
905 1612 984 1652 unus

58 1677 194 1739 duellum
218 1675 322 1755 offert,
345 1676 515 1757 magnificia
537 1677 637 1739 verbis
660 1683 692 1738 et
713 1677 802 1736 minis
824 1676 854 1736 id
876 1694 984 1755 agens,

58 1768 89 1824 ut
110 1762 164 1842 qui
188 1761 294 1841 legunt
321 1779 361 1821 ex
382 1761 484 1822 animo
513 1779 579 1822 enm
601 1760 686 1840 loqui
708 1759 842 1823 credant.
885 1757 983 1820 Obse-

58 1864 119 1926 cro,
143 1852 200 1907 cut
221 1845 282 1905 hoc
304 1862 365 1904 nou
386 1842 519 1905 iaciebat
539 1844 755 1925 Vuormatiae,
778 1843 828 1904 ubi
851 1841 982 1903 vallatus

58 1935 124 1990 erat
145 1927 288 1990 Caesaris
326 1932 357 1989 et
378 1926 481 2007 Papae
516 1928 612 1988 tutela
641 1935 671 1987 et
705 1925 878 2008 praesidio?
922 1925 982 1986 Sed

58 2010 206 2073 testudini
229 2010 374 2071 convenit
394 2008 471 2071 haec
492 2010 580 2072 tarda
606 2018 637 2071 et
658 2029 727 2071 sera
748 2009 890 2090 gloriatio
914 2015 984 2089 post

58 2096 191 2156 amissos
226 2093 404 2175 triumphos.
459 2093 522 2154 Gur
553 2111 616 2156 non
650 2094 757 2154 adhuc
783 2112 832 2153 me
865 2091 984 2153 accedit

59 2177 340 2258 Vuittembergam,
367 2178 421 2237 aut
444 2183 537 2238 vocat
557 2179 588 2238 in
618 2177 719 2238 locum
742 2174 860 2236 tutum?
902 2173 983 2250 Quid

58 2268 113 2338 eat,
135 2259 221 2342 quod
243 2260 384 2338 inanibus
407 2260 507 2320 verbis
530 2267 635 2341 crepat
655 2258 776 2321 testudo
798 2258 877 2319 ista?
920 2257 984 2321 Sci·

58 2345 139 2424 ticet,
158 2345 232 2424 qnia
253 2345 340 2404 novit
363 2362 516 2423 uunquam
540 2344 615 2426 fore,
638 2351 671 2404 nt
694 2361 812 2405 mecum
836 2340 984 2422 congredi

58 2429 167 2510 possit,
189 2444 296 2488 secure
319 2426 505 2507 triumphant
531 2427 583 2488 hic
604 2446 689 2488 arma
711 2427 766 2486 viri
789 2427 855 2486 sine
879 2424 984 2485 adver·

58 2513 149 2575 sario.
205 2509 259 2574 ou
291 2528 367 2574 orme
394 2510 540 2588 &dorda
574 2515 639 2574 root
675 2509 779 2588 tctttttu
812 2509 984 2587 titputtteut

58 2593 196 2657 't'estudo
228 2613 260 2654 es
295 2601 326 2654 et
357 2592 438 2654 aliud
461 2593 534 2654 nihii
557 2599 589 2654 et
610 2610 726 2653 cornua
748 2591 802 2652 tibi
822 2591 984 2651 testudinis

59 2685 128 2740 sunt
149 2676 314 2738 formidine
327 2683 444 2737 tautum
466 2684 499 2737 et
518 2677 591 2756 fuga
603 2675 729 2756 nobilia,
751 2693 829 2754 quae
848 2672 897 2735 nbi
911 2673 985 2733 nihii

59 2764 106 2843 sit,
129 2760 214 2842 quod
238 2759 353 2839 obstet,
376 2759 450 2820 satis
474 2758 620 2821 audacter
642 2778 710 2818 sese
731 2759 762 2817 in
785 2775 915 2818 vacuum
928 2757 986 2817 eri·
1107 2814 1110 2819 .

78 2850 149 2924 unt,
181 2844 362 2906 ubiautem
390 2843 440 2904 vel
467 2844 571 2904 aranei
606 2840 691 2902 filum
724 2842 872 2923 occurrit,
903 2848 986 2903 retro

117 2929 193 2988 'unt
763 2954 770 2969 ν

93 2947 125 3009 gl
141 3009 205 3074 Sed
229 3028 288 3090 ego
310 3009 403 3090 piane
424 3008 485 3071 hcc
510 3008 610 3070 tribuo
634 3007 743 3068 divinis
765 3008 916 3088 consiliis,
955 3013 988 3068 ut

61 3093 164 3175 Papae
201 3099 233 3154 et
253 3093 398 3174 Papietae
435 3093 499 3154 fere
537 3091 637 3152 uuttoe
665 3091 801 3152 habeant
828 3099 986 3173 patronos,

61 3178 117 3239 uisi
139 3177 193 3258 qui
216 3175 266 3237 vel
286 3177 399 3257 insigni
421 3176 551 3254 inscitia,
574 3175 622 3235 vel
646 3174 813 3235 mendaciis
827 3174 985 3254 impuden·

62 3260 139 3322 tibus
163 3279 286 3340 semper
317 3278 405 3321 suam
431 3260 626 3320 autoritatem
649 3258 825 3335 traducant,
859 3258 1009 3336 nequis·

62 3343 193 3425 amplius
227 3361 284 3423 per
319 3341 582 3404 abominationem
604 3340 776 3402 Romanam
809 3340 987 3421 decipiatur.

62 3424 172 3490 Nullus
194 3424 296 3487 adbuc
318 3425 464 3487 adversus
488 3445 537 3486 me
559 3425 695 3506 scripsit,
727 3425 779 3503 qni
801 3443 863 3484 non
886 3425 924 3483 sit
945 3424 988 3482 in-

64 3510 189 3591 signiter
211 3514 243 3569 et
264 3508 366 3589 paiam
394 3527 431 3569 ac
461 3509 563 3569 multis
587 3506 686 3568 modis
710 3507 863 3571 mentitus.
920 3505 988 3567 Pto·

64 3593 191 3655 randam
215 3598 419 3654 certesortem
431 3591 542 3672 Papae,
566 3590 648 3670 quod
665 3592 712 3651 sui
734 3609 797 3651 ucu
821 3590 878 3650 nisi
903 3609 988 3650 meu·

115 3778 146 3842 t)
167 3775 196 3829 tn
216 3773 260 3829 ed.
280 3773 356 3830 ism:
375 3771 484 3830 offerre.

91 3874 179 3919 uertat
192 3886 245 3927 opp.
260 3875 284 3918 V.
292 3875 321 3916 A.
336 3875 366 3914 ad
377 3873 418 3916 rel.
430 3874 481 3921 tint.
494 3876 512 3921 t.
524 3887 548 3930 p.
565 3875 614 3922 Vol.
624 3875 674 3920 vlt.
802 3847 825 3922 4
