2348 4162
204 244 269 314 522
436 300 442 308 .
496 248 846 304 mammonae

205 418 278 480 dem
300 419 527 499 suspendenda,
548 421 600 500 qui
621 421 671 480 rel
683 420 805 500 decepti
824 420 1028 501 velpersuasi
1047 427 1121 496 sunt,

204 505 383 565 testimonio
404 506 538 565 nominis
561 506 620 565 mei
644 504 783 565 nonnihil
803 506 923 584 gratiae
943 524 1000 564 scu
1020 505 1120 564 existi·

204 588 351 730 1ιὶαῒὶοιιίιι
383 586 533 648 aocetlere
562 588 674 650 alienis
708 587 819 648 libellis
852 609 871 646 a
903 609 955 649 ma
987 606 1121 669 compro·

245 672 293 731 tis.

287 751 387 832 Spero
409 763 530 832 autem,
558 756 622 814 imo
645 760 729 814 certo
751 755 827 831 scio,
850 755 919 833 pios
940 755 1075 816 lectores
1094 755 1119 812 in

204 837 266 898 hoe
287 837 391 898 libello
422 839 601 899 inventuros
628 856 691 898 non
715 857 840 917 parvam
861 838 1031 918 spiritualis
1052 836 1120 897 ‹loo-

204 923 313 993 trinae,
334 940 414 1001 quse
426 920 497 982 fidei
509 928 567 994 est,
589 922 799 1001 cognitionem
821 929 852 980 et
867 922 1119 983 consolationem.

202 1002 371 1065 Infelicitar
390 1023 467 1066 sane
488 1003 544 1087 (ne
564 1004 665 1065 (licam
687 1006 875 1084 perniciose)
894 1007 990 1066 etiam
1008 1014 1120 1064 veteres

204 1087 323 1166 aliquot
344 1087 449 1149 Panes
471 1094 680 1149 tractaverunt
699 1087 842 1148 historias
856 1094 909 1162 (ut
930 1086 1064 1170 vocant)
1077 1105 1120 1147 ve

204 1173 276 1230 teris
298 1171 500 1232 Testamenti.
542 1171 665 1232 Omissa
699 1173 781 1230 enim
807 1171 868 1231 ilde
891 1191 948 1251 per
968 1172 1120 1232 caritatem

203 1272 349 1334 operosa,
371 1273 451 1333 quae
473 1263 566 1336 caput
587 1260 619 1314 et
631 1273 753 1314 summa
769 1261 816 1317 est
838 1255 869 1314 in
883 1255 1020 1315 historiis
1033 1254 1120 1313 sacris

204 1335 284 1418 (qua
306 1356 365 1398 una
389 1339 499 1398 virtute
520 1358 539 1398 a
560 1338 696 1419 profanis
708 1339 843 1418 gentium
861 1338 999 1399 historiis
1018 1336 1121 1412 differt,

203 1426 350 1499 quantum
380 1420 501 1481 coelum
534 1441 553 1483 a
586 1429 683 1494 terra,
714 1422 768 1480 lux
798 1442 817 1479 a
838 1422 991 1498 tenebris,
1025 1421 1122 1480 vitas

203 1506 330 1586 morte),
350 1504 476 1583 frigidas
498 1512 530 1564 et
550 1507 670 1584 ineptas
691 1504 856 1584 allegorias
877 1505 969 1566 uobis
990 1503 1121 1564 obtruse

203 1594 290 1664 runt,
314 1607 393 1667 quae
415 1594 447 1647 et
468 1588 555 1668 ipsae
577 1595 678 1648 tamen
701 1587 775 1647 nihil
798 1586 881 1647 aliud
904 1593 1013 1665 erant,
1035 1605 1120 1666 qnam

204 1689 305 1732 novae
338 1671 487 1732 historiae
510 1671 548 1729 ds
569 1669 822 1731 rebus-fidelium
848 1678 880 1730 et
899 1671 1120 1731 haereticorum

203 1756 233 1813 in
257 1754 390 1814 ecclesia
423 1755 518 1833 gestis
540 1754 596 1813 sub
624 1755 749 1813 nomine
771 1761 907 1813 veterum
930 1753 1120 1814 historiarum

200 1840 390 1918 propositas.
432 1837 478 1897 lta
489 1838 604 1896 tactum
626 1845 682 1913 est,
705 1844 738 1897 ut
750 1837 895 1897 historiae
917 1855 1026 1896 sacrae
1038 1835 1121 1896 nohis

200 1920 294 2000 plane
316 1920 453 1981 redditae
474 1921 535 1980 siut
556 1920 680 1979 inutiles
702 1927 734 1980 et
756 1920 839 1980 velut
860 1928 1018 1996 mortuas,
1047 1935 1122 1998 qnae

200 2011 318 2064 tantum
339 2022 397 2063 suo
419 2003 525 2064 seculo
548 2003 709 2064 valuerunt
747 2011 779 2062 et
810 2003 898 2063 nohis
934 2005 964 2062 in
993 2001 1122 2063 eeclesia

201 2093 318 2146 tantum
352 2087 537 2146 curiositatis
571 2086 622 2146 vel
650 2086 744 2145 animi
766 2105 860 2146 causa
882 2083 927 2168 (si
949 2087 1003 2166 qui
1025 2093 1120 2145 tamen

200 2169 335 2243 vellent)
360 2169 519 2250 legendae.
562 2167 642 2244 Quin
665 2177 696 2228 et
706 2171 840 2247 ipsarum
854 2169 1034 2250 allegoriae,
1056 2185 1120 2228 cunr

201 2254 261 2312 sint
283 2253 430 2315 historiae
458 2252 688 2312 ecclesiasticae
709 2254 769 2311 iam
792 2252 904 2312 dudum
930 2252 1120 2332 praeteritae,

200 2336 290 2397 nobis
313 2335 455 2396 videntur
476 2355 546 2395 esse
568 2338 745 2413 antiquatae
769 2342 799 2395 et
812 2344 962 2410 mortuae,
986 2333 1120 2394 nihilha·

200 2418 273 2479 beut
296 2419 427 2497 amplius
460 2419 596 2478 utilitatis
628 2418 666 2478 ad
691 2418 864 2479 docendum
891 2418 939 2478 vel
962 2418 1121 2478 exhortan-

201 2501 283 2563 dum.
326 2502 394 2562 Hoc
424 2502 480 2561 init
502 2509 600 2580 certe,
638 2501 796 2580 historias,
829 2520 955 2581 quarum
989 2500 1120 2579 cognitio

200 2605 324 2666 semper
344 2604 414 2645 esse
436 2583 530 2645 dehet
550 2584 710 2644 utilissima
734 2592 766 2644 et
786 2584 1018 2661 iucundissima,
1040 2601 1120 2663 prae·

200 2671 303 2729 sertim
326 2687 479 2729 sacrarum
515 2687 614 2727 rernm
636 2674 667 2728 et
687 2669 717 2726 in
739 2667 856 2748 populo
879 2668 936 2726 Dei
959 2674 1119 2745 gestarum,

199 2753 319 2833 penitus
341 2750 515 2828 obscurare,
539 2756 652 2810 ettam
675 2771 762 2810 usum
786 2769 876 2829 quam
889 2750 1020 2810 fructum
1044 2751 1119 2829 ipsa·

196 2856 265 2911 rum
289 2835 415 2896 omnino
433 2833 551 2896 tollere.

282 2917 355 2981 Non
377 2919 420 2976 ita
440 2917 513 2977 lecit
533 2935 619 2976 meus
641 2916 759 2976 hienius
779 2916 840 2975 hoo
861 2914 987 2991 lihello,
1010 2914 1065 2975 sed
1085 2911 1120 2975 ad

200 3001 317 3061 iontem
345 3008 376 3061 et
398 3007 491 3080 caput
513 3001 670 3059 revocavit
693 3001 806 3079 omnia,
829 3006 860 3058 et
881 2997 974 3058 fidem
999 2997 1119 3058 Sancto·

200 3102 265 3142 rum
289 3102 364 3162 erga
385 3083 483 3144 Deum
506 3084 537 3142 in
560 3082 693 3144 historiis
709 3083 843 3142 eminere
858 3080 959 3157 docet,
985 3100 1047 3160 qua
1061 3087 1120 3140 arte

200 3165 339 3247 implevit
359 3165 446 3244 illud,
468 3165 550 3244 quod
572 3167 602 3225 in
628 3173 782 3226 oratorum
807 3163 1013 3224 etdootorum
1037 3162 1120 3223 laude

200 3256 265 3330 est,
303 3249 421 3309 scilicet
453 3248 607 3310 veteribus
636 3249 821 3326 novitatem,
855 3246 995 3307 obscuris
1018 3246 1120 3321 lucem,

200 3333 385 3412 contemptis
407 3333 537 3411 gratiam
562 3331 729 3403 sdderset
750 3330 879 3391 feliciter
901 3331 1032 3390 miscere
1054 3327 1120 3388 utile

201 3415 291 3479 dulci.
335 3414 413 3475 Nam
436 3415 461 3473 si
485 3414 567 3474 huno
579 3414 838 3474 commentarium
852 3413 960 3492 priscis
975 3412 1120 3485 conferes,

202 3498 320 3559 videbis
343 3505 374 3558 et
405 3499 490 3577 ipsas
513 3497 656 3558 historias
685 3516 738 3578 per
760 3495 829 3556 fidei
854 3514 942 3554 usum
967 3495 1053 3557 velut
1072 3512 1120 3575 per

199 3580 386 3661 baptismum
409 3580 561 3659 quendam
586 3600 672 3639 sunm
695 3581 813 3639 renasci
835 3588 867 3638 et
888 3576 1120 3653 novasfieri,et

198 3663 288 3724 nobis
311 3670 417 3724 nostro
440 3665 532 3723 etiarn
555 3663 672 3739 seculo,
696 3665 758 3722 imo
772 3663 801 3721 in
818 3662 1118 3741 perpetuumvivere,

201 3754 232 3810 et
254 3745 367 3810 utiliter
388 3747 503 3808 servire
526 3744 697 3826 magnificis
725 3753 757 3805 et
778 3744 955 3806 clarissimis
977 3741 1118 3825 exemplis
