2348 4162
380 251 410 308 et
427 245 573 307 doetrinae
591 248 755 324 papistiesa
894 264 897 269 ’
1000 249 1041 321 2Ῑ

198 594 330 657 Primum
354 595 424 657 vide
435 595 554 659 Thema
579 602 632 674 (ut
648 595 793 680 vooent),
815 604 928 677 quanto
952 598 1039 660 senri-

108 677 196 757 legio
226 699 265 740 ex
286 679 412 742 Psslmo
437 681 476 745 45
509 681 655 761 decerpat
682 689 712 742 et
736 681 859 743 lederet.
903 682 1042 744 Psalmus

110 760 251 842 loquitur
272 761 311 823 de
335 764 512 844 virginitate
536 765 605 825 fldei
629 763 709 825 etde
724 762 879 826 catholiea
900 765 1043 846 enclesis,

111 844 166 904 hio
190 864 264 907 vero
279 845 430 928 Magister
451 854 556 909 noster
585 849 715 909 eximius
737 848 899 926 detorquet
920 868 988 909 eum
1011 850 1056 910 ins

112 947 188 989 sues
212 935 312 991 seotss
348 938 378 990 et
417 930 455 991 de
478 950 573 1011 opere
604 933 634 992 in
658 931 873 1005 contumeliam
912 931 1042 994 fideiet

22 1062 24 1066 .
112 1010 247 1092 Spiritus
270 1014 369 1074 saneti
394 1017 530 1094 exponit.
574 1014 615 1076 At
637 1014 688 1075 hio
710 1014 768 1075 illis
787 1021 951 1097 perpetuus
973 1034 1041 1077 mos
1072 1046 1073 1050 =

110 1101 160 1154 est
194 1103 224 1156 et
255 1095 348 1177 plane
370 1115 470 1158 senon
503 1098 572 1178 plus
606 1117 696 1178 quam
726 1098 909 1176 eanonicus,
945 1104 1042 1160 totam
1145 1124 1157 1167 j

113 1177 307 1260 &empturum
331 1180 511 1261 depravare,
534 1188 568 1243 ut
589 1183 618 1242 in
643 1182 704 1243 hoe
726 1181 869 1262 exemplo
892 1183 1000 1246 cernis.
1041 1214 1043 1219 ·

164 1333 165 1336 =
200 1296 335 1375 Deinde,
373 1316 462 1378 quem
490 1299 705 1380 magistraliter
733 1300 807 1360 uitat
834 1300 970 1381 glossam
1003 1300 1041 1362 de

114 1377 227 1460 triplisi
250 1381 345 1461 gradu
369 1382 603 1464 sacrificiorum,
639 1372 757 1443 scilieet
791 1381 940 1446 debonis
963 1384 1042 1449 bene

114 1464 284 1543 acquisitis,
306 1464 344 1525 de
366 1465 510 1546 operibns
534 1466 633 1545 bonis,
657 1465 740 1541 dese
762 1467 862 1548 ipso·
883 1467 923 1528 'ut
944 1467 1041 1546 loqui·

115 1552 165 1608 tur
188 1546 227 1607 de
248 1547 369 1628 talibus,
392 1550 479 1629 qnasi
502 1569 563 1611 non
587 1548 960 1611 omnes'OhristianiDeo
982 1551 1042 1612 ista
1104 1577 1110 1587 ·

112 1629 266 1710 debeant,
299 1630 353 1692 ssd
387 1632 486 1693 solum
523 1651 597 1694 suae
625 1633 758 1712 virgines
782 1652 821 1692 ex
843 1632 1040 1711 abundantis,
1087 1670 1108 1712 ,-

114 1732 170 1774 sen
194 1733 235 1775 ex
257 1717 530 1795 supererogatione
556 1724 607 1787 (ut
628 1714 759 1798 vocent)
784 1715 850 1776 Deo
874 1721 1041 1796 praestent,
1086 1736 1089 1741 ·

116 1815 187 1857 oum
210 1804 313 1858 tamen
348 1798 449 1859 nullus
473 1799 664 1864 Christianus
697 1801 769 1860 setis
793 1799 891 1859 Deum
915 1798 1042 1881 diligere
1102 1851 1105 1856 .

114 1880 224 1960 possit.
268 1880 329 1942 sed
359 1883 440 1943 valet
467 1883 526 1944 iste
555 1882 746 1963 blasphemia
783 1881 820 1942 ed
849 1883 1042 1967 obscuranda

64 1984 69 1992 ·
115 1969 147 2024 et
168 1963 381 2028 ooneuloenda
403 1967 520 2046 optima
537 1966 590 2026 illa
613 1965 781 2047 sacrifi-oia,
805 1965 920 2026 scilieet
942 1967 1041 2027 laudis

117 2053 147 2106 et
170 2045 347 2109 afflietionis
370 2067 423 2108 seu
448 2047 691 2111 mortificationis
712 2049 801 2110 Rom.
827 2050 875 2126 12,
897 2057 929 2109 ut
951 2050 1041 2111 saoni-

115 2127 187 2191 iioia
208 2149 280 2191 sese
303 2130 430 2212 (idest,
453 2132 603 2212 Papistis)
629 2133 722 2213 digna
744 2131 857 2194 dooere
878 2134 1006 2214 possint.

199 2252 277 2314 lllud
300 2245 373 2317 ¹vero
403 2256 538 2316 maxime
560 2262 607 2316 est
629 2256 804 2337 magistrale
827 2262 857 2317 et
875 2255 1042 2330 doctorale,

117 2335 199 2418 quod
229 2336 425 2399 Aristotelem
465 2338 542 2398 'dieit
575 2343 604 2404 7.
634 2339 831 2400 Politioorum
865 2340 922 2399 tria
959 2339 1041 2401 bons
1161 2376 1164 2381 ν

116 2439 266 2498 asserere,
289 2421 487 2502 temporalis,
510 2423 700 2503 corporalia,
722 2422 905 2502 spiritualia,
929 2422 1041 2484 ethos

115 2504 217 2584 ipsum
241 2505 322 2565 enim
346 2506 477 2585 pertinet
498 2505 537 2566 ad
556 2505 730 2587 exemplum
756 2505 932 2585 theologiae
954 2505 1040 2585 papi·

116 2587 232 2666 stioae,
265 2585 347 2666 quod
377 2607 416 2647 ex
438 2589 605 2650 Aristotele
631 2589 681 2650 vel
714 2587 793 2649 false
819 2588 953 2667 allegato
991 2587 1065 2649 vel*-

115 2687 274 2749 nnnqnem
297 2669 454 2731 intellecto
488 2678 643 2732 ostentare
673 2671 775 2732 solent
799 2671 919 2751 sopiam
943 2671 1039 2732 soien·
1064 2710 1068 2717 -

116 2753 179 2813 tiae
202 2772 294 2832 suae,
326 2750 442 2814 tantum
465 2760 499 2814 ut
520 2754 646 2835 Christi,
681 2754 891 2834 apostolorum
921 2759 952 2814 et
972 2772 1041 2833 pro·

117 2834 280 2917 phetnrum
311 2855 425 2897 nomeu
460 2836 578 2917 absque
599 2837 776 2919 Synagogis
797 2836 918 2898 fasisnt.
963 2837 1065 2898 Nam<

115 2919 142 2978 is
166 2917 224 2979 fuit
244 2924 307 2978 tum
329 2919 409 3000 inter
432 2921 570 3001 Papistas
585 2921 874 2998 dootoralissimus,
911 2921 962 3000 qui
984 2921 1040 2981 fre·
1084 2987 1086 2992 ,

115 3007 245 3081 quenter
256 2999 453 3064 Aristotelem
467 3011 496 3064 et
513 3023 667 3083 nunquam
685 3003 847 3083 Christum,
858 3023 860 3026 ·
871 3004 1054 3084 apostolos,
1093 3024 1095 3029 ’

114 3083 166 3145 vel
187 3085 358 3166 prophetas
372 3087 466 3147 silere
481 3095 597 3166 posset,
621 3086 784 3168 magnifico
797 3087 914 3148 seilicet
936 3087 1039 3148 titulo:

112 3167 261 3247 Magister
282 3168 414 3248 gentilis,
436 3169 499 3233 ‘het
525 3170 668 3250 hetbntldpe
688 3169 819 3249 liteittem
843 3171 918 3231 tanti
940 3170 1040 3230 Theo·

115 3249 190 3331 logi,
212 3250 337 3330 gloriati
359 3252 492 3328 scilieet,
519 3253 602 3332 quod
630 3259 734 3313 essent
755 3252 895 3332 discipuli
918 3253 1039 3332 gentilis

112 3331 260 3411 hominis,
302 3334 352 3412 qui
385 3334 459 3394 nihil
495 3334 534 3395 de
562 3335 629 3397 Deo
660 3343 691 3396 et
724 3334 844 3396 christo
882 3336 1038 3414 cognovit.
1098 3383 1102 3390 .

112 3414 154 3476 ut
175 3417 253 3511 setis
274 3409 641 3513 lelieiterpromorerunt,
661 3438 731 3480 nam
755 3418 884 3479 eandem
898 3420 1040 3498 ignoran·
1147 3435 1149 3438 ⁴

111 3695 209 3751 snpra.
248 3681 273 3750 l)
294 3681 330 3737 Et
348 3679 456 3738 iuturus
475 3683 660 3755 archangelus
680 3639 816 3753 eoelestis,
835 3689 864 3741 et
878 3686 977 3740 Nonne
995 3689 1040 3742 est

112 3751 217 3826 engela
233 3753 372 3812 terrestris
391 3759 421 3811 st
439 3754 609 3827 archangele
627 3756 765 3813 eoelestis.
