2348 4162
332 213 371 271 ad
398 215 433 274 D.
451 217 595 274 Erasmum
612 218 837 277 Rotemdomurn.
907 293 909 297 7
987 220 1050 287 259

124 387 248 469 pliciter
275 391 461 474 accipimus,
495 409 535 451 ne
557 391 596 450 ait
624 386 751 452 necesso
774 392 871 454 Deum
899 412 1048 454 excusare

124 472 174 533 vel
194 473 365 554 iniquitatis
389 492 525 555 arguere.
562 473 638 534 Cum
661 475 742 534 enim
765 473 849 553 dicit,
870 475 938 558 Ego
961 475 1048 537 iudu-

124 556 201 617 rabo
225 575 280 619 cor
301 559 485 636 Pharaonis,
508 556 689 636 simpliciter
710 556 865 639 loquitur,
897 561 981 620 acsi
1004 561 1049 621 sic

126 637 257 701 diceret:
289 641 359 724 Ego
386 639 513 720 faciam,
547 647 580 700 ut
607 658 662 701 cor
687 640 855 719 Pharaonis
881 641 1049 721 induretur,

125 740 178 783 seu
212 730 247 785 ut
278 744 328 786 ure
357 729 506 805 operante
535 729 567 783 et
595 723 727 784 faciente
747 723 913 790 induretur.
958 724 1048 801 Quod

125 806 284 885 quomodo
300 807 545 884 flataudivimus,
568 807 686 868 scilicet
700 808 782 868 intus
803 807 941 888 generali
964 815 1048 869 motu

123 889 224 970 ipsam
256 891 389 955 movebo
417 889 608 951 voluntatem
632 891 762 969 malam,
796 899 829 952 ut
852 910 908 952 sno
932 891 1049 972 impetu

126 978 154 1033 et
174 992 267 1035 cursu
291 975 415 1037 volendi
437 979 561 1055 pergat,
597 992 655 1034 nec
676 973 805 1035 cessabo
837 993 963 1035 movere
991 993 1049 1036 nec

124 1073 253 1136 possum
274 1058 373 1120 aliter.
406 1057 493 1119 Foris
513 1075 586 1118 vero
610 1057 734 1118 offeram
758 1057 885 1118 verbum
907 1065 1048 1141 etopus,

125 1141 153 1199 in
176 1140 261 1220 quod
283 1143 434 1224 impinget
447 1141 579 1221 impetus
596 1141 647 1201 ille
664 1142 772 1223 malus,
795 1160 862 1202 cum
880 1141 962 1202 aliud
986 1160 1048 1203 non

128 1225 238 1304 possit,
269 1226 328 1285 nisi
352 1225 432 1285 male
454 1224 544 1304 velie,
569 1225 739 1306 meipsum
764 1225 876 1287 malum
900 1232 1047 1287 movente

129 1307 242 1369 virtute
264 1309 516 1390 omnipotentiae.

207 1389 260 1453 sio
281 1392 469 1452 certissimus
492 1395 609 1451 enatet
630 1390 798 1450 certissime
822 1391 1048 1472 pronunciabat

126 1471 219 1555 Deua,
241 1473 435 1536 Pharaonem
459 1492 528 1534 esse
550 1470 765 1554 indurandum,
789 1480 822 1533 ut
844 1477 895 1554 qui
917 1477 1046 1536 certissi-

126 1575 191 1617 mus
213 1565 296 1636 erat,
328 1557 496 1618 Pharaonis
518 1555 707 1616 voluntatem
736 1574 794 1616 nec
828 1559 922 1618 motui
952 1559 1047 1619 omni·

123 1641 283 1721 potentiae
314 1642 472 1720 resistere,
504 1657 564 1699 neo
587 1639 732 1699 malitiam
765 1658 851 1700 snam
881 1639 1046 1722 deponere,

123 1740 180 1787 aaa
214 1722 351 1809 oblatum
381 1722 590 1784 adversarium
612 1722 720 1782 Mosen
754 1721 913 1784 admittere
942 1743 1046 1805 posse,

123 1806 177 1869 sed
200 1813 346 1868 manente
368 1807 527 1869 voluntate
560 1806 625 1866 eius
660 1805 740 1865 mala
766 1807 941 1867 necessario
962 1807 1045 1888 peio-

122 1908 203 1971 rem,
236 1889 390 1952 duriorem
413 1896 443 1951 et
464 1888 673 1969 superbiorem
695 1886 776 1968 fieri,
810 1888 881 1950 dum
904 1909 994 1950 cursu
1017 1899 1047 1950 et

123 1973 240 2053 impetu
261 1992 318 2035 sno
341 1974 525 2054 impingeret
546 1972 576 2032 in
599 1971 639 2051 id,
663 1970 745 2051 quod
763 1973 889 2034 nolebat
909 1979 939 2033 et
961 1972 1044 2054 qnod

123 2056 361 2136 contemnebat,
383 2055 518 2118 confisus
541 2056 681 2136 potentia
701 2074 766 2118 sua.
811 2056 856 2116 lta
878 2056 964 2117 vides
986 2057 1045 2138 hic,

123 2141 214 2201 etiam
237 2139 300 2201 hoc
320 2141 389 2222 ipso
412 2139 509 2201 verbo
533 2137 717 2216 confirmari,
739 2139 867 2200 liberum
890 2140 1043 2201 arbitrium

122 2222 196 2284 nibil
218 2223 277 2284 nisi
298 2224 414 2284 malum
435 2241 539 2303 posse,
562 2222 632 2282 dnm
656 2220 753 2303 Deus,
775 2224 825 2302 qui
848 2241 910 2284 non
935 2223 1046 2284 fallitur

121 2306 297 2388 ignorantia
326 2326 384 2368 nec
406 2306 550 2366 mentitur
572 2306 721 2385 nequitia,
757 2312 818 2366 tam
847 2325 955 2367 secure
977 2326 1046 2387 pro-

122 2391 213 2451 mittit
229 2389 456 2451 indurationem
473 2388 651 2467 Pharaonis,
674 2397 774 2448 certus
788 2388 939 2469 videlicet,
962 2388 1045 2469 quod

121 2470 266 2534 voluntas
290 2473 454 2534 mala'non
477 2472 534 2533 nisi
557 2472 669 2532 malum
693 2470 772 2531 velle
795 2473 909 2552 possit,
940 2481 970 2532 et
993 2472 1045 2536 ob-

121 2554 185 2619 lato
208 2555 293 2618 bono
315 2557 373 2618 sibi
396 2556 553 2617 contrario
576 2554 717 2616 nonnisi
740 2556 828 2634 peior
850 2554 916 2623 fleri
938 2557 1045 2636 possit.

204 2639 337 2719 Reliqua
357 2640 451 2720 igitur
473 2644 558 2715 sunt,
583 2643 616 2697 ut
639 2644 767 2717 quaerat
789 2638 957 2718 quispiam,
993 2658 1046 2699 cur

121 2721 206 2784 Deus
228 2741 293 2784 non
315 2729 416 2783 cesset
437 2723 476 2784 ab
498 2723 566 2801 ipso
590 2729 675 2781 motu
699 2722 956 2801 omnipotentiae,
985 2740 1045 2801 quo

122 2805 266 2869 uoluntas
287 2806 450 2886 impiorum
480 2812 634 2884 movetur,
671 2810 703 2864 nt
731 2812 840 2886 pergat
868 2805 949 2871 mala
977 2824 1046 2865 esse

123 2896 152 2951 at
174 2890 265 2973 peior
286 2887 371 2951 fieri?
414 2887 647 2969 Respondetur:
681 2887 748 2948 Hoc
779 2894 826 2948 est
855 2895 977 2969 optare,
1014 2895 1048 2949 ut

121 2970 206 3035 Deus
232 2979 358 3053 propter
378 2973 490 3052 impios
515 2970 636 3031 desinat
659 2990 728 3032 esse
750 2971 853 3051 Deus,
887 2972 958 3032 dum
982 2972 1046 3032 eius

122 3057 264 3118 virtutem
288 3064 318 3117 et
341 3057 494 3116 actionem
517 3063 604 3134 optat
619 3073 750 3135 cessare,
774 3055 892 3116 seilicet
916 3062 948 3115 ut
969 3054 1046 3116 desi·
1075 3099 1079 3105 .

123 3146 178 3201 uat
199 3158 270 3200 ease
290 3138 409 3219 bonus,
442 3158 481 3199 ue
509 3137 552 3198 illi
574 3136 648 3197 fiant
669 3139 801 3217 peiores.
844 3138 888 3199 At
909 3157 962 3199 our
983 3157 1046 3199 non

121 3222 212 3283 simul
246 3230 344 3283 mutat
366 3223 540 3282 voluntates
563 3221 675 3302 malas,
711 3239 786 3300 quaa
811 3221 937 3281 movet?
980 3221 1048 3282 Hoc

141 3307 256 3367 ertinet
278 3305 316 3366 ad
339 3313 459 3366 secreta
482 3305 661 3383 maiestatis,
683 3304 735 3364 ubi
757 3305 1047 3384 incomprehensibi·

119 3323 163 3459 fia
184 3394 256 3451 sunt
276 3387 390 3450 iudicia
411 3389 485 3452 eins.
528 3387 594 3448 Nec
632 3395 768 3447 nostrum
796 3387 857 3449 hoc
888 3393 936 3447 est
957 3405 1048 3467 quae-

122 3490 207 3554 rere,
230 3471 286 3533 sed
309 3471 439 3533 adorare
464 3472 609 3551 mysteria
630 3470 717 3533 haec.
761 3469 900 3546 Quodsi
923 3489 995 3530 caro
1018 3476 1049 3530 et

123 3555 249 3636 sanguis
271 3555 321 3615 bic
344 3552 464 3616 offensa
485 3561 664 3633 murmuret,
688 3559 854 3614 murmuret
875 3573 966 3635 sane,
994 3553 1048 3615 sed

123 3638 196 3699 nibil
217 3636 341 3717 efficiet,
365 3638 447 3699 Deus
468 3637 538 3699 ideo
562 3657 624 3699 non
647 3636 820 3700 mutabitur.
863 3635 902 3698 Et
923 3637 949 3698 ai
962 3655 1049 3698 scan-

124 3721 245 3785 dalisati
266 3722 352 3805 impii
373 3720 535 3787 discedant
562 3740 652 3804 quam
675 3721 814 3874 plurimi,
820 3718 925 3839 *electi
946 3727 1049 3784 tamen
1089 3805 1093 3811 Ι
