2348 4162
291 253 317 297 e.
334 254 400 311 pap.
419 243 450 299 et
464 244 538 312 port.
558 239 607 298 ini.
626 247 717 301 ronst.
733 234 893 299 amarantis
983 238 1060 309 481,

123 408 238 471 Paulus
259 411 319 491 ait,
341 410 498 473 lavacrum
521 430 589 473 eum
612 412 723 491 verbo,
756 413 836 473 sieut
856 418 887 474 et
903 410 1048 493 Augusti·

124 511 181 555 nus
203 493 260 554 ait:
294 493 433 557 Aooedat
454 493 580 556 verbum
614 496 653 557 ad
677 496 861 557 elementum
892 502 923 557 et
942 495 978 556 tlt
998 516 1047 558 sa·

123 581 342 639 aeramentum.
385 577 489 652 Quare
525 596 589 640 non
627 579 810 640 assentimur
841 578 980 641 Thomas
1017 584 1048 641 et

124 659 286 720 monacbis
306 660 586 740 praedicatoribus,
621 663 672 741 qui
700 661 800 744 (verbi
822 660 943 725 divinae
964 662 1048 724 insti·

123 742 251 804 tutionis
284 742 385 818 obliti)
421 743 535 805 dorent
556 744 653 805 Deum
688 744 835 807 infudisse
868 746 900 806 in
935 764 1047 825 aquam

122 825 312 907 spiritualem
347 829 532 906 potentiam,
569 846 649 907 quae
687 828 792 889 abluat
827 834 956 908 pearata
993 847 1048 908 per

122 927 246 989 aquam.
288 908 396 991 Neque
424 911 607 971 assentimur
628 910 723 973 Seoto
745 917 776 973 et
798 911 964 992 Minoritis,
995 911 1046 991 qui

122 992 199 1053 nihil
222 992 328 1053 dieunt
355 992 394 1053 de
417 994 584 1055 ministerio
608 1001 638 1054 et
658 994 737 1072 lide,
770 1013 827 1056 neo
860 996 973 1057 docent
994 1014 1049 1076 per

123 1075 250 1137 verbum
273 1081 303 1136 et
324 1082 517 1137 sacramenta
539 1076 604 1137 duri
626 1076 771 1163 Spiritum
795 1085 945 1143 sanetum.

381 1193 428 1254 De
451 1193 604 1274 baptismo
626 1194 798 1256 infantium.
897 1193 904 1206 “

207 1309 362 1373 Sentimus
382 1311 515 1371 infantes
537 1330 606 1372 esse
628 1310 841 1392 baptizandos,
864 1312 935 1391 quia
956 1311 1048 1392 perti·

122 1400 199 1456 nent
220 1395 312 1455 etiam
347 1393 386 1455 ad
416 1395 600 1474 promissum
622 1394 865 1476 redemptionem
888 1413 942 1475 per
963 1394 1048 1455 chri·

121 1486 225 1558 stum3
247 1485 277 1538 st
300 1477 432 1539 eeclesia
453 1476 546 1539 debet
570 1477 641 1539 illos
664 1473 788 1539 Obristo
811 1477 931 1540 offerre.

388 1595 435 1655 De
457 1601 651 1656 sacramento
673 1594 788 1656 altaris.

207 1692 361 1755 Sentimus
394 1713 504 1776 panem
543 1702 573 1755 et
603 1696 706 1755 vinum
737 1696 767 1754 in
800 1712 900 1755 ooena
923 1693 1047 1755 Domini

122 1796 194 1839 esse
217 1797 322 1838 verum
344 1796 456 1858 eorpus
469 1783 500 1838 et
520 1779 701 1859 sanguinem
714 1777 837 1858 Christi,
860 1783 1046 1837 neetantum

121 1861 239 1944 porrigi
261 1866 293 1921 et
313 1862 391 1921 sumi
414 1861 513 1941 apiis,
536 1880 642 1921 verum
666 1861 757 1922 etiam
781 1860 819 1921 ab
840 1861 950 1941 impiis.
972 1861 1048 1921 ltem

121 1963 186 2005 non
208 1962 278 2004 esse
300 1943 518 2024 porrigendum
540 1949 765 2005 sacramentum
789 1942 846 2004 sub
861 1943 1046 2024 unuspeoie.

120 2026 231 2107 Neque
260 2045 333 2088 vero
368 2026 540 2107 indigemus
574 2027 627 2088 illa
659 2047 779 2087 summa
800 2026 945 2105 seientia,
966 2044 1047 2107 quae

120 2128 180 2171 nos
203 2108 323 2189 doeeat,
346 2114 463 2170 tantum
486 2129 554 2170 esse
583 2110 639 2171 sub
663 2131 723 2172 una
745 2111 866 2192 speeie,
899 2116 1045 2189 quantum

120 2193 162 2254 sit
184 2191 241 2253 sub
265 2199 409 2272 utraque,
445 2199 477 2252 ut
500 2192 614 2255 dooent
635 2192 799 2275 Sophistae
821 2201 851 2255 et
873 2193 1046 2254 Concilium

121 2274 371 2341 Constantiense.
414 2275 544 2337 Etiamsi
573 2278 653 2337 enim
677 2296 780 2337 verum
806 2280 905 2354 esset,
927 2281 1054 2340 tantum,

121 2377 193 2420 esse
214 2357 270 2420 snb
291 2378 353 2419 una
374 2359 494 2441 speeie,
517 2365 663 2439 quantum
686 2366 734 2419 est
755 2358 811 2420 sub
835 2365 977 2437 utraque,
1003 2364 1047 2419 ta·

120 2461 194 2503 men
221 2461 283 2502 uno
304 2446 421 2503 tantum
444 2443 564 2522 speeies
587 2459 649 2502 non
671 2448 718 2502 est
740 2450 805 2503 tota
827 2440 980 2502 ordinatio
1004 2447 1046 2502 at

121 2544 184 2607 que
210 2526 359 2587 institutio
382 2545 401 2586 a
423 2524 544 2585 Christo
575 2523 686 2585 tradita
708 2529 739 2584 et
761 2523 914 2588 mandatu.
959 2524 1047 2585 Prae-

121 2610 212 2691 eipue
242 2614 344 2671 autem
369 2607 548 2669 damnamus
576 2615 608 2668 et
628 2608 659 2667 in
682 2608 806 2668 nomine
828 2608 884 2667 Dei
907 2626 1047 2667 exseora·

121 2711 191 2753 mur
212 2692 297 2768 illos,
330 2693 381 2772 qui
409 2710 470 2752 non
494 2691 594 2752 solum
617 2696 778 2770 utramque
800 2691 935 2772 speeiem
958 2692 1047 2751 omit·

120 2780 207 2855 tunt,
237 2774 292 2835 sed
314 2775 407 2835 etiam
429 2775 594 2855 imperiose
616 2773 789 2856 prohibent,
811 2775 967 2854 damnant,
991 2772 1049 2833 ori·

121 2860 277 2921 minantur
311 2864 455 2937 tanquam
478 2858 635 2935 haeresin,
665 2863 757 2936 atque
778 2857 809 2917 in
833 2875 871 2918 eo
894 2875 929 2917 se
951 2874 1046 2938 oppo-

121 2946 199 3003 nunt
220 2948 251 3002 et
272 2949 465 3022 praeponunt
487 2940 606 3002 christo
629 2941 765 3002 Domino
787 2948 817 3000 et
839 2940 906 3000 Deo
929 2946 1047 3001 nostro.

120 3024 170 3085 De
190 3023 532 3086 transsubstantiatione
555 3023 627 3084 nihil
657 3042 813 3085 moramur
836 3024 970 3103 argutias
992 3021 1048 3083 So-

121 3107 279 3190 phistioas,
302 3126 413 3189 panem
435 3115 465 3166 et
486 3107 588 3167 vinum
611 3108 752 3168 amittere
765 3125 852 3166 suam
874 3104 1044 3166 naturalem

120 3191 335 3270 substantiam,
358 3196 390 3251 et
410 3189 539 3269 relinqui
562 3196 679 3250 tantum
702 3190 830 3250 formam
855 3194 887 3249 et
908 3187 1045 3251 oolorem

122 3275 231 3357 panis,
253 3292 314 3335 noo
338 3293 443 3334 verum
464 3293 585 3354 panem.
629 3271 752 3354 Optime
774 3273 854 3333 enim
879 3270 1046 3332 oouoordat

121 3376 193 3419 oum
216 3376 306 3418 saura
327 3356 484 3437 Soriptnra
505 3375 617 3438 panem
638 3356 678 3416 ibi
702 3375 771 3417 esse
783 3363 814 3416 et
826 3373 965 3434 manere,
988 3353 1048 3413 aio·

120 3448 156 3502 ut
176 3441 244 3523 ipse
255 3439 287 3503 S.
299 3439 412 3502 Paulus
444 3439 594 3521 appellat:
618 3438 731 3499 Panem
754 3458 845 3519 quem
867 3438 1046 3518 frangimus,

120 3525 208 3607 item,
231 3523 283 3587 sie
303 3522 448 3585 eomedat
470 3523 508 3583 de
530 3541 620 3604 pane.

479 3627 526 3688 De
549 3626 695 3691 oloribus.

207 3728 319 3791 Claves
342 3734 417 3790 suut.
435 3746 543 3789 munus
567 3735 598 3789 et
614 3732 752 3809 potestas
764 3724 914 3787 ecelesiae
935 3723 1048 3787 uchri·

149 3841 242 3884 bothert
255 3852 308 3894 opp.
322 3843 349 3885 V.
357 3841 386 3883 A.
400 3841 430 3883 sd
443 3841 484 3884 ret.
496 3841 548 3883 hut
561 3841 578 3883 t.
591 3851 615 3893 p.
630 3839 738 3883 vouvu.
842 3809 880 3874 31
