<?xml version="1.0" encoding="UTF-8"?>
<!DOCTYPE html PUBLIC "-//W3C//DTD XHTML 1.0 Transitional//EN"
    "http://www.w3.org/TR/xhtml1/DTD/xhtml1-transitional.dtd">
<html xmlns="http://www.w3.org/1999/xhtml" xml:lang="en" lang="en">
 <head>
  <title>
</title>
<meta http-equiv="Content-Type" content="text/html;charset=utf-8" />
  <meta name='ocr-system' content='tesseract 3.04.00' />
  <meta name='ocr-capabilities' content='ocr_page ocr_carea ocr_par ocr_line ocrx_word'/>
</head>
<body>
  <div class='ocr_page' id='page_1' title='image "./dmartinilutheri02luthgoog_0363.png"; bbox 0 0 2348 4162; ppageno 0'>
   <div class='ocr_carea' id='block_1_1' title="bbox 200 254 876 353">
    <p class='ocr_par' dir='ltr' id='par_1_1' title="bbox 200 254 876 353">
     <span class='ocr_line' id='line_1_1' title="bbox 200 254 876 353; baseline -0.016 -30"><span class='ocrx_word' id='word_1_1' title='bbox 200 255 264 323; x_wconf 83' lang='lat'>350</span> <span class='ocrx_word' id='word_1_2' title='bbox 448 257 492 312; x_wconf 89' lang='lat' dir='ltr'>Dc</span> <span class='ocrx_word' id='word_1_3' title='bbox 503 271 595 353; x_wconf 43' lang='lat' dir='ltr'><strong>servo·</strong></span> <span class='ocrx_word' id='word_1_4' title='bbox 604 254 720 312; x_wconf 86' lang='lat' dir='ltr'>arbitrio</span> <span class='ocrx_word' id='word_1_5' title='bbox 738 256 773 312; x_wconf 86' lang='lat' dir='ltr'>D.</span> <span class='ocrx_word' id='word_1_6' title='bbox 792 256 828 311; x_wconf 90' lang='lat' dir='ltr'>u.</span> <span class='ocrx_word' id='word_1_7' title='bbox 845 256 876 312; x_wconf 81' lang='lat' dir='ltr'>L.</span> 
     </span>
    </p>
   </div>
   <div class='ocr_carea' id='block_1_2' title="bbox 198 425 1125 3504">
    <p class='ocr_par' dir='ltr' id='par_1_2' title="bbox 200 425 1125 1071">
     <span class='ocr_line' id='line_1_2' title="bbox 204 425 1125 508; baseline -0.002 -20"><span class='ocrx_word' id='word_1_8' title='bbox 204 432 261 504; x_wconf 89' lang='lat' dir='ltr'>est,</span> <span class='ocrx_word' id='word_1_9' title='bbox 283 445 344 506; x_wconf 92' lang='lat' dir='ltr'>quo</span> <span class='ocrx_word' id='word_1_10' title='bbox 367 425 581 508; x_wconf 85' lang='lat' dir='ltr'>iustificemur,</span> <span class='ocrx_word' id='word_1_11' title='bbox 604 428 662 488; x_wconf 90' lang='lat' dir='ltr'>nisi</span> <span class='ocrx_word' id='word_1_12' title='bbox 684 426 777 508; x_wconf 89' lang='lat' dir='ltr'>fides,</span> <span class='ocrx_word' id='word_1_13' title='bbox 812 425 938 488; x_wconf 89' lang='lat' dir='ltr'>evidens</span> <span class='ocrx_word' id='word_1_14' title='bbox 961 432 1025 507; x_wconf 85' lang='lat' dir='ltr'>est,</span> <span class='ocrx_word' id='word_1_15' title='bbox 1059 446 1125 505; x_wconf 88' lang='lat' dir='ltr'>eos,</span> 
     </span>
     <span class='ocr_line' id='line_1_3' title="bbox 202 508 1123 590; baseline 0.002 -21"><span class='ocrx_word' id='word_1_16' title='bbox 202 512 341 590; x_wconf 86' lang='lat' dir='ltr'>quisine</span> <span class='ocrx_word' id='word_1_17' title='bbox 378 508 439 571; x_wconf 87' lang='lat' dir='ltr'>fide</span> <span class='ocrx_word' id='word_1_18' title='bbox 461 517 549 590; x_wconf 88' lang='lat' dir='ltr'>sunt,</span> <span class='ocrx_word' id='word_1_19' title='bbox 581 511 717 571; x_wconf 92' lang='lat' dir='ltr'>nondum</span> <span class='ocrx_word' id='word_1_20' title='bbox 740 509 920 572; x_wconf 85' lang='lat' dir='ltr'>iustificatos</span> <span class='ocrx_word' id='word_1_21' title='bbox 942 529 1030 588; x_wconf 86' lang='lat' dir='ltr'>esse,</span> <span class='ocrx_word' id='word_1_22' title='bbox 1062 529 1123 571; x_wconf 91' lang='lat' dir='ltr'>non</span> 
     </span>
     <span class='ocr_line' id='line_1_4' title="bbox 200 592 1123 675; baseline 0 -22"><span class='ocrx_word' id='word_1_23' title='bbox 200 592 355 653; x_wconf 88' lang='lat' dir='ltr'>iustificati</span> <span class='ocrx_word' id='word_1_24' title='bbox 378 612 451 654; x_wconf 89' lang='lat' dir='ltr'><strong>vero</strong></span> <span class='ocrx_word' id='word_1_25' title='bbox 473 599 654 675; x_wconf 77' lang='lat' dir='ltr'><strong>peccatores</strong></span> <span class='ocrx_word' id='word_1_26' title='bbox 676 600 757 672; x_wconf 86' lang='lat' dir='ltr'>sunt,</span> <span class='ocrx_word' id='word_1_27' title='bbox 779 602 961 674; x_wconf 72' lang='lat' dir='ltr'><strong>peccatores</strong></span> <span class='ocrx_word' id='word_1_28' title='bbox 986 612 1062 655; x_wconf 88' lang='lat' dir='ltr'><strong>vero</strong></span> <span class='ocrx_word' id='word_1_29' title='bbox 1079 612 1123 653; x_wconf 90' lang='lat' dir='ltr'>ar·</span> 
     </span>
     <span class='ocr_line' id='line_1_5' title="bbox 201 676 1122 757; baseline -0.002 -20"><span class='ocrx_word' id='word_1_30' title='bbox 201 676 293 737; x_wconf 90' lang='lat' dir='ltr'>bores</span> <span class='ocrx_word' id='word_1_31' title='bbox 316 677 415 738; x_wconf 91' lang='lat' dir='ltr'>maiae</span> <span class='ocrx_word' id='word_1_32' title='bbox 436 684 524 755; x_wconf 86' lang='lat' dir='ltr'>sunt,</span> <span class='ocrx_word' id='word_1_33' title='bbox 556 696 614 737; x_wconf 91' lang='lat' dir='ltr'>nec</span> <span class='ocrx_word' id='word_1_34' title='bbox 641 683 773 756; x_wconf 93' lang='lat' dir='ltr'>possunt</span> <span class='ocrx_word' id='word_1_35' title='bbox 793 678 950 757; x_wconf 78' lang='lat' dir='ltr'>quippiam</span> <span class='ocrx_word' id='word_1_36' title='bbox 973 677 1034 737; x_wconf 92' lang='lat' dir='ltr'>nisi</span> <span class='ocrx_word' id='word_1_37' title='bbox 1056 695 1122 756; x_wconf 84' lang='lat' dir='ltr'>pec</span> 
     </span>
     <span class='ocr_line' id='line_1_6' title="bbox 200 758 1122 834; baseline 0.002 -16"><span class='ocrx_word' id='word_1_38' title='bbox 200 779 270 820; x_wconf 90' lang='lat' dir='ltr'><strong>care</strong></span> <span class='ocrx_word' id='word_1_39' title='bbox 313 768 344 820; x_wconf 89' lang='lat' dir='ltr'>et</span> <span class='ocrx_word' id='word_1_40' title='bbox 376 760 489 820; x_wconf 89' lang='lat' dir='ltr'>fructus</span> <span class='ocrx_word' id='word_1_41' title='bbox 518 761 617 821; x_wconf 89' lang='lat' dir='ltr'>malos</span> <span class='ocrx_word' id='word_1_42' title='bbox 639 761 726 825; x_wconf 86' lang='lat' dir='ltr'><strong>serre.</strong></span> <span class='ocrx_word' id='word_1_43' title='bbox 769 758 871 834; x_wconf 78' lang='lat' dir='ltr'>Quare</span> <span class='ocrx_word' id='word_1_44' title='bbox 893 759 1024 821; x_wconf 86' lang='lat' dir='ltr'>liberum</span> <span class='ocrx_word' id='word_1_45' title='bbox 1048 761 1122 820; x_wconf 88' lang='lat' dir='ltr'>arbi·</span> 
     </span>
     <span class='ocr_line' id='line_1_7' title="bbox 200 842 1122 923; baseline 0.001 -20"><span class='ocrx_word' id='word_1_46' title='bbox 200 845 288 904; x_wconf 90' lang='lat' dir='ltr'>trium</span> <span class='ocrx_word' id='word_1_47' title='bbox 323 843 398 903; x_wconf 90' lang='lat' dir='ltr'><strong>nihil</strong></span> <span class='ocrx_word' id='word_1_48' title='bbox 420 851 484 922; x_wconf 84' lang='lat' dir='ltr'>est,</span> <span class='ocrx_word' id='word_1_49' title='bbox 507 845 564 904; x_wconf 92' lang='lat' dir='ltr'>nisi</span> <span class='ocrx_word' id='word_1_50' title='bbox 589 863 710 904; x_wconf 87' lang='lat' dir='ltr'>servum</span> <span class='ocrx_word' id='word_1_51' title='bbox 733 844 866 923; x_wconf 80' lang='lat' dir='ltr'>peccati,</span> <span class='ocrx_word' id='word_1_52' title='bbox 888 845 996 904; x_wconf 87' lang='lat' dir='ltr'>mortis</span> <span class='ocrx_word' id='word_1_53' title='bbox 1019 850 1051 904; x_wconf 86' lang='lat' dir='ltr'>et</span> <span class='ocrx_word' id='word_1_54' title='bbox 1072 842 1122 904; x_wconf 79' lang='lat' dir='ltr'>Sa·</span> 
     </span>
     <span class='ocr_line' id='line_1_8' title="bbox 202 926 1123 1009; baseline 0 -23"><span class='ocrx_word' id='word_1_55' title='bbox 202 933 308 1006; x_wconf 86' lang='lat' dir='ltr'>tanae,</span> <span class='ocrx_word' id='word_1_56' title='bbox 330 927 404 987; x_wconf 91' lang='lat' dir='ltr'><strong>nihii</strong></span> <span class='ocrx_word' id='word_1_57' title='bbox 426 927 542 988; x_wconf 85' lang='lat' dir='ltr'>iaciens</span> <span class='ocrx_word' id='word_1_58' title='bbox 564 945 665 1006; x_wconf 92' lang='lat' dir='ltr'>neque</span> <span class='ocrx_word' id='word_1_59' title='bbox 686 933 798 1009; x_wconf 91' lang='lat' dir='ltr'>potens</span> <span class='ocrx_word' id='word_1_60' title='bbox 820 926 921 987; x_wconf 86' lang='lat' dir='ltr'><strong>iacere</strong></span> <span class='ocrx_word' id='word_1_61' title='bbox 942 934 997 988; x_wconf 91' lang='lat' dir='ltr'>aut</span> <span class='ocrx_word' id='word_1_62' title='bbox 1020 927 1123 987; x_wconf 88' lang='lat' dir='ltr'><strong>conari</strong></span> 
     </span>
     <span class='ocr_line' id='line_1_9' title="bbox 202 1009 405 1071; baseline 0.005 -1"><span class='ocrx_word' id='word_1_63' title='bbox 202 1011 260 1070; x_wconf 91' lang='lat' dir='ltr'>nisi</span> <span class='ocrx_word' id='word_1_64' title='bbox 281 1009 405 1071; x_wconf 88' lang='lat' dir='ltr'>maium.</span> 
     </span>
    </p>

    <p class='ocr_par' dir='ltr' id='par_1_3' title="bbox 198 1090 1124 3504">
     <span class='ocr_line' id='line_1_10' title="bbox 285 1090 1121 1173; baseline -0.004 -20"><span class='ocrx_word' id='word_1_65' title='bbox 285 1091 375 1154; x_wconf 89' lang='lat' dir='ltr'>Adde</span> <span class='ocrx_word' id='word_1_66' title='bbox 399 1092 575 1173; x_wconf 88' lang='lat' dir='ltr'>exemplum</span> <span class='ocrx_word' id='word_1_67' title='bbox 604 1092 676 1153; x_wconf 91' lang='lat' dir='ltr'>iilud</span> <span class='ocrx_word' id='word_1_68' title='bbox 702 1093 799 1173; x_wconf 80' lang='lat' dir='ltr'>Capit.</span> <span class='ocrx_word' id='word_1_69' title='bbox 825 1095 864 1158; x_wconf 90' lang='lat'>10</span> <span class='ocrx_word' id='word_1_70' title='bbox 895 1111 935 1152; x_wconf 89' lang='lat' dir='ltr'>ex</span> <span class='ocrx_word' id='word_1_71' title='bbox 956 1090 1052 1152; x_wconf 78' lang='lat' dir='ltr'>Esaia</span> <span class='ocrx_word' id='word_1_72' title='bbox 1073 1091 1121 1151; x_wconf 87' lang='lat' dir='ltr'>ad·</span> 
     </span>
     <span class='ocr_line' id='line_1_11' title="bbox 199 1168 1122 1255; baseline -0.001 -20"><span class='ocrx_word' id='word_1_73' title='bbox 199 1175 337 1236; x_wconf 90' lang='lat' dir='ltr'>ductum:</span> <span class='ocrx_word' id='word_1_74' title='bbox 372 1175 516 1236; x_wconf 87' lang='lat' dir='ltr'>Inventus</span> <span class='ocrx_word' id='word_1_75' title='bbox 539 1195 605 1236; x_wconf 91' lang='lat' dir='ltr'>sum</span> <span class='ocrx_word' id='word_1_76' title='bbox 628 1168 730 1237; x_wconf 74' lang='lat' dir='ltr'>a&#39;non</span> <span class='ocrx_word' id='word_1_77' title='bbox 753 1175 987 1255; x_wconf 86' lang='lat' dir='ltr'>quaerentibus,</span> <span class='ocrx_word' id='word_1_78' title='bbox 1022 1174 1122 1255; x_wconf 90' lang='lat' dir='ltr'>palam</span> 
     </span>
     <span class='ocr_line' id='line_1_12' title="bbox 201 1257 1122 1340; baseline 0.002 -23"><span class='ocrx_word' id='word_1_79' title='bbox 201 1258 328 1340; x_wconf 87' lang='lat' dir='ltr'>apparui</span> <span class='ocrx_word' id='word_1_80' title='bbox 349 1259 413 1335; x_wconf 81' lang='lat' dir='ltr'>his,</span> <span class='ocrx_word' id='word_1_81' title='bbox 446 1260 497 1339; x_wconf 92' lang='lat' dir='ltr'>qui</span> <span class='ocrx_word' id='word_1_82' title='bbox 525 1279 658 1320; x_wconf 87' lang='lat' dir='ltr'>menon</span> <span class='ocrx_word' id='word_1_83' title='bbox 694 1259 932 1339; x_wconf 82' lang='lat' dir='ltr'>interrogabant.</span> <span class='ocrx_word' id='word_1_84' title='bbox 976 1258 1064 1318; x_wconf 89' lang='lat' dir='ltr'>Haec</span> <span class='ocrx_word' id='word_1_85' title='bbox 1086 1257 1122 1319; x_wconf 84' lang='lat' dir='ltr'>dc</span> 
     </span>
     <span class='ocr_line' id='line_1_13' title="bbox 201 1341 1123 1421; baseline -0.001 -19"><span class='ocrx_word' id='word_1_86' title='bbox 201 1341 343 1420; x_wconf 85' lang='lat' dir='ltr'>gentibus</span> <span class='ocrx_word' id='word_1_87' title='bbox 366 1341 448 1420; x_wconf 84' lang='lat' dir='ltr'>dicit,</span> <span class='ocrx_word' id='word_1_88' title='bbox 471 1342 554 1421; x_wconf 87' lang='lat' dir='ltr'>quod</span> <span class='ocrx_word' id='word_1_89' title='bbox 578 1342 729 1405; x_wconf 82' lang='lat' dir='ltr'>Christum</span> <span class='ocrx_word' id='word_1_90' title='bbox 753 1342 858 1403; x_wconf 89' lang='lat' dir='ltr'>audire</span> <span class='ocrx_word' id='word_1_91' title='bbox 881 1348 911 1401; x_wconf 89' lang='lat' dir='ltr'>et</span> <span class='ocrx_word' id='word_1_92' title='bbox 933 1360 1123 1421; x_wconf 80' lang='lat' dir='ltr'><strong>cognoscere</strong></span> 
     </span>
     <span class='ocr_line' id='line_1_14' title="bbox 199 1424 1123 1506; baseline 0 -21"><span class='ocrx_word' id='word_1_93' title='bbox 199 1425 258 1486; x_wconf 90' lang='lat' dir='ltr'>iilis</span> <span class='ocrx_word' id='word_1_94' title='bbox 282 1425 385 1485; x_wconf 90' lang='lat' dir='ltr'>datum</span> <span class='ocrx_word' id='word_1_95' title='bbox 408 1426 457 1502; x_wconf 83' lang='lat' dir='ltr'>sit,</span> <span class='ocrx_word' id='word_1_96' title='bbox 480 1445 549 1485; x_wconf 90' lang='lat' dir='ltr'><strong>curn</strong></span> <span class='ocrx_word' id='word_1_97' title='bbox 574 1445 630 1486; x_wconf 90' lang='lat' dir='ltr'>nec</span> <span class='ocrx_word' id='word_1_98' title='bbox 652 1427 789 1506; x_wconf 83' lang='lat' dir='ltr'>cogitare</span> <span class='ocrx_word' id='word_1_99' title='bbox 811 1431 903 1486; x_wconf 89' lang='lat' dir='ltr'>antea</span> <span class='ocrx_word' id='word_1_100' title='bbox 926 1424 964 1486; x_wconf 90' lang='lat' dir='ltr'>de</span> <span class='ocrx_word' id='word_1_101' title='bbox 987 1427 1057 1504; x_wconf 91' lang='lat' dir='ltr'>ipso</span> <span class='ocrx_word' id='word_1_102' title='bbox 1072 1443 1123 1505; x_wconf 94' lang='lat' dir='ltr'>po·</span> 
     </span>
     <span class='ocr_line' id='line_1_15' title="bbox 200 1506 1123 1589; baseline 0 -22"><span class='ocrx_word' id='word_1_103' title='bbox 200 1509 331 1588; x_wconf 80' lang='lat' dir='ltr'>tuerint,</span> <span class='ocrx_word' id='word_1_104' title='bbox 366 1507 461 1570; x_wconf 88' lang='lat' dir='ltr'>multo</span> <span class='ocrx_word' id='word_1_105' title='bbox 490 1510 589 1568; x_wconf 91' lang='lat' dir='ltr'>minus</span> <span class='ocrx_word' id='word_1_106' title='bbox 612 1528 761 1589; x_wconf 77' lang='lat' dir='ltr'><strong>quaerere</strong></span> <span class='ocrx_word' id='word_1_107' title='bbox 784 1516 836 1569; x_wconf 90' lang='lat' dir='ltr'>aut</span> <span class='ocrx_word' id='word_1_108' title='bbox 858 1527 892 1568; x_wconf 91' lang='lat' dir='ltr'>se</span> <span class='ocrx_word' id='word_1_109' title='bbox 915 1508 944 1568; x_wconf 89' lang='lat' dir='ltr'>vi</span> <span class='ocrx_word' id='word_1_110' title='bbox 968 1506 1056 1568; x_wconf 86' lang='lat' dir='ltr'>tiberi</span> <span class='ocrx_word' id='word_1_111' title='bbox 1078 1527 1123 1567; x_wconf 89' lang='lat' dir='ltr'>ar-</span> 
     </span>
     <span class='ocr_line' id='line_1_16' title="bbox 201 1591 1122 1672; baseline 0 -22"><span class='ocrx_word' id='word_1_112' title='bbox 201 1591 279 1650; x_wconf 86' lang='lat' dir='ltr'>bitrii</span> <span class='ocrx_word' id='word_1_113' title='bbox 303 1591 433 1651; x_wconf 90' lang='lat' dir='ltr'>adeum</span> <span class='ocrx_word' id='word_1_114' title='bbox 466 1611 659 1672; x_wconf 86' lang='lat' dir='ltr'>praeparare.</span> <span class='ocrx_word' id='word_1_115' title='bbox 703 1593 771 1652; x_wconf 89' lang='lat' dir='ltr'>Hoc</span> <span class='ocrx_word' id='word_1_116' title='bbox 792 1591 936 1671; x_wconf 86' lang='lat' dir='ltr'>exemplo</span> <span class='ocrx_word' id='word_1_117' title='bbox 959 1591 1036 1651; x_wconf 91' lang='lat' dir='ltr'>satis</span> <span class='ocrx_word' id='word_1_118' title='bbox 1060 1591 1122 1651; x_wconf 88' lang='lat' dir='ltr'>cia-</span> 
     </span>
     <span class='ocr_line' id='line_1_17' title="bbox 199 1674 1122 1755; baseline 0.001 -22"><span class='ocrx_word' id='word_1_119' title='bbox 199 1693 265 1734; x_wconf 91' lang='lat' dir='ltr'>rum</span> <span class='ocrx_word' id='word_1_120' title='bbox 289 1681 344 1754; x_wconf 88' lang='lat' dir='ltr'>est,</span> <span class='ocrx_word' id='word_1_121' title='bbox 368 1675 496 1754; x_wconf 82' lang='lat' dir='ltr'>gratiam</span> <span class='ocrx_word' id='word_1_122' title='bbox 519 1676 623 1735; x_wconf 83' lang='lat' dir='ltr'><strong>venire</strong></span> <span class='ocrx_word' id='word_1_123' title='bbox 646 1674 726 1737; x_wconf 86' lang='lat' dir='ltr'>adeo</span> <span class='ocrx_word' id='word_1_124' title='bbox 746 1676 852 1755; x_wconf 80' lang='lat' dir='ltr'>gratis,</span> <span class='ocrx_word' id='word_1_125' title='bbox 875 1680 908 1734; x_wconf 91' lang='lat' dir='ltr'>ut</span> <span class='ocrx_word' id='word_1_126' title='bbox 928 1693 989 1734; x_wconf 91' lang='lat' dir='ltr'>nec</span> <span class='ocrx_word' id='word_1_127' title='bbox 1010 1677 1122 1753; x_wconf 85' lang='lat' dir='ltr'>cogita·</span> 
     </span>
     <span class='ocr_line' id='line_1_18' title="bbox 200 1757 1121 1837; baseline 0.003 -21"><span class='ocrx_word' id='word_1_128' title='bbox 200 1759 242 1818; x_wconf 93' lang='lat' dir='ltr'>tio</span> <span class='ocrx_word' id='word_1_129' title='bbox 267 1757 304 1817; x_wconf 92' lang='lat' dir='ltr'>de</span> <span class='ocrx_word' id='word_1_130' title='bbox 327 1777 380 1836; x_wconf 85' lang='lat' dir='ltr'>ea,</span> <span class='ocrx_word' id='word_1_131' title='bbox 414 1758 528 1818; x_wconf 86' lang='lat' dir='ltr'>nedum</span> <span class='ocrx_word' id='word_1_132' title='bbox 561 1765 689 1819; x_wconf 90' lang='lat' dir='ltr'>conatus</span> <span class='ocrx_word' id='word_1_133' title='bbox 718 1765 772 1818; x_wconf 91' lang='lat' dir='ltr'>aut</span> <span class='ocrx_word' id='word_1_134' title='bbox 792 1757 924 1817; x_wconf 89' lang='lat' dir='ltr'>studium</span> <span class='ocrx_word' id='word_1_135' title='bbox 947 1758 1121 1837; x_wconf 88' lang='lat' dir='ltr'>praecedat.</span> 
     </span>
     <span class='ocr_line' id='line_1_19' title="bbox 201 1839 1122 1922; baseline -0.002 -21"><span class='ocrx_word' id='word_1_136' title='bbox 201 1839 252 1901; x_wconf 84' lang='lat' dir='ltr'>Sic</span> <span class='ocrx_word' id='word_1_137' title='bbox 275 1846 305 1900; x_wconf 93' lang='lat' dir='ltr'>et</span> <span class='ocrx_word' id='word_1_138' title='bbox 316 1840 438 1919; x_wconf 87' lang='lat' dir='ltr'>Paulus,</span> <span class='ocrx_word' id='word_1_139' title='bbox 461 1860 530 1901; x_wconf 93' lang='lat' dir='ltr'>cum</span> <span class='ocrx_word' id='word_1_140' title='bbox 553 1840 663 1902; x_wconf 84' lang='lat' dir='ltr'>Saulus</span> <span class='ocrx_word' id='word_1_141' title='bbox 685 1849 776 1922; x_wconf 87' lang='lat' dir='ltr'>esset,</span> <span class='ocrx_word' id='word_1_142' title='bbox 800 1841 870 1920; x_wconf 90' lang='lat' dir='ltr'>quid</span> <span class='ocrx_word' id='word_1_143' title='bbox 885 1841 957 1901; x_wconf 86' lang='lat' dir='ltr'>iecit</span> <span class='ocrx_word' id='word_1_144' title='bbox 978 1841 1122 1901; x_wconf 90' lang='lat' dir='ltr'>iilasurn-</span> 
     </span>
     <span class='ocr_line' id='line_1_20' title="bbox 203 1923 1124 2005; baseline 0 -22"><span class='ocrx_word' id='word_1_145' title='bbox 203 1943 253 1983; x_wconf 90' lang='lat' dir='ltr'>ma</span> <span class='ocrx_word' id='word_1_146' title='bbox 275 1925 304 1983; x_wconf 89' lang='lat' dir='ltr'>vi</span> <span class='ocrx_word' id='word_1_147' title='bbox 327 1923 413 1984; x_wconf 88' lang='lat' dir='ltr'>liberi</span> <span class='ocrx_word' id='word_1_148' title='bbox 436 1924 572 1985; x_wconf 85' lang='lat' dir='ltr'>arbitrii?</span> <span class='ocrx_word' id='word_1_149' title='bbox 617 1925 707 1986; x_wconf 90' lang='lat' dir='ltr'>Certe</span> <span class='ocrx_word' id='word_1_150' title='bbox 728 1925 846 2005; x_wconf 89' lang='lat' dir='ltr'>optima</span> <span class='ocrx_word' id='word_1_151' title='bbox 868 1930 899 1984; x_wconf 92' lang='lat' dir='ltr'>et</span> <span class='ocrx_word' id='word_1_152' title='bbox 908 1923 1124 1984; x_wconf 87' lang='lat' dir='ltr'>honestissima</span> 
     </span>
     <span class='ocr_line' id='line_1_21' title="bbox 199 2006 1120 2088; baseline 0 -21"><span class='ocrx_word' id='word_1_153' title='bbox 199 2006 336 2086; x_wconf 76' lang='lat' dir='ltr'>agitabat</span> <span class='ocrx_word' id='word_1_154' title='bbox 356 2008 474 2086; x_wconf 85' lang='lat' dir='ltr'>animo,</span> <span class='ocrx_word' id='word_1_155' title='bbox 506 2009 531 2066; x_wconf 92' lang='lat' dir='ltr'>si</span> <span class='ocrx_word' id='word_1_156' title='bbox 564 2009 642 2070; x_wconf 91' lang='lat' dir='ltr'>ratio</span> <span class='ocrx_word' id='word_1_157' title='bbox 666 2015 829 2088; x_wconf 85' lang='lat' dir='ltr'>spectetur.</span> <span class='ocrx_word' id='word_1_158' title='bbox 873 2008 915 2067; x_wconf 85' lang='lat' dir='ltr'>At</span> <span class='ocrx_word' id='word_1_159' title='bbox 937 2006 1024 2085; x_wconf 84' lang='lat' dir='ltr'>vide,</span> <span class='ocrx_word' id='word_1_160' title='bbox 1062 2026 1120 2087; x_wconf 86' lang='lat' dir='ltr'>quo</span> 
     </span>
     <span class='ocr_line' id='line_1_22' title="bbox 198 2089 1122 2170; baseline -0.001 -20"><span class='ocrx_word' id='word_1_161' title='bbox 198 2096 311 2150; x_wconf 89' lang='lat' dir='ltr'>conatu</span> <span class='ocrx_word' id='word_1_162' title='bbox 333 2091 463 2169; x_wconf 85' lang='lat' dir='ltr'>gratiam</span> <span class='ocrx_word' id='word_1_163' title='bbox 484 2091 609 2170; x_wconf 87' lang='lat' dir='ltr'>invenit,</span> <span class='ocrx_word' id='word_1_164' title='bbox 630 2110 692 2152; x_wconf 90' lang='lat' dir='ltr'>non</span> <span class='ocrx_word' id='word_1_165' title='bbox 712 2090 806 2152; x_wconf 92' lang='lat' dir='ltr'>modo</span> <span class='ocrx_word' id='word_1_166' title='bbox 829 2109 892 2151; x_wconf 93' lang='lat' dir='ltr'>non</span> <span class='ocrx_word' id='word_1_167' title='bbox 916 2092 1046 2169; x_wconf 85' lang='lat' dir='ltr'>quaerit,</span> <span class='ocrx_word' id='word_1_168' title='bbox 1070 2089 1122 2151; x_wconf 89' lang='lat' dir='ltr'>sed</span> 
     </span>
     <span class='ocr_line' id='line_1_23' title="bbox 199 2172 1122 2253; baseline 0 -20"><span class='ocrx_word' id='word_1_169' title='bbox 199 2174 290 2233; x_wconf 88' lang='lat' dir='ltr'>etiam</span> <span class='ocrx_word' id='word_1_170' title='bbox 313 2172 497 2234; x_wconf 81' lang='lat' dir='ltr'>insaniendo</span> <span class='ocrx_word' id='word_1_171' title='bbox 525 2182 633 2235; x_wconf 90' lang='lat' dir='ltr'>contra</span> <span class='ocrx_word' id='word_1_172' title='bbox 666 2194 733 2234; x_wconf 90' lang='lat' dir='ltr'>eam</span> <span class='ocrx_word' id='word_1_173' title='bbox 768 2175 891 2253; x_wconf 87' lang='lat' dir='ltr'>accipit.</span> <span class='ocrx_word' id='word_1_174' title='bbox 936 2173 1054 2235; x_wconf 80' lang='lat' dir='ltr'>Contra</span> <span class='ocrx_word' id='word_1_175' title='bbox 1086 2173 1122 2233; x_wconf 89' lang='lat' dir='ltr'>dc</span> 
     </span>
     <span class='ocr_line' id='line_1_24' title="bbox 200 2255 1121 2337; baseline -0.001 -20"><span class='ocrx_word' id='word_1_176' title='bbox 200 2255 321 2317; x_wconf 86' lang='lat' dir='ltr'>Iudaeis</span> <span class='ocrx_word' id='word_1_177' title='bbox 345 2255 418 2316; x_wconf 89' lang='lat' dir='ltr'>dicit</span> <span class='ocrx_word' id='word_1_178' title='bbox 439 2260 467 2321; x_wconf 84' lang='lat'>9:</span> <span class='ocrx_word' id='word_1_179' title='bbox 490 2256 616 2337; x_wconf 79' lang='lat' dir='ltr'>Gentes,</span> <span class='ocrx_word' id='word_1_180' title='bbox 638 2276 717 2337; x_wconf 89' lang='lat' dir='ltr'>quae</span> <span class='ocrx_word' id='word_1_181' title='bbox 739 2275 801 2317; x_wconf 94' lang='lat' dir='ltr'>non</span> <span class='ocrx_word' id='word_1_182' title='bbox 824 2255 1022 2317; x_wconf 88' lang='lat' dir='ltr'>sectabantur</span> <span class='ocrx_word' id='word_1_183' title='bbox 1044 2258 1121 2316; x_wconf 90' lang='lat' dir='ltr'>iusti·</span> 
     </span>
     <span class='ocr_line' id='line_1_25' title="bbox 201 2338 1120 2420; baseline 0 -21"><span class='ocrx_word' id='word_1_184' title='bbox 201 2339 288 2416; x_wconf 85' lang='lat' dir='ltr'>tiam,</span> <span class='ocrx_word' id='word_1_185' title='bbox 316 2339 585 2419; x_wconf 89' lang='lat' dir='ltr'>apprehenderunt</span> <span class='ocrx_word' id='word_1_186' title='bbox 605 2342 768 2416; x_wconf 87' lang='lat' dir='ltr'>iustitiam,</span> <span class='ocrx_word' id='word_1_187' title='bbox 803 2359 882 2420; x_wconf 89' lang='lat' dir='ltr'>qnae</span> <span class='ocrx_word' id='word_1_188' title='bbox 916 2359 957 2399; x_wconf 88' lang='lat' dir='ltr'>ex</span> <span class='ocrx_word' id='word_1_189' title='bbox 983 2338 1046 2400; x_wconf 86' lang='lat' dir='ltr'>fida</span> <span class='ocrx_word' id='word_1_190' title='bbox 1069 2346 1120 2416; x_wconf 81' lang='lat' dir='ltr'>est,</span> 
     </span>
     <span class='ocr_line' id='line_1_26' title="bbox 201 2420 1120 2503; baseline -0.002 -20"><span class='ocrx_word' id='word_1_191' title='bbox 201 2420 295 2483; x_wconf 88' lang='lat' dir='ltr'>Israel</span> <span class='ocrx_word' id='word_1_192' title='bbox 319 2442 391 2484; x_wconf 91' lang='lat' dir='ltr'><strong>vero</strong></span> <span class='ocrx_word' id='word_1_193' title='bbox 414 2424 562 2485; x_wconf 90' lang='lat' dir='ltr'>sectando</span> <span class='ocrx_word' id='word_1_194' title='bbox 586 2423 686 2503; x_wconf 86' lang='lat' dir='ltr'>legem</span> <span class='ocrx_word' id='word_1_195' title='bbox 708 2425 851 2503; x_wconf 84' lang='lat' dir='ltr'>iustitiae,</span> <span class='ocrx_word' id='word_1_196' title='bbox 874 2424 904 2483; x_wconf 93' lang='lat' dir='ltr'>in</span> <span class='ocrx_word' id='word_1_197' title='bbox 927 2422 1029 2502; x_wconf 85' lang='lat' dir='ltr'>legem</span> <span class='ocrx_word' id='word_1_198' title='bbox 1042 2424 1120 2482; x_wconf 90' lang='lat' dir='ltr'>iusti·</span> 
     </span>
     <span class='ocr_line' id='line_1_27' title="bbox 202 2506 1121 2586; baseline -0.001 -21"><span class='ocrx_word' id='word_1_199' title='bbox 202 2508 261 2566; x_wconf 85' lang='lat' dir='ltr'>tiae</span> <span class='ocrx_word' id='word_1_200' title='bbox 282 2525 343 2566; x_wconf 91' lang='lat' dir='ltr'>non</span> <span class='ocrx_word' id='word_1_201' title='bbox 366 2508 514 2586; x_wconf 86' lang='lat' dir='ltr'>pervenit.</span> <span class='ocrx_word' id='word_1_202' title='bbox 558 2506 638 2582; x_wconf 79' lang='lat' dir='ltr'>Quid</span> <span class='ocrx_word' id='word_1_203' title='bbox 661 2514 769 2567; x_wconf 89' lang='lat' dir='ltr'>contra</span> <span class='ocrx_word' id='word_1_204' title='bbox 790 2506 867 2566; x_wconf 87' lang='lat' dir='ltr'>haec</span> <span class='ocrx_word' id='word_1_205' title='bbox 889 2507 999 2566; x_wconf 89' lang='lat' dir='ltr'>mutire</span> <span class='ocrx_word' id='word_1_206' title='bbox 1021 2510 1121 2585; x_wconf 88' lang='lat' dir='ltr'>potest</span> 
     </span>
     <span class='ocr_line' id='line_1_28' title="bbox 202 2589 1120 2669; baseline -0.001 -20"><span class='ocrx_word' id='word_1_207' title='bbox 202 2590 278 2649; x_wconf 90' lang='lat' dir='ltr'>ullus</span> <span class='ocrx_word' id='word_1_208' title='bbox 302 2593 382 2650; x_wconf 87' lang='lat' dir='ltr'>tutor</span> <span class='ocrx_word' id='word_1_209' title='bbox 404 2590 489 2650; x_wconf 90' lang='lat' dir='ltr'>liberi</span> <span class='ocrx_word' id='word_1_210' title='bbox 512 2590 646 2651; x_wconf 84' lang='lat' dir='ltr'>arbitrii?</span> <span class='ocrx_word' id='word_1_211' title='bbox 690 2589 807 2651; x_wconf 85' lang='lat' dir='ltr'>Gentes</span> <span class='ocrx_word' id='word_1_212' title='bbox 827 2596 901 2666; x_wconf 80' lang='lat' dir='ltr'>tum,</span> <span class='ocrx_word' id='word_1_213' title='bbox 924 2607 993 2649; x_wconf 90' lang='lat' dir='ltr'><strong>curn</strong></span> <span class='ocrx_word' id='word_1_214' title='bbox 1016 2590 1120 2669; x_wconf 89' lang='lat' dir='ltr'>impia·</span> 
     </span>
     <span class='ocr_line' id='line_1_29' title="bbox 200 2672 1119 2753; baseline -0.002 -20"><span class='ocrx_word' id='word_1_215' title='bbox 200 2680 263 2733; x_wconf 87' lang='lat' dir='ltr'>tate</span> <span class='ocrx_word' id='word_1_216' title='bbox 285 2680 317 2734; x_wconf 91' lang='lat' dir='ltr'>et</span> <span class='ocrx_word' id='word_1_217' title='bbox 339 2673 480 2734; x_wconf 90' lang='lat' dir='ltr'>omnibus</span> <span class='ocrx_word' id='word_1_218' title='bbox 511 2675 591 2734; x_wconf 87' lang='lat' dir='ltr'>vitiis</span> <span class='ocrx_word' id='word_1_219' title='bbox 624 2673 768 2753; x_wconf 88' lang='lat' dir='ltr'>oppletae</span> <span class='ocrx_word' id='word_1_220' title='bbox 790 2680 875 2751; x_wconf 83' lang='lat' dir='ltr'>sunt,</span> <span class='ocrx_word' id='word_1_221' title='bbox 904 2672 1062 2752; x_wconf 91' lang='lat' dir='ltr'>accipiunt</span> <span class='ocrx_word' id='word_1_222' title='bbox 1082 2674 1119 2732; x_wconf 91' lang='lat' dir='ltr'>iu-</span> 
     </span>
     <span class='ocr_line' id='line_1_30' title="bbox 200 2755 1119 2837; baseline -0.001 -21"><span class='ocrx_word' id='word_1_223' title='bbox 200 2759 311 2816; x_wconf 88' lang='lat' dir='ltr'>stitiam</span> <span class='ocrx_word' id='word_1_224' title='bbox 334 2758 427 2837; x_wconf 85' lang='lat' dir='ltr'>gratis</span> <span class='ocrx_word' id='word_1_225' title='bbox 450 2757 612 2817; x_wconf 88' lang='lat' dir='ltr'>miserente</span> <span class='ocrx_word' id='word_1_226' title='bbox 634 2757 716 2836; x_wconf 85' lang='lat' dir='ltr'><strong>Dec,</strong></span> <span class='ocrx_word' id='word_1_227' title='bbox 748 2756 872 2835; x_wconf 88' lang='lat' dir='ltr'>Iudaei,</span> <span class='ocrx_word' id='word_1_228' title='bbox 906 2755 979 2815; x_wconf 92' lang='lat' dir='ltr'>dum</span> <span class='ocrx_word' id='word_1_229' title='bbox 1003 2773 1119 2816; x_wconf 89' lang='lat' dir='ltr'>summo</span> 
     </span>
     <span class='ocr_line' id='line_1_31' title="bbox 200 2839 1119 2918; baseline -0.002 -19"><span class='ocrx_word' id='word_1_230' title='bbox 200 2839 302 2900; x_wconf 91' lang='lat' dir='ltr'>studio</span> <span class='ocrx_word' id='word_1_231' title='bbox 325 2847 356 2899; x_wconf 92' lang='lat' dir='ltr'>et</span> <span class='ocrx_word' id='word_1_232' title='bbox 378 2846 490 2901; x_wconf 90' lang='lat' dir='ltr'>conatu</span> <span class='ocrx_word' id='word_1_233' title='bbox 511 2841 646 2901; x_wconf 87' lang='lat' dir='ltr'>iustitiae</span> <span class='ocrx_word' id='word_1_234' title='bbox 669 2840 810 2918; x_wconf 84' lang='lat' dir='ltr'>student,</span> <span class='ocrx_word' id='word_1_235' title='bbox 836 2840 1030 2901; x_wconf 79' lang='lat' dir='ltr'>frustrantur.</span> <span class='ocrx_word' id='word_1_236' title='bbox 1072 2839 1119 2901; x_wconf 83' lang='lat' dir='ltr'>An</span> 
     </span>
     <span class='ocr_line' id='line_1_32' title="bbox 200 2921 1119 3003; baseline 0 -22"><span class='ocrx_word' id='word_1_237' title='bbox 200 2921 261 2982; x_wconf 92' lang='lat' dir='ltr'>hoc</span> <span class='ocrx_word' id='word_1_238' title='bbox 282 2940 344 2982; x_wconf 93' lang='lat' dir='ltr'>non</span> <span class='ocrx_word' id='word_1_239' title='bbox 367 2929 415 2982; x_wconf 91' lang='lat' dir='ltr'>est</span> <span class='ocrx_word' id='word_1_240' title='bbox 435 2922 537 2984; x_wconf 90' lang='lat' dir='ltr'><strong>dicere</strong></span> <span class='ocrx_word' id='word_1_241' title='bbox 560 2930 687 3003; x_wconf 86' lang='lat' dir='ltr'>tantum,</span> <span class='ocrx_word' id='word_1_242' title='bbox 710 2923 793 3003; x_wconf 91' lang='lat' dir='ltr'>quod</span> <span class='ocrx_word' id='word_1_243' title='bbox 813 2929 943 2983; x_wconf 91' lang='lat' dir='ltr'>conatus</span> <span class='ocrx_word' id='word_1_244' title='bbox 966 2922 1056 2982; x_wconf 88' lang='lat' dir='ltr'>liberi</span> <span class='ocrx_word' id='word_1_245' title='bbox 1079 2942 1119 2983; x_wconf 88' lang='lat' dir='ltr'>ar·</span> 
     </span>
     <span class='ocr_line' id='line_1_33' title="bbox 200 3005 1118 3087; baseline 0.001 -24"><span class='ocrx_word' id='word_1_246' title='bbox 200 3005 248 3063; x_wconf 89' lang='lat' dir='ltr'>trii</span> <span class='ocrx_word' id='word_1_247' title='bbox 271 3005 310 3064; x_wconf 89' lang='lat' dir='ltr'>sit</span> <span class='ocrx_word' id='word_1_248' title='bbox 330 3005 455 3086; x_wconf 84' lang='lat' dir='ltr'>frustra,</span> <span class='ocrx_word' id='word_1_249' title='bbox 495 3006 566 3067; x_wconf 92' lang='lat' dir='ltr'>dum</span> <span class='ocrx_word' id='word_1_250' title='bbox 601 3007 640 3068; x_wconf 91' lang='lat' dir='ltr'>ad</span> <span class='ocrx_word' id='word_1_251' title='bbox 663 3008 780 3087; x_wconf 90' lang='lat' dir='ltr'>optima</span> <span class='ocrx_word' id='word_1_252' title='bbox 801 3013 946 3087; x_wconf 84' lang='lat' dir='ltr'>conatur,</span> <span class='ocrx_word' id='word_1_253' title='bbox 970 3013 1002 3065; x_wconf 90' lang='lat' dir='ltr'>et</span> <span class='ocrx_word' id='word_1_254' title='bbox 1023 3006 1118 3085; x_wconf 87' lang='lat' dir='ltr'>ipsum</span> 
     </span>
     <span class='ocr_line' id='line_1_34' title="bbox 200 3086 1119 3169; baseline -0.002 -21"><span class='ocrx_word' id='word_1_255' title='bbox 200 3088 302 3167; x_wconf 92' lang='lat' dir='ltr'>potius</span> <span class='ocrx_word' id='word_1_256' title='bbox 325 3088 355 3147; x_wconf 94' lang='lat' dir='ltr'>in</span> <span class='ocrx_word' id='word_1_257' title='bbox 377 3090 465 3168; x_wconf 92' lang='lat' dir='ltr'>peius</span> <span class='ocrx_word' id='word_1_258' title='bbox 486 3109 590 3169; x_wconf 86' lang='lat' dir='ltr'><strong>ruere,</strong></span> <span class='ocrx_word' id='word_1_259' title='bbox 626 3097 657 3150; x_wconf 92' lang='lat' dir='ltr'>et</span> <span class='ocrx_word' id='word_1_260' title='bbox 689 3098 770 3151; x_wconf 92' lang='lat' dir='ltr'><strong>retro</strong></span> <span class='ocrx_word' id='word_1_261' title='bbox 798 3089 976 3169; x_wconf 84' lang='lat' dir='ltr'>sublapsum</span> <span class='ocrx_word' id='word_1_262' title='bbox 1000 3086 1119 3149; x_wconf 85' lang='lat' dir='ltr'><strong>referri?</strong></span> 
     </span>
     <span class='ocr_line' id='line_1_35' title="bbox 200 3170 1120 3253; baseline 0.001 -24"><span class='ocrx_word' id='word_1_263' title='bbox 200 3170 266 3230; x_wconf 87' lang='lat' dir='ltr'>Nec</span> <span class='ocrx_word' id='word_1_264' title='bbox 287 3178 389 3251; x_wconf 89' lang='lat' dir='ltr'>potest</span> <span class='ocrx_word' id='word_1_265' title='bbox 410 3172 489 3232; x_wconf 91' lang='lat' dir='ltr'>ullus</span> <span class='ocrx_word' id='word_1_266' title='bbox 512 3173 628 3252; x_wconf 86' lang='lat' dir='ltr'><strong>dicere,</strong></span> <span class='ocrx_word' id='word_1_267' title='bbox 652 3174 734 3253; x_wconf 90' lang='lat' dir='ltr'>quod</span> <span class='ocrx_word' id='word_1_268' title='bbox 757 3193 819 3235; x_wconf 93' lang='lat' dir='ltr'>non</span> <span class='ocrx_word' id='word_1_269' title='bbox 842 3192 962 3233; x_wconf 89' lang='lat' dir='ltr'>summa</span> <span class='ocrx_word' id='word_1_270' title='bbox 985 3172 1015 3232; x_wconf 89' lang='lat' dir='ltr'>vi</span> <span class='ocrx_word' id='word_1_271' title='bbox 1039 3170 1120 3233; x_wconf 84' lang='lat' dir='ltr'>tiberi</span> 
     </span>
     <span class='ocr_line' id='line_1_36' title="bbox 200 3253 1119 3337; baseline 0.001 -24"><span class='ocrx_word' id='word_1_272' title='bbox 200 3254 314 3314; x_wconf 90' lang='lat' dir='ltr'>arbitrii</span> <span class='ocrx_word' id='word_1_273' title='bbox 337 3254 526 3318; x_wconf 88' lang='lat' dir='ltr'>studuerunt.</span> <span class='ocrx_word' id='word_1_274' title='bbox 569 3255 640 3337; x_wconf 87' lang='lat' dir='ltr'>Ipse</span> <span class='ocrx_word' id='word_1_275' title='bbox 654 3257 764 3317; x_wconf 90' lang='lat' dir='ltr'>Paulus</span> <span class='ocrx_word' id='word_1_276' title='bbox 778 3256 986 3317; x_wconf 88' lang='lat' dir='ltr'>testimouium</span> <span class='ocrx_word' id='word_1_277' title='bbox 1001 3253 1031 3335; x_wconf 84' lang='grc' dir='ltr'>ι)</span> <span class='ocrx_word' id='word_1_278' title='bbox 1057 3274 1119 3335; x_wconf 91' lang='lat' dir='ltr'><strong>per·</strong></span> 
     </span>
     <span class='ocr_line' id='line_1_37' title="bbox 200 3337 1119 3421; baseline 0 -24"><span class='ocrx_word' id='word_1_279' title='bbox 200 3338 283 3399; x_wconf 92' lang='lat' dir='ltr'>hibet</span> <span class='ocrx_word' id='word_1_280' title='bbox 305 3337 380 3418; x_wconf 87' lang='lat' dir='ltr'>Cap.</span> <span class='ocrx_word' id='word_1_281' title='bbox 406 3343 462 3419; x_wconf 84' lang='lat'>10,</span> <span class='ocrx_word' id='word_1_282' title='bbox 499 3339 581 3420; x_wconf 88' lang='lat' dir='ltr'>qnod</span> <span class='ocrx_word' id='word_1_283' title='bbox 615 3340 713 3401; x_wconf 82' lang='lat' dir='ltr'>zelum</span> <span class='ocrx_word' id='word_1_284' title='bbox 737 3341 794 3401; x_wconf 91' lang='lat' dir='ltr'>Dei</span> <span class='ocrx_word' id='word_1_285' title='bbox 816 3340 949 3421; x_wconf 88' lang='lat' dir='ltr'>babent,</span> <span class='ocrx_word' id='word_1_286' title='bbox 984 3340 1119 3401; x_wconf 91' lang='lat' dir='ltr'>sednon</span> 
     </span>
     <span class='ocr_line' id='line_1_38' title="bbox 200 3420 1119 3504; baseline -0.001 -22"><span class='ocrx_word' id='word_1_287' title='bbox 200 3422 367 3483; x_wconf 89' lang='lat' dir='ltr'>secundum</span> <span class='ocrx_word' id='word_1_288' title='bbox 390 3424 569 3502; x_wconf 78' lang='lat' dir='ltr'>scientiam3</span> <span class='ocrx_word' id='word_1_289' title='bbox 599 3425 691 3504; x_wconf 85' lang='lat' dir='ltr'>igitur</span> <span class='ocrx_word' id='word_1_290' title='bbox 719 3423 794 3487; x_wconf 92' lang='lat' dir='ltr'>nihil</span> <span class='ocrx_word' id='word_1_291' title='bbox 825 3425 913 3485; x_wconf 92' lang='lat' dir='ltr'>deest</span> <span class='ocrx_word' id='word_1_292' title='bbox 937 3424 968 3482; x_wconf 95' lang='lat' dir='ltr'>in</span> <span class='ocrx_word' id='word_1_293' title='bbox 992 3420 1119 3497; x_wconf 85' lang='lat' dir='ltr'>ludaeis,</span> 
     </span>
    </p>
   </div>
   <div class='ocr_carea' id='block_1_3' title="bbox 199 3699 1107 3826">
    <p class='ocr_par' dir='ltr' id='par_1_4' title="bbox 199 3699 1107 3826">
     <span class='ocr_line' id='line_1_39' title="bbox 220 3699 1107 3785; baseline -0.003 -28"><span class='ocrx_word' id='word_1_294' title='bbox 220 3770 227 3785; x_wconf 91' lang='lat'><strong>.</strong></span> <span class='ocrx_word' id='word_1_295' title='bbox 271 3700 303 3769; x_wconf 67' lang='lat'>⁴)</span> <span class='ocrx_word' id='word_1_296' title='bbox 324 3701 355 3755; x_wconf 89' lang='lat' dir='ltr'>In</span> <span class='ocrx_word' id='word_1_297' title='bbox 376 3702 420 3759; x_wconf 85' lang='lat' dir='ltr'>sd.</span> <span class='ocrx_word' id='word_1_298' title='bbox 442 3701 510 3758; x_wconf 77' lang='lat'>1525</span> <span class='ocrx_word' id='word_1_299' title='bbox 530 3704 557 3755; x_wconf 90' lang='lat' dir='ltr'>et</span> <span class='ocrx_word' id='word_1_300' title='bbox 575 3699 617 3755; x_wconf 85' lang='lat' dir='ltr'>sd.</span> <span class='ocrx_word' id='word_1_301' title='bbox 638 3701 709 3755; x_wconf 84' lang='lat' dir='ltr'>len:</span> <span class='ocrx_word' id='word_1_302' title='bbox 734 3701 798 3769; x_wconf 90' lang='lat' dir='ltr'>Ipse</span> <span class='ocrx_word' id='word_1_303' title='bbox 816 3701 919 3757; x_wconf 87' lang='lat' dir='ltr'>Paulus</span> <span class='ocrx_word' id='word_1_304' title='bbox 939 3701 980 3757; x_wconf 85' lang='lat' dir='ltr'>eis</span> <span class='ocrx_word' id='word_1_305' title='bbox 1000 3702 1107 3758; x_wconf 87' lang='lat' dir='ltr'>testimo</span> 
     </span>
     <span class='ocr_line' id='line_1_40' title="bbox 199 3786 283 3826; baseline 0 0"><span class='ocrx_word' id='word_1_306' title='bbox 199 3786 283 3826; x_wconf 87' lang='lat' dir='ltr'>nrum.</span> 
     </span>
    </p>
   </div>
   <div class='ocr_carea' id='block_1_4' title="bbox 0 0 1178 4162">
    <p class='ocr_par' dir='ltr' id='par_1_5' title="bbox 0 0 1178 4162">
     <span class='ocr_line' id='line_1_41' title="bbox 0 0 1178 4162; baseline 0 0"><span class='ocrx_word' id='word_1_307' title='bbox 0 0 1178 4162; x_wconf 95' lang='lat' dir='ltr'> </span> 
     </span>
    </p>
   </div>
  </div>
 </body>
</html>
