2348 4162
311 244 349 307 ad
366 248 400 307 b.
420 248 564 307 Erasmum
577 247 805 307 Rotarodsmum.
959 244 1022 312 237

92 422 154 501 tur,
175 420 288 482 frustm
311 421 411 482 minae
433 421 630 480 intentantur.
672 417 725 480 Sic
745 423 894 499 perpetuo
916 423 1024 479 contra

92 507 250 584 seipsam
271 504 406 585 disputat
427 501 565 579 diatribe,
588 501 658 561 dum
672 508 779 562 contre
799 520 856 562 nos
879 501 1023 581 disputat.

93 588 178 647 Deus
201 607 275 648 vero
298 588 382 648 solus
405 605 458 667 per
474 584 619 665 Spiritum
642 603 728 644 suum
752 593 895 664 operatur
916 585 946 644 in
970 603 1023 644 no·

94 670 142 731 bis
165 674 226 731 tam
252 672 391 739 meritum
425 687 514 749 quam
538 670 717 748 praemium,
741 677 900 745 utrumque
920 673 1022 727 autem

93 753 298 834 perverbum
320 773 409 814 suum
431 762 590 813 externum
615 753 670 812 toti
693 750 807 811 mundo
829 749 1025 831 significabat

94 836 250 914 declarat,
283 843 316 896 ut
338 836 541 897 annuncietur
568 835 661 895 etiam
681 834 764 914 'apud
793 835 904 913 impios
929 840 959 894 et
980 834 1023 893 in·

95 918 240 981 credulos
264 927 294 980 et
315 921 439 999 ignaros
461 921 600 998 potentia
614 926 643 978 et
666 918 765 998 gloria
787 936 852 992 sua,
875 919 1024 977 etnostrs

93 1004 278 1082 impotentia
300 1011 392 1082 atque
413 1002 600 1081 ignominia,
635 1001 705 1073 iicet
727 1000 787 1061 soli
815 1001 857 1079 pii
878 999 908 1059 id
931 998 1025 1059 corde

94 1085 271 1166 percipiant
298 1092 484 1165 teneantque
511 1084 633 1163 fideles,
666 1085 759 1145 ceteri
784 1103 856 1144 vero
890 1090 1025 1143 contam-

95 1175 184 1231 nunt.
577 1229 579 1233 ,
813 1214 815 1219 ,

180 1248 246 1313 Iam
268 1269 342 1312 vero
365 1252 454 1311 nimis
468 1249 638 1311 taediosum
660 1251 759 1331 fuerit,
783 1249 907 1331 singula
930 1248 1023 1310 verbs

94 1335 278 1414 imperativa
299 1341 454 1414 repetere,
487 1352 566 1412 quae
598 1332 727 1394 diatriba
755 1353 796 1393 ex
817 1352 899 1394 novo
920 1333 1025 1394 Testa·

95 1426 202 1478 mento
223 1423 391 1495 enumerat,
413 1435 535 1496 semper
550 1434 621 1475 suas
643 1416 785 1495 sequelae
807 1423 974 1477 annectens
995 1421 1026 1476 et

95 1519 229 1561 causans
250 1501 433 1578 t'rustranea,
469 1518 717 1579 supervacanea,
739 1499 865 1579 frigida,
887 1498 1025 1577 ridicula,

95 1582 172 1644 nihii
199 1603 268 1644 esse
292 1602 372 1662 quae
394 1583 551 1663 dicuntur,
585 1584 643 1641 nisi
678 1582 774 1643 libera
812 1583 852 1642 sit
874 1581 1025 1646 voluntas.

95 1666 202 1746 Usque
236 1666 275 1727 ad
303 1667 427 1727 multam
452 1684 598 1725 nauseam
621 1667 702 1725 enim
729 1665 790 1724 iam
815 1664 928 1725 dudum
951 1664 1025 1725 dixi·

96 1768 182 1828 mus,
214 1768 304 1830 quam
327 1748 401 1810 nihil
434 1749 544 1809 talibus
566 1747 666 1808 verbis
689 1746 854 1826 efficiatur,
887 1755 979 1827 atque
1000 1748 1025 1807 si

95 1831 171 1912 quid
201 1833 360 1913 probetur,
394 1839 490 1893 totum
525 1830 654 1894 liberum
688 1830 843 1891 arbitrium
871 1831 1025 1911 probetur.

95 1913 190 1991 Quod
212 1914 294 1977 aliud
307 1915 380 1978 nihil
403 1921 458 1996 est,
479 1934 569 1994 quam
591 1922 687 1976 totam
714 1914 862 1975 diatriben
881 1913 1027 1989 subverti,

96 2009 133 2061 ut
161 2017 242 2079 quae
274 1998 401 2060 liberum
432 1996 586 2059 arbitrium
618 1998 678 2059 tale
707 1999 877 2078 susceperit
899 1998 1029 2075 proban·

98 2082 192 2161 dum,
223 2081 306 2161 qnod
328 2082 402 2142 nibil
425 2082 496 2142 boni
518 2083 618 2162 possit
638 2089 669 2141 et
689 2082 802 2142 serviat
822 2089 968 2161 peccato,
999 2087 1030 2141 et

94 2165 211 2247 probat
232 2165 305 2244 tale,
338 2164 421 2244 quod
455 2166 559 2225 omnia
590 2165 706 2244 possit,
739 2167 848 2244 ignara
880 2170 911 2225 et
933 2163 1028 2225 oblita

96 2250 146 2309 sui
191 2257 329 2328 erpetuo.
373 2248 457 2307 Mers
488 2250 580 2328 igitur
601 2247 712 2308 cavilla
734 2256 821 2327 sunt,
843 2248 894 2309 ubi
916 2249 961 2307 sic
983 2244 1027 2310 di·
1117 2243 1120 2248 ’

96 2267 201 2414 civi:
243 2330 293 2391 Ex
314 2329 478 2408 fructibus,
507 2331 605 2409 inquit
626 2331 792 2408 Dominus,
820 2349 926 2392 eorum
949 2349 1025 2410 sog-

95 2415 237 2476 nosoetis
260 2433 329 2496 eos,
361 2414 476 2473 fructus
499 2432 594 2492 opera
616 2413 706 2492 dicit,
738 2432 775 2474 ea
797 2422 904 2474 nostra
924 2424 1026 2492 vocat,

96 2508 131 2559 at
153 2516 193 2558 ea
226 2502 333 2559 nostra
354 2516 417 2558 non
439 2503 527 2576 sunt,
563 2497 589 2555 si
611 2504 721 2557 cuncta
749 2504 895 2576 geruntur
917 2515 1025 2557 neces·

95 2583 199 2643 sitate.

184 2662 321 2725 Obsecro
345 2669 385 2743 te,
409 2682 448 2723 an
471 2681 534 2722 uon
556 2668 662 2723 nostra
685 2661 825 2723 dicuntur
848 2681 939 2741 quam
962 2682 1026 2724 rec·

97 2748 234 2825 tissime,
265 2764 344 2825 quae
366 2766 426 2807 non
448 2745 576 2806 fecimus
599 2745 721 2826 quidem
743 2764 816 2823 nos,
855 2747 1047 2825 recepimus·

97 2848 176 2893 vero
198 2830 237 2892 ab
260 2828 348 2889 aliis?
391 2830 452 2891 Gur
473 2829 563 2908 igitur
587 2848 682 2909 opera
704 2848 765 2890 non
790 2828 1028 2891 dicerenturno·

97 2922 178 2993 stra,
207 2931 287 2993 quae
319 2911 447 2972 donavit
474 2911 562 2972 nobis
584 2913 667 2974 Deus
697 2932 752 2993 per
773 2912 936 2994 spiritum?
979 2913 1028 2975 An

98 2996 256 3059 Christum
278 3014 341 3056 non
371 2997 507 3056 dicemus
528 3004 682 3072 nostrum,
714 2998 786 3076 quia
816 3015 878 3057 nou
900 2995 1028 3057 fecimus

97 3099 189 3157 eum,
222 3077 276 3138 sed
312 3085 427 3140 tantum
458 3079 656 3158 accepimus?
700 3079 830 3157 Rursus,
853 3082 878 3140 si
899 3081 1027 3141 facimus

97 3183 149 3239 ea,
173 3181 253 3242 quae
274 3169 381 3224 nostra
403 3163 552 3241 dicuntur,
577 3181 651 3242 ergo
675 3162 782 3223 oculos
804 3162 893 3223 nobis
915 3164 1025 3243 ipsit·

99 3248 212 3326 cimus,
235 3264 344 3306 manus
366 3247 454 3308 nobis
467 3247 525 3326 ipsi
545 3245 685 3322 fecimus,
707 3254 737 3305 et
759 3244 854 3325 pedes
863 3245 953 3306 nobis
969 3247 1027 3326 ipsi

98 3330 245 3403 fecimus,
268 3329 325 3387 nisi
348 3333 445 3391 nostri
467 3349 529 3390 non
552 3328 691 3388 dicuntur
713 3328 809 3408 oculi,
831 3333 954 3404 manus,
977 3349 1028 3409 pe-

99 3413 168 3477 des.
210 3411 279 3474 lmo
301 3413 373 3491 quid
395 3413 554 3493 habemns,
579 3411 660 3490 quod
683 3430 744 3472 non
768 3411 964 3491 accepimus?
987 3415 1030 3473 ait

98 3494 217 3558 Paulus
231 3494 274 3577 ¹¹¹).
318 3496 503 3560 Dicemusne
526 3497 632 3576 igitur,
664 3514 701 3555 ea
729 3494 777 3556 vel
799 3513 862 3555 non
883 3513 952 3555 esse
973 3514 1029 3555 no·

100 3750 135 3820 *)
158 3677 265 3805 11ἒέιέ
284 3679 339 3805 4ed.
367 3678 423 3734 len.
458 3677 576 3748 margini
607 3677 769 3780 inscriptum
798 3682 853 3732 est:
887 3678 1028 3740 Erasmus.
