2348 4162
131 242 194 311 396
331 244 536 301 Coucinnculae
554 243 692 314 quaedam
710 245 746 300 D.
764 245 800 299 Ι
819 244 851 299 L

131 418 440 561 ottollini
463 416 987 563 littl¹iltt¹lltttn⁰tt
1001 438 1050 561 ll

131 586 216 644 nistri
239 583 421 645 ludaeorum
443 584 742 663 comprehenderunt
762 584 881 650 laum.
914 596 947 644 et
982 584 1050 664 liga·

130 680 240 727 verunt
262 686 354 745 curn,
391 678 422 728 ct
443 667 636 728 adduxerunt
668 688 739 729 cum
771 667 811 727 ad
832 667 977 727 llannarn
998 667 1050 747 pri

132 770 233 813 urum
262 753 430 811 eratenim
453 770 543 812 socer
564 750 718 830 Caiphae,
751 752 803 830 qni
824 764 891 811 erat
912 751 1050 811 Pontifex

132 836 204 895 soni
225 822 317 894 illius.
355 834 428 895 Erat
450 850 552 895 sutem
574 834 720 914 Caiphae,
742 836 795 913 qui
816 834 981 894 eonsilium
1002 833 1051 893 de·

132 917 219 978 derat
240 916 380 993 ludaeis
415 917 498 996 qnod
521 917 648 998 expedit
676 937 770 976 ιιιιιιιιι
796 917 956 978 hominem
979 917 1051 977 rnori

131 1020 188 1082 pro
211 999 338 1079 populo.

214 1081 409 1162 Sequebatur
436 1095 539 1143 autern
553 1083 657 1143 lesuin
675 1081 784 1144 Simon
798 1083 909 1142 Petrus
931 1094 964 1142 et
977 1082 1050 1143 alius

132 1166 309 1246 discipulus.
353 1165 527 1263 Discipulos
561 1178 664 1247 antem
693 1166 747 1226 ille
774 1178 841 1226 erat
862 1176 956 1226 notus
977 1165 1050 1227 Pon·

131 1249 205 1310 tilici
238 1254 270 1309 el
300 1250 438 1308 introivit
470 1268 540 1309 curn
573 1249 683 1310 lesu
674 1269 704 1308 ιιι
748 1250 858 1309 atrium
885 1249 1050 1327 Ριιιιιιιιιιίι,

131 1333 238 1392 Petrus
269 1340 372 1392 autern
404 1332 505 1392 stabat
527 1332 567 1392 ad
591 1334 703 1392 ostium
725 1332 809 1394 ioris.
854 1332 959 1392 axis-it
979 1350 1050 1412 ergo

131 1414 298 1495 discipulus
319 1414 416 1493 alius,
448 1416 588 1493 quierat
617 1428 708 1476 notus
730 1414 888 1493 Pontifici,
925 1424 958 1476 et
978 1414 1051 1475 dixit

132 1499 294 1565 ostinrinc.
329 1509 359 1558 et
387 1497 554 1558 introduxit
575 1498 708 1561 Petrum.
751 1497 838 1558 Dixit
866 1517 943 1578 ergo
966 1498 1050 1561 Petro

131 1581 244 1642 ancilla
266 1582 406 1642 ostiaria:
428 1579 575 1659 Nunquid
596 1590 627 1641 et
649 1590 681 1641 ιιι
703 1601 743 1641 ex
764 1580 923 1660 discipulis
945 1600 980 1641 es
1000 1581 1047 1643 ho

131 1666 222 1726 minis
243 1663 356 1724 istius?
398 1663 478 1724 Dicit
499 1664 567 1724 illc:
599 1665 670 1725 Non
692 1683 770 1725 sum.
792 1663 925 1726 Stabant
952 1675 1049 1724 autent

133 1750 213 1808 servi
235 1756 267 1807 et
289 1747 420 1807 ministri
440 1747 479 1807 ad
500 1767 625 1827 prunas,
646 1751 719 1827 quia
739 1748 834 1828 frigus
855 1754 933 1825 erat,
954 1756 986 1808 et
1005 1765 1049 1807 ιιιι-

130 1829 315 1891 lelaciebant
336 1849 381 1907 sc,
400 1840 467 1891 erat
487 1837 590 1891 antem
611 1850 681 1891 curn
703 1832 748 1890 eis
769 1838 801 1890 et
821 1830 949 1909 Petrus,
969 1836 1049 1892 stans

131 1922 163 1975 et
184 1913 369 1974 calefaciens
391 1931 436 1975 se.

213 1996 356 2057 Pontifex
377 2014 452 2075 ergo
474 1997 675 2092 interrogarit
697 1996 797 2057 lesum
828 1995 868 2056 de
894 1994 1049 2077 discipulis

130 2082 194 2139 suis
225 2086 257 2140 et
291 2076 432 2140 doctrina
464 2080 541 2140 eins.
585 2078 756 2159 Respondit
784 2081 813 2138 ei
842 2077 950 2139 Iesus·
985 2078 1048 2175 Ego

132 2162 234 2241 palam
258 2160 379 2222 locutus
409 2182 476 2221 sum
499 2162 632 2241 mundo,
667 2180 727 2242 ego
755 2181 879 2241 semper
909 2161 1028 2222 docui
1019 2181 1047 2220 ιιι

131 2264 294 2325 synagoga
315 2252 346 2304 et
372 2246 404 2304 in
427 2245 559 2325 templo,
589 2263 651 2324 quo
674 2264 781 2305 omnes
801 2243 910 2306 ludaei
939 2263 1048 2306 conre-

132 2330 229 2389 ιιιιιιιι.
253 2337 283 2391 et
303 2329 333 2387 in
358 2327 480 2389 occulto
504 2327 624 2389 locutus
646 2347 713 2388 surn
735 2327 819 2407 nihil,
842 2328 915 2407 quid
939 2347 989 2389 me
1008 2329 1047 2387 in·

131 2411 294 2491 terrogas?
316 2411 557 2489 interrogarem,
580 2411 909 2491 quraudrcruntquid
933 2411 1047 2473 locutus

130 2494 1048 2647 {ltililitlot”llutffltrltr‘lffl„tetulit

131 2659 216 2721 dedit
237 2660 359 2739 alapam
382 2656 463 2738 lesu,
485 2660 606 2721 dicens:
628 2658 682 2723 Sic
702 2659 872 2741 respondes
890 2661 1048 2723 Pontifici?

132 2743 303 2823 Respondit
326 2745 353 2804 ei
377 2745 476 2802 lesus.
497 2743 529 2804 Si
550 2743 631 2804 male
652 2745 794 2824 loquutus
815 2763 893 2825 sum,
902 2747 1047 2806 testimo·

131 2828 214 2886 nium
237 2825 364 2906 perhibe
385 2824 423 2885 dc
445 2826 549 2905 malo,
583 2828 608 2886 si
637 2836 737 2887 autem
768 2826 865 2907 bene,
903 2828 978 2907 quid
1004 2846 1047 2887 me

131 2908 257 2968 caedis?
292 2909 330 2968 Et
352 2910 431 2969 misit
453 2929 523 2970 eum
541 2876 671 2970 Donnes
693 2909 734 2990 lig
715 2918 818 2969 σιιιιιιιι
840 2911 880 2971 od
903 2911 1047 2993 caipham

133 2990 323 3055 Pontificem

213 3073 288 3133 Erat
310 3080 412 3135 autem
435 3074 540 3136 Simon
563 3076 670 3136 Petrus
697 3084 782 3136 stans
814 3084 846 3136 et
867 3077 1049 3139 calefaciens

130 3174 175 3215 se.
199 3156 348 3217 Dixerunt
370 3177 444 3238 ergo
467 3160 511 3219 ei:
543 3158 686 3237 Nunquid
715 3170 744 3218 et
766 3168 797 3219 tu
825 3178 866 3219 ex
895 3160 1049 3241 discipulis

130 3240 197 3298 eius
218 3240 274 3299 es?
316 3241 448 3336 Negavit
469 3241 535 3315 ille,
573 3254 604 3302 ct
626 3240 715 3302 dixit:
754 3242 823 3302 Non
857 3262 936 3305 suro.
971 3244 1048 3305 Dicit

131 3341 209 3381 unus
243 3342 283 3383 ex
322 3325 419 3384 servis
449 3324 620 3404 Pontificio,
666 3332 817 3404 cognatus
851 3329 934 3403 eius,
966 3329 1048 3388 cuius

130 3405 260 3465 abscidit
283 3405 389 3466 Petrus
419 3408 601 3467 auriculam:
634 3405 746 3469 Nonne
778 3428 838 3489 ego
870 3418 901 3469 te
937 3410 1028 3470 vidi'
1020 3429 1047 3468 ru

129 3486 219 3548 horto
253 3507 321 3548 curn
343 3489 420 3549 illo?
458 3486 571 3551 Iterum
604 3510 679 3571 crgo
708 3494 831 3572 negavit
860 3493 990 3573 Petrus,
1021 3502 1048 3551 et

130 3573 233 3630 statim
256 3572 356 3649 gallus
379 3574 561 3635 cantavit.-

215 3653 377 3715 tdducunt
399 3675 473 3734 ergo
495 3655 597 3715 lesum
620 3676 638 3715 a
660 3655 807 3735 Caipha
800 3676 830 3714 ιιι
853 3658 1045 3737 praetorium,

132 3744 197 3797 erat
219 3746 321 3797 autem
343 3757 449 3817 mane,
482 3741 542 3800 et
533 3740 593 3818 rpsi
615 3758 678 3800 non
706 3740 886 3800 introierunt
913 3741 945 3801 in
964 3758 1045 3821 prue-
