2348 4162
24 259 27 265 ·
121 230 164 298 22
295 290 298 297 ,
388 226 561 301 Exemplum
581 225 740 309 theologiae

122 404 163 467 Μ.
186 404 222 466 D.
245 400 451 482 xxx111.8⁰,
483 407 617 464 stanno
641 399 720 467 1531
749 399 781 463 in
811 399 911 461 lucem
933 397 1048 480 prodiit

1 548 2 554 ,
125 476 235 565 editio,
274 504 353 567 quae
385 484 487 547 adhuc
517 487 548 546 in
582 483 776 550 bibliothecis
806 489 981 544 asservatur
1016 489 1049 568 et
1118 518 1121 530 -

123 572 206 633 hanc
227 588 301 650 prae
323 588 357 630 se
379 570 437 631 tert
458 569 702 650 inscriptionem:

208 652 390 733 Exemplum
423 661 428 727 Ι
456 652 647 733 Theologiae
670 651 675 728 Ι
702 657 733 712 et
749 650 916 712 Doctrinae
935 652 939 724 Ι
958 649 1044 730 Papi-

167 739 252 798 stioc.
272 737 277 814 Ι
295 736 383 797 Hanc
400 736 473 797 olim
487 733 644 816 pulchram
657 742 776 794 veteres
792 733 897 793 dixere
909 731 1049 814 figuram.

169 818 401 900 Wittenbergae
429 817 588 880 cmxxxi
619 817 712 897 (sio).
754 815 790 878 In
812 815 889 876 tine:
916 815 1050 897 Impres-

40 951 46 965 ,.
168 923 233 964 sum
268 896 500 982 Wittenbergae
533 921 588 980 per
622 899 784 962 Nicolaum
813 897 991 962 Sobirlenta.
1019 898 1051 964 4.

63 984 69 1015 ³
396 985 530 1063 (Panaer
552 984 603 1061 lx,
625 986 675 1048 90.
698 982 829 1046 Scbdtac
851 982 900 1062 lli,
922 983 1008 1052 328).
1062 1000 1067 1009 '

35 1135 37 1139 ,
211 1068 279 1132 Nos
301 1072 419 1131 textum
443 1067 630 1128 reddidimus
653 1065 820 1127 secundum
843 1066 924 1126 hauc
945 1065 1052 1126 editio
1110 1086 1112 1091 ·

129 1165 210 1228 nem.
232 1166 311 1232 quae
332 1152 421 1213 nobis
445 1172 485 1212 ex
505 1149 692 1213 bibliotheca
711 1146 911 1211 Scheuriiana
933 1147 1055 1209 Norim·

129 1235 270 1318 bergensi
310 1242 434 1315 praesto
474 1242 549 1297 erat.
601 1233 635 1331 ln
669 1233 878 1314 germanicam
901 1231 1054 1312 baguam

128 1318 309 1379 translatum
332 1319 485 1380 invenitur
514 1319 575 1378 hoc
604 1317 750 1396 scriptum
773 1317 802 1375 iu
825 1313 957 1378 Waichii
980 1314 1054 1376 edit.

128 1401 439 1556 ΓαἳρρᾞΙὶὶιιιΙι.γξῗιιι.
470 1401 556 1493 XiX„
589 1420 619 1481 p.
656 1400 717 1466 808
754 1399 842 1472 (coti.
876 1397 989 1459 introd.
1021 1398 1055 1458 in

43 1716 46 1721 ·
130 1691 386 1815 Exemplum
436 1688 685 1900 ϊὴθοὶοῗῂαθ
740 1695 786 1787 ct
834 1687 1060 1789 doctrinae

34 1860 37 1864 ’
456 1832 583 1924 paplfl
606 1831 712 1900 lodo.

196 1957 285 2047 Hanc
308 1958 379 2021 olim
402 1957 563 2040 pulchram
585 1965 704 2020 veteres
726 1956 833 2020 dixere
855 1956 994 2040 figuram.
1098 1992 1101 1995 ·

489 2080 608 2142 Praei
613 2084 724 2143 atio·

281 2280 283 2285 ,
344 2194 814 2287 =D.Marti1iiLutheri¹).
857 2174 859 2180 Ι

112 2310 115 2317 ’
213 2330 282 2391 Nou
315 2338 363 2392 est
394 2331 446 2393 ulli
483 2352 556 2395 vere
583 2334 757 2396 Christiano
797 2333 936 2411 dubium,
974 2333 1057 2416 quod

82 2468 84 2473 .
130 2414 235 2474 omnia
261 2415 433 2494 pertineant
464 2416 504 2477 ad
527 2416 668 2498 gloriam
697 2417 807 2479 Christi
835 2416 1057 2497 iibrstrandam,

26 2522 28 2526 ·
130 2515 331 2577 quaecuuque
354 2498 494 2560 dicuntur
523 2507 576 2561 aut
597 2501 769 2561 scribuntur
791 2498 828 2561 ad
853 2501 1056 2580 ignominiam

130 2587 161 2641 et
183 2580 419 2646 destructionem
444 2582 681 2646 abominationis
712 2584 799 2644 istius
828 2591 857 2642 et
887 2580 1056 2664 tyrannidis

1 2662 3 2668 '
130 2665 311 2743 papisticae.
335 2665 410 2726 Cum
433 2667 513 2725 enim
536 2668 604 2746 ipsa
626 2667 793 2728 devastarit
815 2671 846 2739 et
867 2666 1057 2728 conculcarit

129 2764 256 2825 regnum
277 2747 333 2807 Dei
357 2756 387 2807 et
401 2747 523 2829 Christi,
547 2748 654 2827 nibil²)
677 2749 821 2826 sanctius,
841 2748 916 2809 nihil
935 2747 1057 2811 honori

132 2827 289 2907 boentius,
313 2829 386 2889 nihil
409 2829 540 2891 divinius
563 2831 733 2908 iecerimus‚
756 2848 846 2910 quem
870 2831 894 2890 si
917 2833 1057 2894 vastatri-

132 2929 198 2971 cem
222 2910 306 2973 illam
338 2912 445 2972 salutis
473 2922 598 2974 nostrae
627 2920 664 2994 et
679 2913 915 2994 profanatricem
939 2914 1057 2995 gioriae

133 2994 189 3054 Dei
207 3012 316 3069 rursus
338 2995 568 3056 vastaverimus'
581 3002 611 3058 et
633 2997 933 3075 commonuerimus,
961 3012 1056 3078 qucu-

56 3120 59 3128 ,
86 3118 89 3124 -
134 3085 196 3136 tum
220 3082 402 3159 possumus,
430 3077 518 3138 iuxta
536 3079 610 3139 iliud
634 3079 734 3161 Apoc.
758 3081 813 3144 18:
851 3079 983 3142 Reddite
1003 3081 1057 3162 ilii,

131 3161 302 3240 sicutipse
323 3160 454 3221 reddidit
476 3160 584 3242 vobis,
618 3169 648 3223 st
670 3163 823 3244 duplicate
850 3162 892 3223 illi
923 3164 1058 3245 duplicia

130 3242 300 3303 secundum
324 3260 419 3324 opera
441 3245 516 3323 eius,
538 3246 569 3305 in
592 3245 716 3326 poculo,·
739 3264 800 3327 quo
821 3246 942 3308 miscuit
956 3248 1056 3327 vobis,

130 3327 259 3387 miscete
280 3325 324 3385 illi
348 3325 481 3406 duplum.
528 3327 682 3405 Quantum
711 3327 895 3410 glorificavit
916 3350 950 3390 se
972 3336 1003 3390 et
1025 3333 1055 3391 iu

15 3456 17 3462 Α
120 3408 250 3469 deliciis
273 3409 346 3489 suit,
369 3417 485 3471 tantum
510 3410 581 3473 date
602 3411 646 3472 ilii
671 3417 853 3473 tormentum
878 3413 1055 3476 etinctum.

183 3591 211 3658 1)
232 3591 262 3644 In
283 3591 327 3647 ed.
346 3593 404 3648 Ien.
422 3592 535 3662 legitur:
555 3593 589 3647 D.
608 3591 742 3647 Martinus
760 3590 896 3648 Lntberus
921 3591 972 3648 Pio
991 3592 1056 3648 Lec-

129 3662 192 3720 tori.
232 3662 265 3732 2)
286 3662 373 3719 lbid.:
400 3661 467 3718 nihil
485 3663 590 3733 utilius,
616 3663 683 3718 nibil
702 3663 839 3733 sanctius,
867 3663 950 3735 nihii,
979 3664 1056 3737 quod

127 3733 188 3794 Doo
210 3736 301 3808 magis
319 3739 440 3807 prensat,
459 3733 613 3794 fecerimus.
