2348 4162
107 258 109 262 ‘
126 248 168 314 48
357 248 362 258 '
440 249 586 306 Adversus
605 256 740 307 armatum

124 412 260 473 infamia.
303 413 343 472 Et
365 420 543 494 oportuerat
564 434 639 475 sane
662 414 826 475 Dominum
850 415 996 495 Coelear,
1025 413 1052 475 si

126 497 298 576 sapuisset,
326 500 490 558 aestimare
512 497 584 577 qnid
607 518 667 559 nna
689 499 810 569 testudo
829 519 897 559 aum
920 497 984 559 suis
1006 495 1053 559 fu·

43 655 46 661 ¹
127 581 227 658 gitivis
252 581 393 641 cornibus
417 588 513 641 tentet
550 581 696 642 adversus
726 581 828 660 illum,
857 601 947 662 quem
971 582 1052 642 Pari·

127 664 259 740 sieuses,
282 663 505 744 Lovanienses,
530 664 746 746 Coloniensas,
776 666 987 726 Romanenses
1021 674 1052 724 et

127 745 274 825 quidquid
296 754 343 807 est
364 749 471 807 virium
493 749 525 806 in
547 766 678 828 corpore
692 749 795 829 Papae
818 768 962 829 superare
988 767 1051 809 non

128 836 304 910 potuerunt.
893 848 896 853 ·

210 912 270 974 Sed
305 919 371 974 erat
399 933 459 973 una
481 913 582 974 solatii
605 933 691 994 spes,
727 914 810 992 quod
834 915 939 974 liceret
960 914 1052 993 glori·

128 998 187 1056 ari:
222 996 289 1075 Ego
312 998 418 1076 scripsi
440 1016 531 1056 unum
555 997 663 1057 librum
685 1008 792 1058 eontra
814 998 993 1076 Lulherum3
1027 998 1052 1058 si

128 1079 376 1159 quidemmultis
398 1078 527 1159 aliisque
549 1079 632 1139 libris
655 1081 753 1140 inme
775 1082 896 1160 seriptis
918 1081 991 1140 nibil
1006 1086 1053 1141 est

129 1163 283 1243 opinionis
307 1170 336 1223 et
357 1163 476 1243 gloriae
497 1163 683 1243 quamquod
696 1163 756 1223 boo
777 1165 864 1224 titulo
889 1164 1048 1225 vehuntur:

129 1246 243 1307 Contra
254 1247 427 1309 Lutherum.
471 1246 538 1327 Ego
562 1248 636 1307 eitra
659 1254 688 1306 et
700 1255 819 1327 praeter
831 1255 936 1308 votnm
950 1267 1050 1308 meum

128 1331 158 1390 in
181 1330 304 1410 publieo
328 1331 482 1390 exaltatus
504 1349 559 1410 per
581 1330 733 1391 Christum
771 1350 867 1410 oogor
898 1334 956 1391 ista
977 1341 1050 1392 ster·

129 1409 203 1474 sora
225 1432 344 1473 meeum
366 1415 396 1473 in
420 1412 550 1472 sublime
573 1415 693 1494 vehere,
717 1421 749 1473 ut
773 1417 863 1494 vulgo
888 1415 998 1474 dieitur
1012 1415 1052 1476 de

128 1495 192 1556 luto
214 1498 289 1557 rotis
312 1498 474 1575 haerente,
506 1503 539 1556 ut
567 1515 689 1576 semper
722 1516 841 1557 summa
875 1499 952 1583 petit
973 1499 1052 1559 livor

127 1581 290 1660 impotens.

210 1664 275 1726 larn
299 1669 444 1742 quantum
468 1669 514 1722 est
536 1662 708 1724 dementiae
725 1671 947 1744 argumentum,
968 1664 1051 1745 qnod

119 1745 286 1828 gloriatur,
309 1766 378 1808 sese
402 1746 601 1808 Vuormatiae
624 1747 667 1806 sio
689 1746 760 1807 mihi
783 1747 933 1828 loentum,
958 1760 991 1808 ut
1013 1749 1051 1808 ad

128 1832 269 1891 lacrimas
302 1836 435 1910 sugeret.
492 1829 561 1889 Non
602 1830 759 1910 imputabo
795 1831 854 1890 hos
887 1833 1051 1913 nequitiae,

128 1915 208 1974 sient
243 1914 320 1991 dixi,
357 1913 412 1973 sed
446 1912 632 1993 dementiae,
664 1913 746 1974 malo
769 1933 838 1973 eum
860 1915 1000 1975 insanum
1024 1923 1053 1976 et

130 1997 339 2058 misericordia
361 1996 501 2077 dignum,
525 2015 615 2075 quam
638 1997 752 2056 malum
776 2003 807 2057 et
829 1997 900 2058 odio
925 1998 1051 2079 dignum

128 2080 250 2161 haberi,
273 2079 388 2158 alioqui
416 2080 443 2141 si
466 2098 595 2158 oompos
619 2080 666 2138 sui
688 2081 733 2140 sio
755 2080 948 2161 impudenter
969 2090 1056 2142 men·⁴

129 2165 249 2242 tiretnr,
279 2164 345 2242 quis
369 2181 430 2224 non
455 2162 602 2223 Coeleum
623 2164 775 2242 insignem
800 2164 984 2225 nebulonem
1007 2166 1052 2224 iu·

130 2246 264 2309 disaret?
308 2245 431 2307 Seilieet
460 2248 517 2306 iste
539 2246 672 2306 Pericles
694 2247 857 2323 Lutherum
891 2248 929 2308 ad
967 2248 1052 2308 luori-

130 2349 195 2390 mas
218 2336 366 2407 moveret,
388 2331 438 2409 qui
460 2329 673 2409 siopueriliter
684 2329 867 2409 loquebatur
888 2340 918 2391 et
939 2331 1053 2412 agebat

129 2415 233 2474 omnia
254 2414 465 2495 yuormatiae,
499 2421 531 2472 ut
563 2413 601 2474 ab
635 2414 793 2494 omnibns,
828 2416 878 2493 qui
912 2414 1051 2494 aderaut,

128 2501 220 2558 etiam
245 2515 293 2556 me
314 2498 410 2558 invito
433 2504 465 2556 et
487 2496 668 2576 prohibente
690 2503 835 2576 tanquam
851 2497 951 2558 fatuus
973 2497 1051 2560 ride·

127 2587 218 2644 retur.
262 2579 384 2642 Testem
424 2580 548 2660 appello
584 2599 669 2640 suam
699 2582 793 2661 ipsius
821 2583 1052 2662 consulentiurn,

128 2666 153 2724 si
175 2684 268 2724 sanus
292 2664 438 2744 meminit,
462 2670 607 2742 qnantum
630 2664 677 2723 vel
700 2664 739 2725 ab
763 2683 823 2725 nno
845 2666 882 2724 l).
904 2665 1052 2746 Hierony·

130 2767 180 2809 mo
203 2747 326 2808 Sshurli
349 2748 420 2807 salis
449 2752 481 2806 et
502 2749 568 2807 nasi
590 2766 699 2826 passus
722 2754 783 2829 est,
812 2756 874 2809 tum
910 2751 1052 2829 maxime,

129 2850 198 2891 oum
235 2833 326 2892 vellet
358 2830 600 2909 sapientissimus
634 2836 665 2890 et
698 2849 822 2910 prorsus
845 2839 979 2892 armatus
1001 2831 1053 2892 ille

39 2963 44 2972 .
129 2914 261 2975 Coeleus
285 2913 390 2993 videri,
412 2913 509 2973 sensit
529 2913 610 2973 enim
633 2920 663 2974 et
684 2914 808 2996 indigne
831 2917 923 2976 etiarn
946 2915 1023 2977 tulit.

212 2998 263 3058 Sia
285 3004 316 3057 et
347 2997 407 3057 hoo
429 2995 621 3056 mendacium
649 2997 757 3059 morbo
780 2998 954 3076 tribuerim,
989 3018 1052 3059 non

129 3082 280 3161 malitiae,
304 3079 387 3160 qnod
409 3081 502 3140 laetat
524 3082 724 3161 triumphum,
759 3101 870 3162 nempe
892 3082 975 3162 quod
998 3082 1053 3143 ob·

129 3165 222 3226 latum
253 3163 387 3224 duellum
416 3166 591 3225 reeusarim.
633 3164 726 3226 Testa
755 3167 847 3225 etiarn
871 3165 986 3227 Coeleo
1009 3165 1053 3225 sio

129 3268 178 3309 res
203 3248 303 3311 habet.
348 3247 489 3327 Coclens,
513 3249 578 3308 sive
600 3250 724 3329 propria
746 3249 871 3309 stultitia
892 3249 958 3309 siva
982 3248 1053 3308 alie·

130 3333 177 3392 nis
210 3331 309 3392 verbis
341 3331 539 3409 subornatus,
573 3332 750 3411 postulabat
772 3352 789 3392 a
808 3351 873 3412 me,
908 3338 939 3391 nt
961 3330 1052 3392 fidem

128 3415 282 3495 publicam
296 3414 437 3475 Caesaris
452 3416 650 3495 resignarem,
674 3423 736 3473 tum
760 3434 830 3475 sese
843 3415 922 3475 velle
932 3432 1051 3474 meeum

130 3499 285 3579 disputare
311 3499 423 3579 palam.
466 3498 525 3557 Hio
554 3506 717 3578 antequam
741 3516 799 3579 ego
822 3497 1052 3578 responderem,

130 3583 285 3644 communi
308 3583 457 3644 caehinno
489 3587 620 3661 excepta
648 3582 780 3642 hominis
805 3581 976 3658 absurditas
997 3591 1053 3643 ast.

129 3666 203 3727 Pars
226 3686 293 3726 eum
315 3667 448 3726 insanire
469 3664 612 3746 putabat,
641 3671 674 3725 ut
696 3666 746 3744 qni
770 3665 925 3745 disputare
947 3665 1054 3743 nollet,

129 3751 185 3811 nisi
209 3750 269 3809 fide
291 3750 414 3831 publiea
437 3750 619 3830 postposita,
643 3750 728 3827 qnasi
752 3748 897 3829 disputari
910 3766 973 3808 non
983 3767 1053 3827 pos·
