2348 4162
404 212 506 273 debeat
525 230 588 273 esse
605 214 730 275 liberum.
982 212 1044 285 439

120 386 368 451 machinationes
389 386 438 447 vel
461 387 705 466 conspirationes
726 387 811 456 fiant.
853 389 894 450 nt
914 391 940 451 si
954 387 989 472 h)
1007 410 1044 452 ac

121 471 245 551 quoties
267 468 383 549 aliquid
405 469 513 531 horum
536 473 659 531 tractari
681 472 800 532 scivero
815 469 854 553 ¹),
876 473 906 533 id
929 493 969 533 ne
991 474 1046 535 liat

121 572 180 635 pro
203 571 296 646 posse
318 552 481 633 impediam
499 560 530 614 et
552 562 666 633 quanto
689 554 852 615 commode
873 563 982 634 potero
1005 559 1044 617 ei-

120 636 193 699 dem
204 633 232 716 ¹)
256 636 391 697 Domino
413 645 529 711 nostro,
553 637 711 713 velaltcri‚
734 657 889 717 perquem
912 638 1044 700 cdillius

120 720 263 781 notitiam
294 719 455 799 pervenire
486 720 599 800 possit,
632 718 822 800 significabo.
865 720 1043 803 Consilium,

120 801 206 883 qnod
229 801 302 863 mihi
334 821 389 882 per
410 821 443 862 se
466 802 513 863 vel
536 804 664 863 nuncios
698 823 751 863 seu
778 803 880 865 literas
903 803 1045 865 credituri

120 892 204 963 sunt,
226 884 266 945 ad
288 904 393 946 eorum
409 884 552 946 damnum
576 887 691 946 demini
703 883 741 969 k)
764 885 914 968 pandam,
937 887 976 948 ad
994 888 1045 949 de·

120 967 311 1031 lendendum
339 973 371 1029 ct
389 967 582 1029 retinendum
605 969 753 1049 Pepctum
767 967 794 1045 l)
820 970 991 1031 Romanum
1015 979 1045 1031 st

119 1050 239 1132 regalis
261 1052 359 1112 sancti
381 1051 461 1113 Petri
485 1059 593 1112 contra
617 1071 738 1113 omnem
752 1057 796 1127 111)
821 1053 976 1114 bominem
990 1052 1046 1114 ad-

122 1136 206 1196 iuter
216 1133 247 1211 11)
271 1152 333 1196 ero.
376 1133 591 1214 Antoritatem,
614 1136 776 1215 privilegia
798 1142 828 1195 et
849 1137 931 1215 iure,
952 1154 1045 1216 quan·

122 1224 188 1279 tum
209 1217 240 1276 in
264 1235 313 1277 me
336 1222 397 1291 est,
429 1219 531 1295 potius
565 1217 764 1298 adaugereo)
794 1225 825 1278 et
852 1238 1045 1298 promovere,

120 1306 247 1379 statuta,
270 1299 490 1379 ordinationes,
512 1303 746 1378 reservationes,
775 1300 992 1381 dispositiones
1014 1306 1046 1363 et

121 1382 271 1445 mandute
303 1382 477 1443 huiusmodi
510 1382 723 1458 observares)
756 1390 786 1443 et
819 1385 862 1444 eis
884 1384 1044 1445 intendere

122 1466 249 1529 curabo.
301 1465 434 1546 Legatos
447 1463 480 1545 q)
521 1465 602 1526 sedis
635 1465 837 1545 Apostolicue
874 1466 1045 1528 honorilice

122 1547 263 1611 tractabo
300 1556 331 1609 et
362 1549 392 1609 in
410 1549 480 1608 -suis
504 1548 737 1609 necessitatibus
760 1549 923 1613 adiuvabo.
966 1550 1045 1611 Hae·

121 1632 237 1695 reticos
249 1631 280 1714 r)
304 1638 335 1692 et
356 1631 579 1710 schismaticos,
602 1638 633 1692 et
655 1633 705 1712 qui
730 1631 819 1692 alicui
842 1651 883 1691 ex
904 1633 1044 1693 Dominis

122 1714 236 1776 nostris
260 1713 531 1774 etsuccesscribus
552 1713 715 1794 praedictis
727 1713 857 1775 rebelles
870 1718 899 1787 ⁸]
924 1715 1044 1795 fuerint,

144 1817 179 1858 ro
202 1796 352 1873 viribust)
382 1816 550 1877 persequer
582 1805 612 1857 et
633 1798 829 1877 impugnabo.
874 1795 970 1871 sisu)
995 1817 1046 1858 me

122 1819 210 1945 licus
232 1880 356 1941 adiuvet
377 1887 409 1941 et
429 1880 506 1941 haec
527 1887 635 1941 sancte
656 1881 713 1941 Dei
734 1879 913 1956 Evangelia.

380 2111 386 2119 ,
433 2045 739 2108 Annotctiones.

207 2208 295 2271 Hanc
314 2212 475 2271 iuramenti
499 2210 754 2292 formulamgidso
777 2213 875 2292 primo
898 2211 968 2273 loco
990 2231 1046 2292 po-

122 2312 198 2355 nere
220 2292 322 2374 volui,
361 2293 443 2373 quod
466 2294 505 2354 sit
525 2293 651 2372 reliquis
687 2295 828 2355 omnibus
861 2296 996 2374 apertior
1018 2301 1048 2354 et

122 2376 321 2457 explicatior,
355 2377 469 2456 quippe
504 2378 534 2436 in
559 2394 619 2455 quc
641 2377 725 2455 Papa
755 2378 822 2437 sine
843 2377 906 2437 ullo
930 2375 1048 2457 pudore

123 2478 233 2522 omnes
256 2477 327 2519 suas
349 2460 596 2520 abominationes
618 2460 798 2520 nominatim
821 2457 1048 2540 approbandas,

122 2541 362 2623 promovendas,
372 2561 411 2602 ec
424 2540 632 2602 defendendas
646 2541 877 2620 diligentissime
887 2544 1049 2603 recenseat

124 2632 156 2687 et
177 2626 293 2706 exigat.
336 2624 375 2685 Et
396 2632 443 2685 est
465 2625 548 2697 velut
570 2626 673 2704 imago
693 2624 843 2703 quaedam
866 2627 959 2687 totins
981 2643 1047 2704 reg-

123 2710 157 2769 ni
178 2707 322 2786 Papistici
345 2706 597 2768 artificiosissime
616 2706 746 2786 depicta,
768 2709 799 2766 iu
818 2725 878 2786 qua
890 2709 1047 2786 ingenium

123 2798 155 2853 et
176 2790 326 2851 vafritiem
338 2791 578 2851 Romanensium
595 2790 825 2869 deprehendere
847 2790 926 2852 licet,
971 2789 1047 2850 Cum

123 2876 206 2936 enim
228 2874 330 2953 plures
353 2874 445 2953 longe
468 2874 658 2952 reperiantur
679 2874 846 2950 Doctores,
870 2892 960 2952 quam
984 2873 1048 2951 epi·

123 2957 224 3035 scopi,
246 2964 437 3037 regnentque
458 2957 488 3015 in
511 2955 632 3017 Scholis
654 2956 800 3035 publicis,
822 2957 853 3015 in
877 2956 997 3035 templis
1019 2960 1050 3015 et

123 3038 343 3117 concionibus,
378 3041 499 3118 sintque
521 3040 735 3118 episcopcrum
759 3037 914 3101 Officiales
936 3057 973 3099 ac
995 3038 1048 3098 Vi-

124 3123 210 3198 cerii,
245 3123 414 3202 principum
448 3130 478 3182 st
508 3120 670 3182 liberarum
694 3124 849 3183 civitatum
872 3122 1048 3198 consiliarii,

123 3204 215 3266 facile
237 3204 395 3284 viderunt,
430 3206 454 3264 si
490 3223 544 3265 eos
567 3204 720 3265 obnoxios
742 3205 909 3285 haberent,
942 3223 1048 3264 eorum

100 3306 223 3370 ⁸operc
257 3294 354 3351 totum
377 3288 549 3349 Romanum
583 3288 742 3367 imperium
776 3307 810 3348 se
846 3305 1048 3367 oppressuros

200 3568 233 3637 1)
253 3568 285 3622 In
302 3568 346 3624 cd.
380 3569 450 3638 orig.
470 3568 515 3623 hic
541 3570 638 3625 addita
656 3574 699 3624 cst
717 3568 788 3624 haec
806 3574 888 3623 nota:
907 3567 997 3622 Etiam
1016 3582 1050 3621 ex

118 3645 238 3703 ,secreta
256 3639 446 3707 confessione,
475 3655 538 3695 nam
558 3642 677 3711 sigillum
693 3640 880 3714 ,confessionis
899 3655 990 3695 merus
1008 3645 1051 3695 est

126 3710 216 3780 incus²
234 3727 290 3783 quo
309 3713 387 3771 laicis
406 3729 439 3771 os
457 3712 595 3769 oblinitur.
