2348 4162
183 266 186 271 .
275 216 313 275 ad
331 216 365 275 D.
383 218 528 277 &samum
549 217 776 276 Roterodamum.
923 218 985 285 163

54 407 126 469 suo,
149 406 214 449 non
235 407 306 451 meo
329 388 453 450 arbitrio
466 388 563 452 libero
585 393 683 470 gesta,
705 389 846 470 quamvis
868 393 900 449 et
919 389 987 469 ipse

54 469 192 532 mundus
225 470 255 531 id
277 472 456 533 iamdudum
489 474 623 534 sensisse
655 471 788 534 deberet.
832 470 871 531 Et
893 471 986 551 plane

54 556 87 615 in
111 554 256 616 odiosum
279 555 383 616 looum
405 575 454 617 me
476 556 535 617 isto
548 555 678 618 exordio
702 555 838 631 ooniiois,
862 561 904 635 ut,
927 554 987 614 nisi

55 656 108 698 me
130 639 230 718 ipsum
252 639 408 699 instruero
432 644 463 700 et
483 645 530 700 tot
543 640 647 700 Patres
675 640 900 719 vituperavero,
923 655 986 698 non

55 721 150 782 taoile
174 740 223 782 me
246 720 419 803 expediam,
443 722 497 783 sed
512 722 644 784 breviter
659 721 774 784 dicam:
798 720 988 799 Eruditione‚

55 805 213 886 ingenio,
237 804 456 886 multitudine,
479 807 643 867 autoritate
679 813 709 867 et
731 804 873 877 omnibus
909 803 987 884 aliis,

57 889 153 948 etiam
176 894 207 948 te
228 888 339 969 indiae,
365 888 454 950 oedo.

144 969 225 1045 Quid
247 978 351 1032 autem
373 972 413 1033 sit
435 973 572 1033 ostensio
586 972 720 1053 spiritus,
745 969 817 1051 quid
830 967 987 1048 miracula,

58 1053 134 1133 quid
156 1056 371 1135 sanctimonia,
394 1054 472 1114 haee
496 1057 552 1115 tria
575 1057 601 1115 ai
622 1075 641 1115 a
664 1062 693 1116 ts
704 1056 866 1134 requiram,
892 1070 987 1131 quan·

56 1146 124 1219 tum
149 1155 189 1198 ex
211 1136 305 1199 literis
333 1144 364 1199 et
385 1137 468 1198 libris
500 1140 559 1198 tuis
582 1145 613 1200 te
636 1140 729 1219 novi,
766 1137 936 1217 imperitior
958 1140 988 1194 et

58 1221 254 1301 ignorantior
283 1220 456 1299 videberis,
485 1240 576 1300 quam
600 1229 633 1282 ut
665 1222 727 1282 ulla
749 1219 871 1302 syllaba
892 1236 987 1299 queas

59 1303 236 1365 ostendere.
279 1304 341 1365 Aut
368 1305 394 1366 si
417 1323 542 1384 urgeam
566 1311 596 1365 et
617 1305 790 1385 postulem,
825 1320 987 1382 quemnam

58 1388 140 1447 inter
163 1405 272 1448 omnes
295 1387 375 1466 illos,
398 1406 476 1466 quos
499 1388 622 1465 laetas,
663 1395 747 1449 oerto
777 1387 878 1467 possis
902 1404 988 1446 mon·

59 1475 159 1530 strare
201 1476 342 1530 sanetum
372 1471 465 1530 luisse
501 1469 549 1531 vel
572 1489 661 1551 esse,
692 1478 743 1531 aut
772 1470 910 1550 spiritum
931 1468 989 1527 ha-

59 1552 174 1633 buisse,
198 1559 251 1613 aut
272 1572 345 1614 vera
368 1552 514 1614 miracula
535 1552 687 1629 edidisse,
712 1552 841 1615 arbitror
863 1559 893 1612 te
915 1551 989 1611 mul·

61 1643 137 1717 tum,
160 1635 215 1696 sed
237 1635 348 1697 frustra
370 1637 547 1697 sudaturam
571 1656 648 1700 ease.
686 1636 781 1697 lllulta
804 1635 937 1714 loqueris
950 1653 990 1693 ex

62 1737 117 1780 usu
135 1725 167 1779 et
178 1717 308 1800 publiois
329 1720 523 1783 sermonibus
535 1727 673 1801 aooepta,
696 1738 776 1800 quae
804 1737 867 1778 uon
890 1715 989 1777 aredis

62 1816 212 1883 quantum
234 1804 375 1863 amittant
396 1802 468 1863 fidei
485 1808 517 1863 et
539 1803 720 1881 autoritatis,
743 1803 768 1863 si
791 1801 829 1861 ad
845 1799 990 1860 iudioium

63 1887 274 1947 eonscientiae
295 1893 451 1950 vorentur,
486 1887 599 1946 Varum
625 1894 670 1948 ost
687 1884 892 1967 proverbium,
917 1881 991 1943 mul-

63 1975 110 2030 tos
132 1970 165 2029 in
188 1975 269 2030 terra
290 1968 346 2050 pro
367 1971 480 2031 sanetis
501 1968 616 2052 haberi,
639 1966 767 2051 quorum
787 1969 992 2030 animaesunt

64 2052 93 2112 in
116 2052 249 2117 inferne.

146 2135 210 2197 Sed
233 2135 382 2197 donemus
405 2136 476 2217 tibi,
512 2136 537 2195 si
560 2139 623 2217 vis,
652 2137 742 2198 stiam
767 2153 874 2197 omnes
897 2132 991 2193 luisse

65 2225 206 2297 sanotos,
227 2238 334 2280 omnes
356 2219 501 2281 habuisse
513 2221 661 2300 spiritum,
685 2238 792 2280 omnes
805 2218 915 2279 lesisse
936 2217 990 2276 mi·

65 2302 170 2363 maula
196 2302 296 2382 (quod
318 2309 434 2363 tamen*
449 2321 511 2363 nou
533 2305 649 2384 petis),
672 2303 732 2364 hoo
754 2301 827 2361 mihi
858 2300 923 2378 dio,
953 2317 992 2358 an

65 2386 94 2446 in
118 2386 245 2448 nomine
266 2393 320 2446 aut
342 2387 452 2446 virtute
480 2385 566 2447 liberi
585 2386 721 2465 arbitrii,
748 2383 861 2445 autad
884 2380 993 2442 oonflr·

66 2467 213 2530 mundum
238 2467 352 2549 dogma
375 2469 412 2530 de
434 2467 530 2530 libero
552 2470 676 2531 arbitrio
701 2467 780 2528 ullus
803 2485 908 2527 eorum
931 2466 995 2525 fua·

65 2553 102 2612 rit
124 2557 277 2632 sanstus,
299 2553 453 2633 acceperit
473 2553 635 2632 spiritum,
670 2550 797 2613 ediderit
819 2547 991 2609 miracula?

65 2634 156 2697 Absit
171 2635 339 2717 (inquies),
362 2635 468 2696 sedin
492 2636 617 2696 nomine
639 2642 670 2696 et
692 2636 801 2695 virtute
813 2632 881 2692 lesu
906 2630 990 2691 Chri·

66 2720 126 2797 sti,
149 2725 182 2780 et
203 2738 260 2799 pro
284 2719 428 2797 dogmate
451 2718 562 2779 Christi
584 2719 754 2780 factasunt
774 2716 853 2777 haeo
877 2714 990 2776 omnia.

66 2800 149 2877 Quid
170 2803 263 2883 igitur
286 2803 532 2882 sanctimoniam,
556 2803 705 2882 spiritum,
728 2798 875 2862 miracula
887 2815 994 2858 eorum

65 2904 124 2967 pro
147 2884 295 2966 dogmate
317 2885 404 2947 liberi
433 2886 548 2948 arbitrii
570 2885 717 2965 adducis,
750 2902 806 2964 pro
838 2900 900 2962 quo
923 2880 995 2941 data

67 2976 97 3031 et
120 2968 204 3030 faeta
225 2987 287 3030 non
310 2968 402 3030 sunt?

151 3051 270 3116 Nostra
290 3055 382 3134 igitur
403 3061 474 3116 sunt
488 3053 610 3113 illorum
632 3049 795 3128 miraoula,
820 3048 942 3128 spiritus
965 3052 997 3107 et

66 3138 286 3214 sanstimonia,
309 3138 360 3218 qui
381 3132 484 3199 Iesum
508 3136 678 3217 Christum,
704 3152 764 3195 non
787 3138 890 3201 autem
913 3130 993 3189 viras

67 3227 122 3283 aut
144 3241 241 3303 opera
263 3223 419 3284 hominum
444 3220 668 3304 praedicamus.
703 3215 856 3293 Quidiam
876 3213 995 3288 mirum,

67 3309 93 3369 si
115 3308 164 3388 ii,
187 3308 240 3387 qui
263 3309 378 3387 saneti,
401 3305 592 3386 spirituales,
616 3301 769 3362 mirabiles
791 3299 922 3375 luerunt,
945 3295 997 3354 ali·

68 3396 192 3474 quoties
215 3411 307 3454 oarne
334 3389 493 3472 praeventi
516 3387 610 3448 loouti
645 3390 717 3446 sunt
745 3388 776 3443 et
805 3380 924 3461 operati
947 3396 995 3438 se·

68 3478 204 3543 eundum
227 3472 403 3553 oernemll,
426 3469 602 3553 quandoid
627 3476 657 3531 st
677 3466 752 3548 ipsis
767 3462 917 3547 apostolis
940 3458 996 3521 sub
1107 3482 1111 3487 ·

141 3663 175 3730 1)
195 3660 228 3714 ln
244 3634 289 3715 ed.
315 3658 385 3716 1526
409 3655 479 3712 haee
506 3655 547 3711 sio
570 3654 713 3723 leguntur:
742 3646 889 3716 aliquoties
913 3656 998 3700 earne

69 3753 196 3805 camem3
216 3743 312 3791 nostra
322 3730 405 3785 lectio
422 3728 541 3798 repetita
562 3732 605 3782 est
623 3739 658 3779 ex
676 3721 719 3778 ad.
741 3721 810 3777 1525
830 3723 858 3773 et
875 3715 919 3773 ed.
940 3717 998 3770 len.

721 3791 786 3857 11*
