2348 4162
278 264 316 321 sd
332 264 368 323 D.
384 265 530 322 'arsamum
547 265 774 323 Roterodamum.
926 263 988 332 301

150 433 242 511 Quod
264 436 356 516 igitur
378 433 452 501 dicis
467 432 516 515 ¹):
538 434 604 496 Nec
625 436 725 497 omnis
747 435 875 499 affectus
892 436 989 498 homi·

66 520 112 580 nis
135 528 184 580 est
205 537 288 596 caro,
311 517 365 579 sed
387 523 444 600 est,
466 519 517 597 qui
541 517 649 579 dicitur
670 518 781 601 anime,
804 520 923 601 estqui
947 520 987 581 di·

66 604 144 663 citur
165 603 305 684 spiritus,
338 621 398 682 qno
420 603 545 662 nitimur
565 601 604 662 ad
626 601 767 681 honesta,
791 605 870 665 sicut
891 601 988 683 pbilo-

66 687 155 767 sopbi
167 687 226 746 nisi
240 684 274 768 ²)
287 692 367 766 sunt,
391 687 442 764 qui
457 684 635 766 docuerunt,
659 686 767 746 millies
781 685 987 770 oppetendam

66 789 133 831 esse
156 775 285 831 mortem
305 769 404 847 citius,
426 787 516 849 quarn
529 769 748 849 admittendam
762 769 989 850 turpitudinem,

67 854 186 914 etiamsi
208 853 354 913 sciremus
377 852 520 928 futurum,
543 859 576 913 ut
596 853 774 933 ignorarent
793 853 935 914 homines
958 857 989 914 et

67 935 148 996 Deus
170 937 353 1016 ignosceret.

147 1018 354 1099 Respondent
383 1015 443 1091 Qui
465 1017 538 1079 nihii
561 1025 644 1079 certe
657 1017 688 1096 ³)
715 1018 826 1097 credit,
855 1018 925 1078 huic
945 1018 988 1078 fa-

66 1102 123 1162 cile
145 1109 203 1178 cst,
226 1102 345 1180 quidvis
368 1099 493 1160 credere
520 1106 551 1162 et
572 1101 682 1163 dicere.
726 1102 795 1162 Non
819 1121 897 1183 ego,
933 1101 987 1162 sed

65 1185 216 1245 Lucienus
239 1193 307 1244 tuus
337 1192 368 1244 te
388 1185 573 1264 interroget,
606 1205 644 1244 an
675 1205 766 1245 onum
790 1187 821 1246 in
844 1187 987 1246 universo

65 1287 180 1348 genere
202 1267 337 1328 humano
367 1267 425 1343 (sit
457 1267 502 1327 bis
527 1274 579 1326 aut
602 1269 715 1343 septies
736 1270 804 1348 ipse
826 1267 986 1350 Socrates)

65 1352 229 1412 ostendere
251 1368 346 1430 queas
357 1347 402 1432 ⁴),
425 1350 476 1428 qui
498 1349 560 1409 boc
573 1352 767 1429 praestiterit,
790 1352 871 1431 quod
894 1350 988 1412 tubic

65 1434 150 1513 dicis,
173 1440 206 1495 et
226 1432 281 1494 cos
305 1433 447 1493 docuisse
470 1432 599 1493 scribis?
629 1433 708 1509 Quid
731 1436 822 1513 igitur
842 1435 987 1496 'inanibus

66 1517 166 1578 verbis
201 1515 367 1577 fabularis?
410 1515 458 1576 Ad
493 1514 624 1576 honesta
650 1517 693 1576 illi
723 1519 907 1593 niterentur,
936 1519 986 1596 qui

64 1602 155 1661 etiam
179 1599 377 1675 nesciebant,
400 1599 471 1677 quid
495 1608 577 1659 esset
599 1598 784 1660 honestum?
815 1599 986 1660 Honestum

63 1683 143 1744 forte
164 1682 266 1761 dices,
302 1683 327 1742 si
350 1681 525 1762 exemplum
558 1685 851 1760 praestantissimum
874 1689 987 1762 petam,

63 1766 146 1846 quod
168 1785 225 1846 pro
248 1767 357 1845 patria,
379 1782 435 1843 pro
457 1765 640 1845 coniugibus
661 1774 691 1825 et
713 1765 832 1846 tiberis,
855 1784 911 1845 pro
932 1785 987 1846 pa·
1098 1844 1101 1849 ι

63 1848 201 1910 rentibus
223 1848 431 1926 occubuerint,
453 1855 516 1927 aut,
540 1866 578 1907 ne
589 1849 788 1909 mentirentur
804 1857 858 1908 aut
878 1848 986 1929 prode-

62 1940 141 2012 rent,
162 1933 333 2010 exquisitos
354 1931 504 1991 cruciatos
518 1932 705 2012 pertulerint,
729 1932 835 2011 quales
848 1930 883 2007 Q.
897 1930 986 1992 Soce-

64 2015 147 2094 rola,
170 2015 207 2076 M.
232 2014 368 2094 Regulus
392 2020 421 2073 et
443 2014 496 2073 atii
518 2013 638 2076 tuerint.
682 2014 760 2091 Quid
789 2016 916 2080 veroin
940 2015 986 2076 his
1067 2024 1070 2031 '

63 2097 207 2159 omnibus
234 2099 290 2158 nisi
324 2097 459 2178 speciem
483 2105 641 2158 externam
665 2117 790 2178 operum
815 2104 986 2159 monstrare

62 2181 202 2261 poteris?
224 2182 272 2242 An
296 2200 350 2242 cor
372 2199 478 2240 eorum
502 2178 625 2241 vidisti?
647 2182 710 2242 imo
726 2181 817 2244 simul
839 2183 987 2263 inspecie

61 2266 166 2345 operis
188 2264 345 2345 apperuit,
379 2262 461 2343 quod
494 2282 550 2342 pro
572 2264 670 2343 gioria
699 2286 755 2327 sua
782 2265 861 2326 hcec
883 2266 987 2326 omnin

62 2354 241 2428 gesserunt,
273 2348 315 2407 ita
343 2354 376 2406 ut
396 2365 455 2406 nec
478 2344 620 2426 puduerit
646 2347 785 2409 confiteri
808 2355 840 2409 et
862 2348 985 2428 gloriari

62 2450 133 2492 sese
153 2431 285 2512 gloriam
314 2448 399 2490 suem
428 2446 586 2507 quaerere.
628 2429 706 2491 Nem
735 2438 766 2491 et
795 2430 894 2510 gloria
917 2451 983 2512 per·

62 2521 170 2575 urente
193 2521 354 2593 gesserunt
365 2513 506 2590 Romani,
529 2514 667 2591 ipsismet
683 2513 819 2593 testibus,
841 2514 983 2594 quicquid

62 2598 182 2658 virtutis
201 2603 381 2678 gesserunt,
403 2597 446 2655 its
468 2601 500 2656 et
520 2593 647 2677 Graeci,
670 2597 712 2656 ita
735 2605 765 2658 et
786 2594 909 2675 Iudaei,
943 2597 986 2659 its

62 2687 91 2740 et
112 2699 207 2742 omne
228 2699 325 2760 genus
349 2679 517 2741 hominum.

144 2763 206 2825 eeu
229 2772 262 2823 ut
282 2761 327 2823 ‘sit
347 2763 409 2824 hoc
430 2761 592 2822 honestum
620 2761 701 2840 apud
723 2762 881 2841 homines,
904 2763 991 2843 apud·

61 2843 162 2908 Deum
185 2856 286 2907 temen
310 2845 384 2906 nibil
407 2852 453 2905 est
474 2845 674 2925 inhonestius,
696 2846 759 2907 imo
772 2846 983 2927 impiissimum

61 2936 92 2990 et
112 2949 266 2990 sommum
289 2929 492 3008 sacrilegium,
516 2947 627 3008 nempe
651 2927 734 3006 quod
756 2949 818 2991 non
840 2949 896 3010 pro
920 2929 985 3009 glo·

61 3013 105 3072 ria
126 3011 183 3073 Dei
207 3021 334 3093 egerunt
363 3030 421 3072 neo
453 3019 485 3071 ut
509 3011 606 3071 Deum
624 3010 896 3092 glorificaverunt,
930 3013 983 3073 sed

60 3096 242 3176 impiissime
275 3097 384 3174 rapina
406 3095 473 3155 Deo
497 3095 625 3175 gloriam
649 3097 819 3177 repientes,
857 3103 890 3158 et
926 3096 982 3157 sibi
1076 3101 1081 3111 '

59 3179 277 3259 attribuentes,
311 3198 467 3258 nunquam
507 3179 612 3260 magis,
638 3178 792 3240 inhonesti
821 3185 851 3240 et
880 3186 984 3259 turpes

58 3262 192 3343 fuerunt,
214 3282 304 3342 quem
328 3262 399 3322 dum
422 3263 452 3321 in
475 3263 600 3321 summis
629 3264 691 3321 auis
713 3261 873 3324 virtutibus
894 3262 984 3323 fulse-

58 3354 139 3409 runt.
183 3345 349 3423 Quomodo
372 3363 446 3405 vero
469 3363 524 3426 pro
547 3343 647 3424 gloria
669 3345 726 3406 Dei
749 3352 890 3427 agerent,
913 3363 983 3406 cum

131 3634 164 3701 1)
184 3633 216 3687 In
235 3631 278 3688 ed.
302 3634 356 3689 len.
372 3631 421 3692 ‚bic
439 3632 467 3686 in
486 3630 734 3701 marginelcgitur:
752 3631 892 3687 Erasmus.
912 3632 941 3700 2)
952 3628 984 3686 In

58 3703 250 3846 3211115ξὲθῇ
260 3705 303 3760 cd.
323 3706 393 3761 len:
412 3704 476 3758 nixi.
514 3708 543 3770 3)
564 3706 595 3759 In
615 3703 659 3758 sd.
679 3703 749 3758 Ian:
769 3708 853 3760 certo.
879 3703 912 3770 4)
928 3702 984 3760 Ibi-
