2348 4162
459 286 487 340 et
505 282 711 340 communionis.
1021 277 1043 348 9

206 443 240 527 3)
263 443 322 524 Qui
352 445 450 528 pridie
473 465 564 528 quam
586 453 757 529 putaretur,
780 449 900 530 accepit
921 443 1043 531 panem,

126 530 240 610 gratiae
261 550 368 612 agene,
391 531 478 612 fregit
501 529 645 612 deditque
660 531 816 613 discipulis
839 534 900 594 suia
923 531 1043 594 diceus:

126 616 275 696 Accipite,
297 614 459 696 comedite,
482 614 542 675 hou
563 621 609 676 est
631 636 743 696 corpus
758 635 868 696 meum,
892 614 974 696 quod
987 636 1043 697 pro

124 698 211 760 vobis
230 698 329 763 datur.
793 719 796 727 “

80 836 85 847 .
206 782 352 846 Similiter
374 785 406 842 et
417 780 554 857 calicem,
572 788 736 863 postquam
749 784 901 856 coenavit,
924 781 1043 845 dicens:

127 865 183 928 llic
205 866 287 927 calix
309 870 358 926 eet
378 866 451 927 nori
464 866 654 929 Testamenti
676 868 705 927 iu
729 886 798 928 meo
811 867 969 948 sanguine,
993 867 1044 946 qui

125 968 180 1031 pro
208 949 299 1011 vobis
327 955 358 1010 et
383 967 439 1029 pro
476 949 577 1010 multis
600 949 815 1031 effundeturl)
840 952 869 1011 iu
891 951 1044 1012 remissio·

126 1052 194 1094 uem
218 1038 427 1114 peccatorum.
471 1033 556 1094 Haec
577 1035 821 1115 quotiescunque
843 1034 991 1112 feceritis,
1012 1035 1044 1094 in

127 1117 183 1178 mei
206 1117 387 1178 memoriam
409 1116 537 1178 faciatis.
1096 1118 1101 1128 '

133 1206 138 1215 ’
206 1199 293 1261 Haec
314 1199 409 1261 verba
432 1200 542 1262 Christi
572 1201 663 1263 velim
693 1201 815 1263 modica
836 1207 908 1283 post
928 1201 1045 1282 praei-

127 1284 240 1345 tionam
263 1284 445 1364 interposita
477 1302 574 1364 pansa
595 1287 625 1345 iu
649 1304 687 1347 eo
710 1291 784 1348 tono
807 1285 892 1347 vocis
913 1286 1044 1366 recitari,

128 1385 186 1446 quo
212 1368 331 1429 canitur
366 1366 443 1428 alias
482 1369 580 1428 oratio
608 1366 763 1431 dominica
783 1371 814 1429 iu
836 1367 979 1446 Oenone,
1012 1372 1046 1429 ut

128 1449 433 1512 acircumstantibus
466 1452 564 1530 possit
592 1452 704 1529 audiri,
740 1471 914 1533 quanquam
939 1453 969 1513 iu
998 1452 1045 1512 his

127 1533 268 1595 omnibus
288 1533 413 1596 libertae
434 1534 474 1593 sit
495 1535 553 1614 piis
577 1536 745 1616 mentibus,
773 1536 822 1597 vel
844 1536 969 1597 silenter
996 1535 1045 1598 vel

124 1618 225 1698 palam
248 1636 286 1678 ea
308 1617 402 1679 verba
422 1618 560 1679 recitare.

207 1699 242 1781 4)
264 1701 364 1762 Finita
385 1700 617 1781 benedictione,
646 1701 765 1763 Uoorue
788 1706 892 1763 cantet
914 1701 1045 1765 Sanetus

127 1790 155 1845 et
174 1784 231 1846 sub
263 1789 354 1845 cantu
377 1782 577 1854 Benedictus,
610 1785 747 1848 elevetur
776 1786 865 1865 panis
896 1789 926 1847 et
954 1786 1045 1865 calix,

127 1869 183 1929 ritu
205 1868 354 1929 hactenus
375 1873 509 1944 servato,
531 1868 579 1929 vel
602 1876 728 1949 propter
747 1869 895 1949 iniirmoe,
917 1871 967 1950 qni
988 1869 1048 1932 hac
1150 1932 1154 1941 ,

102 1989 104 1993 ⁴
126 1950 385 2032 repentinahuiue
400 1952 574 2032 insignioris
595 1952 627 2011 iu
639 1954 734 2014 Missa
753 1955 827 2015 ritus
840 1952 1046 2034 mutatione²l

127 2035 203 2096 iorte
228 2033 430 2108 offendentur,
455 2035 634 2115 praesertim
649 2037 699 2098 ubi
721 2056 777 2116 per
793 2037 960 2098 conciones
982 2057 1046 2098 ver-

127 2118 250 2179 naculas
275 2117 357 2178 docti
378 2118 499 2194 fuerint,
523 2116 594 2197 quid
618 2138 656 2179 ea
674 2126 794 2200 petatur
816 2120 998 2181 elevatione.

207 2198 241 2282 5)
264 2201 339 2262 Post
372 2201 449 2261 haec
481 2200 602 2280 legatur
633 2204 731 2264 oratio
762 2203 916 2264 dominica
939 2201 1044 2280 sic³):

127 2281 272 2361 Oramus,
303 2284 476 2365 praeceptis
504 2283 686 2348 salutaribus
714 2288 821 2347 moniti
844 2293 902 2348 etc.
931 2287 1047 2348 omiss'a

125 2369 265 2429 oratione
287 2369 443 2447 sequenti:
464 2366 574 2428 Libera
593 2388 652 2430 noe
675 2388 870 2449 quaesumus,
890 2390 958 2429 cum
983 2389 1046 2430 om-

124 2450 212 2511 nibus
235 2451 341 2531 signis,
365 2469 444 2530 quae
459 2449 523 2511 fieri
548 2451 754 2532 solentenper
767 2453 900 2516 hostiam
924 2459 1044 2514 etcum

54 2577 57 2584 ι
123 2533 225 2599 hestia
246 2553 339 2615 super
360 2533 499 2613 calicem,
524 2553 582 2594 nec
602 2535 759 2615 frangatur
780 2537 898 2614 hostia,
934 2555 993 2596 nec
1014 2536 1045 2596 in

125 2617 252 2678 calicem
274 2610 448 2680 misceatur.
491 2616 553 2678 Sed
575 2617 676 2679 statim
705 2624 777 2700 post
799 2620 969 2680 orationem
993 2616 1046 2679 do·

125 2697 267 2762 mimicam
280 2700 413 2763 dicatur:
434 2700 501 2760 Pax
512 2700 637 2761 Domini
660 2708 729 2782 etc,
751 2721 830 2782 quae
853 2708 900 2763 est
921 2700 1046 2783 publica

124 2783 274 2863 quaedem
296 2782 451 2845 absolutio
473 2785 646 2863 apeccatis
659 2786 960 2861 communicantium,
982 2804 1045 2846 vox

123 2866 215 2947 plane
237 2867 432 2946 evangelica,
455 2868 646 2931 annuncians
668 2871 880 2931 remissionem
902 2873 1044 2950 peccato·

123 2969 205 3026 rum,
241 2950 332 3010 unica
354 2949 407 3010 illa
437 2960 467 3009 et
488 2948 667 3032 dignissima
695 2952 733 3013 ad
756 2972 894 3014 mensam
918 2952 1045 3013 Domini

123 3033 330 3113 praeparatio,
354 3033 379 3093 si
405 3029 467 3092 fide
487 3033 736 3114 apprehendatur
757 3055 818 3096 non
842 3055 930 3096 secus
953 3041 1046 3114 atque

123 3134 162 3176 ex
197 3115 397 3183 oreGhrieti,
416 3114 547 3196 prolata.
591 3116 680 3179 Unde
709 3119 816 3180 vellem
850 3127 917 3179 e'am
940 3118 1044 3178 nunci-

123 3199 165 3258 ari
200 3217 288 3259 verso
323 3197 362 3258 ad
397 3198 542 3279 populum
577 3200 676 3277 vultu,
711 3201 968 3282 quemadmodum
997 3211 1045 3263 e'c·
1107 3212 1112 3217 “

122 3280 186 3343 lent
207 3280 364 3362 Episcopi,
388 3280 471 3360 quod
494 3282 615 3343 unicum
639 3290 686 3345 eut
700 3286 861 3366 vestigium
875 3284 1045 3364 Episcopo·

122 3384 187 3425 rum
209 3366 380 3443 priscorum
403 3365 434 3423 iu
456 3366 568 3425 nostrie
592 3366 765 3448 Episcopis.

204 3450 242 3525 6)
265 3446 385 3509 Deinde
399 3448 606 3510 communicet
627 3458 690 3511 tum
705 3470 784 3532 sese,
806 3457 869 3511 tum
885 3448 1043 3530 populum,

403 3594 545 3602 m—

195 3654 226 3721 1)
247 3653 279 3707 ln
308 3653 442 3709 ed.1eu.:
475 3654 633 3711 effunditur.
670 3657 754 3728 2)1n
779 3657 824 3714 ad.
853 3657 923 3728 orig.
951 3656 1043 3712 deest:

123 3723 545 3855 phutqgrpnggeigpcsqgcabulum
558 3727 695 3787 redditum
714 3729 927 3789 antaradum.
965 3729 993 3795 3)
1012 3727 1044 3781 In
