2348 4162
288 212 326 269 ad
344 214 378 270 D.
396 180 540 271 &samum
558 216 782 273 Rotcrodamum.
937 215 997 283 135

157 380 354 446 Budavcrunt
375 385 425 445 bic
446 383 610 466 Sophistae
632 387 691 445 iam
716 387 817 447 multis
840 388 949 465 annis,
968 394 1000 449 et

74 463 201 529 nudem
225 467 298 527 victi
319 469 420 528 coacti
442 476 513 529 sunt
534 468 725 547 concedere,
749 471 853 531 omnia
875 469 998 548 quidem

73 549 253 610 necessario
275 548 367 625 ficri,
389 553 574 612 necessitate
609 555 848 631 consequentiae
883 556 934 630 (ut
957 551 999 613 di·

72 634 180 714 cunt),
201 630 255 693 scd
278 651 340 694 non
362 636 547 696 necessitate
574 637 805 714 consequentis,
836 636 880 694 sio
900 635 999 696 eluse·

73 725 146 777 runt
168 715 344 777 violentiam
367 717 454 778 istius
476 719 674 797 quaestionis,
698 738 802 778 verum
828 722 858 779 et:
870 738 903 778 se
914 720 999 798 ipsos

73 798 179 880 potius
201 797 372 862 illuserunt.
417 799 515 875 Quom
550 801 588 860 sit
617 802 698 861 enim
722 801 782 861 hoc
805 800 901 880 nihil,
935 820 998 862 non

74 880 231 962 gravabor
248 882 421 946 ostendere.
455 883 676 944 Necessitatem
696 885 936 962 consequentiae
948 902 999 945 vo-

74 972 158 1046 cant,
181 970 214 1025 ut
230 984 332 1026 orasse
355 965 464 1044 dicam,
488 966 616 1028 SiDcus
639 966 752 1046 aliquid
777 969 849 1045 vult,
873 985 1000 1027 necessa

73 1055 132 1126 cst,
155 1053 189 1108 ut
208 1049 308 1128 ipsum
332 1046 402 1127 fiat,
425 1048 479 1109 sed
502 1068 563 1109 non
588 1056 635 1110 est
657 1069 784 1110 neccsse
797 1097 806 1129 ,
841 1056 874 1110 ut
897 1048 929 1108 id
952 1049 999 1127 sit,

75 1129 163 1211 quod
185 1129 228 1193 flt.
273 1130 366 1191 Solus
390 1130 475 1193 Deus
499 1133 580 1204 enim
604 1135 779 1194 necessario
808 1141 873 1208 est,
895 1133 1001 1193 omnia

74 1214 139 1274 alia
162 1221 291 1293 possunt
312 1233 374 1275 non
399 1235 478 1294 csse,
492 1216 517 1274 si
539 1216 622 1276 Deus
657 1217 740 1276 velit.
787 1215 998 1276 ltaactionem

75 1297 136 1358 Dei
160 1297 364 1357 necessariam
387 1297 500 1379 dicunt,
523 1300 548 1357 si
571 1299 664 1379 volet,
688 1298 741 1358 sed
765 1299 876 1359 factum
899 1300 998 1377 ipsum

74 1398 139 1441 non
163 1399 232 1441 esse
253 1382 471 1442 necessarium.
525 1379 604 1455 Quid
628 1389 730 1442 autem
769 1382 833 1441 istis
860 1379 999 1443 ludibriis

76 1462 240 1525 verborum
263 1461 420 1524 efficiunt?
463 1463 496 1524 ld
520 1464 661 1542 scilicet,
692 1464 775 1524 iacta
794 1482 844 1524 res
865 1483 927 1524 non
952 1469 1000 1525 est

73 1547 262 1621 necessaria,
283 1545 313 1604 id
337 1553 393 1627 est,
417 1566 478 1607 uon
501 1547 594 1609 babet
606 1549 769 1607 essentiam
783 1548 999 1624 necessariam,

74 1630 139 1690 hoc
160 1634 207 1689 cst
228 1628 310 1689 aliud
333 1630 407 1691 nihil
431 1630 541 1709 dicere,
565 1649 655 1710 quam
685 1650 733 1689 res
755 1631 836 1690 lacta
868 1650 932 1690 non
954 1634 1000 1689 est

74 1713 161 1772 Deus
182 1712 268 1791 ipse;
290 1711 486 1773 nihilominus
510 1721 613 1773 manet
635 1712 735 1787 illud,
768 1720 800 1772 ut
822 1713 922 1772 omnis
949 1730 998 1771 res

74 1795 255 1869 necessario
277 1793 348 1872 fiat,
371 1797 397 1855 si
420 1797 500 1856 actio
531 1793 591 1857 Dei
616 1796 791 1856 necessaria
819 1795 868 1855 vel
890 1813 998 1855 conse-

74 1878 222 1959 quentiae
262 1879 431 1938 necessitas
462 1884 524 1956 est,
558 1878 781 1958 quantumlibet
822 1879 883 1938 iam
920 1878 1000 1937 lacta

74 1979 140 2023 non
163 1961 204 2021 sit
224 1961 415 2040 necessario,
435 1962 466 2021 id
489 1967 545 2041 est,
567 1981 629 2023 nou
654 1964 693 2021 sit
716 1962 819 2041 Deus,
855 1959 904 2020 vel
936 1979 1012 2021 non·

73 2043 191 2105 babeat
213 2044 377 2104 essentiam
400 2046 617 2108 necessariam.
650 2044 682 2105 Si
704 2046 784 2104 enim
807 2063 866 2125 ego
888 2042 929 2103 fio
949 2062 999 2103 ne·

75 2128 231 2207 omerio,
257 2146 364 2206 parum
387 2147 436 2187 me
459 2135 582 2206 movet,
611 2127 694 2209 quod
724 2147 793 2188 esse
827 2146 928 2187 mcum
944 2125 1000 2186 -vel

75 2494 155 2551 aliud
175 2494 272 2552 melius
290 2493 457 2550 vocabulum
480 2493 541 2548 dari
564 2495 591 2548 in
611 2494 664 2549 hac
690 2493 894 2562 disputatione,
917 2506 1002 2561 quam

75 2568 132 2622 boc
150 2567 297 2634 usitatum,
324 2566 495 2632 Necessitas,
524 2566 599 2636 quod
618 2582 672 2621 non
691 2571 766 2619 recte
783 2563 892 2628 dicitur,
911 2579 1002 2632 neque

76 2638 113 2694 de
133 2638 236 2704 divina,
255 2653 347 2708 neque
366 2637 488 2693 bumana
507 2638 658 2692 voluntate.
698 2637 749 2690 Est
766 2636 839 2689 enim
857 2635 938 2688 nimis
962 2636 1002 2688 in-

74 2716 176 2781 gratae
194 2716 223 2765 et
240 2711 411 2778 incongruae
438 2705 650 2778 significationis
673 2724 725 2777 pro
744 2707 897 2771 hocloco,
917 2721 1002 2774 quan·

75 2782 143 2855 dam
162 2782 239 2837 velut
257 2783 437 2846 coactionem,
458 2789 486 2836 at
504 2781 616 2836 omnino
633 2781 670 2848 id,
689 2779 764 2849 quod
775 2778 941 2833 contrarium
961 2782 1004 2832 cst

75 2853 222 2919 voluntati,
243 2852 372 2922 ingerens
390 2852 561 2920 intellectui,
592 2870 653 2908 oum
678 2860 770 2906 tamen
790 2866 845 2905 non
864 2848 918 2904 hoc
936 2849 1004 2903 velit

74 2939 164 2981 causa
182 2925 239 2979 ista
265 2939 337 2994 quae
357 2924 458 2993 agitur.
501 2925 638 2980 Voluntas
662 2925 733 2980 anim
753 2922 812 2977 sive
832 2921 927 2975 divina
944 2921 1003 2976 sive

74 2998 199 3052 bumana
215 2996 293 3050 nulla
308 2995 462 3063 coactione,
482 2996 533 3050 sed
551 3012 628 3050 mera
645 2995 770 3051 lubentia
789 2993 831 3047 vel
850 2993 1004 3061 cupiditate

76 3067 159 3139 quasi
179 3082 245 3123 vere
263 3068 351 3122 libera
370 3066 438 3121 lacit
461 3067 536 3135 quod
555 3067 640 3134 iacit,
669 3069 728 3122 sive
746 3065 848 3120 bonum
867 3065 926 3120 siva
947 3066 1003 3118 ma'·

75 3141 152 3195 lum:
179 3137 230 3194 sed
259 3145 352 3194 tamen
371 3139 550 3194 immutabilis
577 3145 605 3195 et
625 3138 778 3193 infallibilis
807 3143 850 3191 est
873 3136 1004 3190 voluntas

75 3212 150 3278 Dei,
168 3225 243 3280 quae
266 3216 390 3266 nostram
418 3211 589 3265 voluntatem
613 3211 773 3266 mutabilem
797 3207 950 3277 gubernat,
974 3211 1005 3261 ut

76 3283 153 3339 canit
170 3281 320 3338 Boethiusz
349 3279 519 3351 Stabilisque
544 3298 657 3336 manens
687 3282 738 3336 das
765 3287 865 3335 cuncta
883 3277 1004 3344 moveri;

76 3361 104 3412 st
124 3360 222 3410 nomia
242 3353 381 3420 voluntas,
401 3353 565 3421 praesertim
584 3355 675 3420 mala,
699 3370 729 3408 se
749 3352 812 3421 ipsa
839 3366 894 3404 non
913 3353 1006 3417 potest

76 3427 172 3482 facere
190 3425 303 3479 bonum.
341 3426 428 3495 Igitur
458 3425 533 3495 quod
560 3441 615 3479 non
642 3431 768 3493 praestat
795 3438 868 3486 vox,
893 3421 1006 3488 impleat

76 3499 234 3555 intellectus
248 3497 368 3566 legentis
387 3497 591 3564 necessitatem,
611 3497 768 3565 intelligens
778 3495 806 3548 id
826 3492 902 3562 quod
913 3493 1005 3546 dicere

76 3571 172 3637 vallas,
192 3568 390 3624 immutabilem
419 3569 590 3624 voluntatem
609 3568 662 3624 Dei
695 3574 724 3623 et
746 3565 937 3634 impotentiam
956 3579 1005 3618 nc·

76 3652 153 3700 strae
170 3640 323 3697 voluntatis
348 3641 459 3708 malae,
488 3646 518 3695 ut
546 3640 632 3709 aliqui
659 3639 788 3693 dixerunt
813 3636 1007 3692 necessitatem

75 3711 322 3782 immutabilitatis,
343 3728 394 3768 neo
412 3712 466 3769 hoc
483 3712 553 3768 satis
570 3711 752 3783 grammatice
770 3724 822 3766 nec
839 3707 1006 3778 theologius.
