2348 4162
133 261 173 328 18
463 256 593 316 Formula
610 257 711 315 missae

132 431 211 492 suut.
255 425 334 502 Quin
363 433 397 488 ut
431 431 565 492 maxime
596 435 679 492 certa
707 434 737 490 et
759 427 910 510 simplicia
937 425 1050 505 essent,

132 511 221 572 nobis
243 517 345 571 tamen
374 530 432 572 nec
453 514 552 594 legem
582 533 641 575 nec
669 515 882 596 necessitatem
910 510 1050 574 imitandi

131 596 335 675 imponerent.

216 674 252 738 In
274 677 398 756 reliquis
422 679 549 759 diebus,
572 699 648 761 quas
670 680 760 740 terias
782 697 930 741 vocamus
942 724 952 758 ,
975 676 1050 736 nihil

133 760 240 838 video,
268 760 350 840 quod
374 780 434 823 non
456 763 527 824 ferri
549 764 666 844 possit,
701 762 794 822 modo
821 762 933 823 Missae
963 759 1050 821 abro-

134 851 253 924 gentur.
295 843 373 903 Nam
397 846 563 915 Matutinae
586 848 673 907 trium
699 845 863 905 lectionum
887 852 917 905 et
937 842 1051 920 Horae,

134 935 197 987 tum
223 926 380 1005 Vesperae
403 935 433 989 et
471 949 539 989 com
564 929 705 990 latorium
746 927 785 988 de
817 936 956 1007 tempora
979 933 1063 999 (exss'

135 1010 227 1070 clusis
250 1009 431 1071 Sanctorum
463 948 561 1095 feriisg
595 1012 668 1072 nihil
692 1017 763 1071 sunt
789 1013 846 1070 nisi
876 1010 1052 1090 Scripturas

135 1093 258 1158 divinae
280 1093 384 1156 verba.
428 1093 466 1155 Et
487 1095 656 1174 pulchrum,
681 1095 741 1154 imo
766 1095 973 1156 necessarium
995 1099 1052 1172 est,

134 1194 247 1256 pueros
280 1177 620 1259 assuescere‘lagendis
638 1186 667 1238 et
699 1173 859 1238 audiendis
882 1176 1010 1237 Psalmis
1024 1183 1054 1235 et

136 1259 318 1319 lectionibus
330 1259 551 1342 scripturarum
575 1270 758 1322 sanctarum.
785 1260 896 1320 Verum
920 1261 944 1319 si
969 1258 1052 1338 quid-

136 1360 227 1422 quam
250 1343 300 1402 hic
323 1345 429 1417 novari
452 1344 552 1425 debet,
575 1345 736 1426 prolixitas
760 1345 867 1404 mutari
888 1350 991 1422 potest
1008 1361 1053 1402 ar-

135 1425 226 1487 bitrio
248 1424 409 1508 Episcopi,
432 1435 464 1488 ut
485 1436 545 1488 tres
568 1427 680 1487 Psalmi
710 1446 767 1507 pro
789 1427 960 1504 Matutinis,
991 1431 1052 1486 tres

137 1527 192 1589 pro
213 1506 359 1591 Vesperis
382 1529 449 1571 cum
469 1530 530 1572 uno
552 1509 603 1571 vel
626 1509 744 1570 duobus
766 1509 981 1590 Responsoriis
1003 1507 1054 1570 ab·

137 1593 303 1670 solvantur.
331 1593 415 1654 Haec
438 1613 511 1655 vero
535 1613 597 1655 nou
621 1594 728 1669 melius
750 1592 938 1672 ordinantur,
961 1611 1053 1671 quam

136 1675 205 1756 ipso
228 1675 354 1737 arbitrio
376 1677 533 1762 Episcopi,
556 1675 640 1737 cuius
663 1683 709 1736 est
731 1674 866 1757 deligere
888 1677 1005 1756 optima
1022 1674 1052 1736 in

136 1758 352 1839 Responsoriis
375 1765 408 1820 et
424 1761 607 1840 Antiphonis
636 1767 667 1820 et
697 1758 735 1818 de
758 1759 920 1819 Dominica
940 1759 971 1818 iu
995 1758 1054 1818 Do·

117 1843 278 1902 'miricam
326 1862 400 1922 per·
424 1842 648 1903 hebdomadam
698 1842 867 1923 ordinare,
912 1853 946 1902 ut
997 1859 1056 1925 nec

136 1926 230 1984 nimia
271 1925 407 1985 eiusdem
446 1926 624 1986 assiduitate
660 1923 835 2005 fastidium,
872 1943 930 1985 nec
961 1924 1055 1990 nimia

137 2009 284 2068 varietate
308 2014 339 2068 et
378 1993 571 2070 multitudine
601 2015 709 2069 cantus
743 2014 775 2069 et
803 2008 968 2068 lectionum
992 2013 1054 2068 tae·

137 2091 218 2150 dium
242 2092 365 2170 spiritus
387 2099 559 2172 generetur.
602 2089 665 2155 Sed
700 2111 754 2172 per
782 2098 883 2171 partes
917 2088 1056 2151 distribu-

137 2182 199 2234 tum
235 2185 331 2234 totum
356 2171 533 2235 Psalterium
557 2176 586 2234 iu
611 2195 667 2235 usu
690 2182 830 2252 maneat,
860 2179 891 2235 et
912 2173 1056 2255 universa

137 2256 292 2336 Scriptura
312 2259 342 2318 in
365 2257 515 2319 lectiones
537 2259 656 2339 partita,
679 2264 859 2338 perseveret
879 2259 909 2318 in
932 2255 1056 2317 auribus

33 2405 35 2410 ,
137 2341 297 2402 ecclesiae.

219 2421 280 2485 Hic
301 2442 387 2504 vero,
410 2424 492 2503 quod
514 2416 590 2505 alias
613 2425 672 2505 egi,
692 2424 845 2505 agendum
868 2429 924 2502 est,
947 2428 979 2483 ut
999 2423 1057 2483 iste

137 2513 245 2568 cantus
267 2525 328 2568 non
352 2508 391 2567 sit
413 2514 529 2567 tantum
552 2507 656 2588 lingua
677 2507 772 2588 loqui,
795 2508 844 2568 vel
866 2507 968 2586 potius
993 2511 1056 2566 tan·

137 2601 210 2668 tum,
233 2591 310 2652 sicut
333 2609 427 2650 sonus
450 2590 570 2652 listulas
592 2600 643 2651 aut
668 2591 839 2666 citharae,
853 2591 920 2651 sine
953 2607 1055 2653 sensu.

136 2671 212 2736 Ideo
234 2673 439 2734 instituendae
460 2683 530 2734 sunt
552 2674 700 2735 lectiones
722 2675 936 2754 quotidianae,
959 2672 1058 2733 altera

137 2759 280 2818 manain
308 2774 391 2818 novo
426 2756 473 2816 vel
496 2759 590 2817 veteri
621 2757 840 2834 Testamento,
877 2756 973 2816 altera
1003 2775 1059 2816 ve·

137 2841 217 2921 speri
239 2841 268 2899 in
291 2839 388 2899 altaro
411 2839 632 2916 Testameuto,
656 2859 723 2899 cum
747 2839 968 2923 explanatione
991 2857 1056 2900 ver·

136 2923 256 2985 nacula.
299 2922 389 2982 Hunc
410 2923 499 2982 ritum
529 2943 597 2983 essa
621 2923 776 3001 antiquum
800 2921 912 3004 probat
937 2927 969 2981 et
996 2939 1056 2999 res,

125 3015 167 3066 ⁴et
188 3006 372 3069 vocabulum
393 3005 529 3066 Homilia
557 3007 588 3065 in
611 3007 791 3086 matutinis,
824 3012 856 3067 et
889 3004 1057 3085 capitulum

136 3090 326 3170 in-vesperis
349 3093 380 3148 et
403 3089 469 3148 aliis
490 3088 583 3154 horis.
618 3088 760 3168 Scilicet,
777 3089 859 3169 quod
881 3088 1074 3166 Christiani,-

136 3174 257 3251 quoties
281 3174 506 3251 convenissent,
529 3173 643 3251 aliquid
668 3173 822 3253 legebant,
846 3180 876 3233 et
892 3171 1057 3231 vernacula

135 3255 420 3336 interpretabantur,
444 3275 537 3334 more,
560 3275 650 3336 quem
673 3256 783 3317 Paulus
809 3255 981 3318 l.Oorinth.
1006 3255 1056 3318 14.

29 3403 31 3408 ,
137 3338 290 3404 describit,

220 3422 302 3498 Post,
324 3440 469 3482 successu
492 3423 637 3501 temporis
652 3424 775 3501 peioris,
797 3441 865 3482 cum
890 3419 1057 3481 deficerent

137 3506 307 3584 prophetae
331 3510 362 3564 et
391 3506 716 3584 interpretes,·reliota
740 3512 785 3565 est
808 3506 867 3565 ista
896 3522 958 3564 vox
989 3503 1057 3565 sola

124 3595 208 3668 post
230 3588 379 3649 lectiones
403 3595 433 3648 et
455 3588 611 3667 capitula,
640 3587 708 3648 Deo
731 3589 873 3668 gratiae,
898 3593 961 3648 turn
985 3586 1056 3648 loco

136 3672 395 3751 interpretationis
418 3671 639 3751 multiplicatae
660 3677 732 3731 sunt
754 3671 919 3750 lectiones,
943 3669 1056 3730 Psalmi

137 3761 167 3815 et
189 3754 319 3839 Hymni,
343 3761 371 3816 et
393 3754 452 3815 alia
476 3756 506 3814 in
530 3753 610 3814 hanc
642 3753 811 3816 taediosam
834 3752 1054 3836 prolixitatem,
