<?xml version="1.0" encoding="UTF-8"?>
<!DOCTYPE html PUBLIC "-//W3C//DTD XHTML 1.0 Transitional//EN"
    "http://www.w3.org/TR/xhtml1/DTD/xhtml1-transitional.dtd">
<html xmlns="http://www.w3.org/1999/xhtml" xml:lang="en" lang="en">
 <head>
  <title>
</title>
<meta http-equiv="Content-Type" content="text/html;charset=utf-8" />
  <meta name='ocr-system' content='tesseract 3.04.00' />
  <meta name='ocr-capabilities' content='ocr_page ocr_carea ocr_par ocr_line ocrx_word'/>
</head>
<body>
  <div class='ocr_page' id='page_1' title='image "./dmartinilutheri02luthgoog_0334.png"; bbox 0 0 2348 4162; ppageno 0'>
   <div class='ocr_carea' id='block_1_1' title="bbox 247 196 1058 335">
    <p class='ocr_par' dir='ltr' id='par_1_1' title="bbox 247 196 1058 335">
     <span class='ocr_line' id='line_1_1' title="bbox 247 196 1058 335; baseline 0.007 -38"><span class='ocrx_word' id='word_1_1' title='bbox 247 196 251 335; x_wconf 32' lang='grc' dir='ltr'>ἶ</span> <span class='ocrx_word' id='word_1_2' title='bbox 352 243 390 304; x_wconf 84' lang='lat' dir='ltr'>ad</span> <span class='ocrx_word' id='word_1_3' title='bbox 410 247 438 300; x_wconf 84' lang='grc' dir='ltr'>ὓ.</span> <span class='ocrx_word' id='word_1_4' title='bbox 456 240 600 300; x_wconf 75' lang='lat' dir='ltr'>Erasmum</span> <span class='ocrx_word' id='word_1_5' title='bbox 618 239 848 303; x_wconf 63' lang='lat' dir='ltr'>Rourodamumr</span> <span class='ocrx_word' id='word_1_6' title='bbox 998 240 1058 311; x_wconf 77' lang='lat'>321</span> 
     </span>
    </p>
   </div>
   <div class='ocr_carea' id='block_1_2' title="bbox 113 413 1141 3577">
    <p class='ocr_par' dir='ltr' id='par_1_2' title="bbox 138 413 1114 913">
     <span class='ocr_line' id='line_1_2' title="bbox 138 413 1114 497; baseline 0 -20"><span class='ocrx_word' id='word_1_7' title='bbox 138 422 251 477; x_wconf 84' lang='lat' dir='ltr'>maret.</span> <span class='ocrx_word' id='word_1_8' title='bbox 294 413 370 491; x_wconf 77' lang='lat' dir='ltr'>Quis</span> <span class='ocrx_word' id='word_1_9' title='bbox 393 414 474 474; x_wconf 91' lang='lat' dir='ltr'>enim</span> <span class='ocrx_word' id='word_1_10' title='bbox 496 420 559 475; x_wconf 90' lang='lat' dir='ltr'>tum</span> <span class='ocrx_word' id='word_1_11' title='bbox 583 414 701 478; x_wconf 86' lang='lat' dir='ltr'>beatior</span> <span class='ocrx_word' id='word_1_12' title='bbox 723 416 872 496; x_wconf 84' lang='lat' dir='ltr'>Luthero,</span> <span class='ocrx_word' id='word_1_13' title='bbox 905 417 956 497; x_wconf 92' lang='lat' dir='ltr'>qui</span> <span class='ocrx_word' id='word_1_14' title='bbox 979 421 1064 478; x_wconf 85' lang='lat' dir='ltr'>tento</span> <span class='ocrx_word' id='word_1_15' title='bbox 1110 480 1114 493; x_wconf 23' lang='lat'>⁸</span> 
     </span>
     <span class='ocr_line' id='line_1_3' title="bbox 138 498 1066 580; baseline 0 -20"><span class='ocrx_word' id='word_1_16' title='bbox 138 501 188 560; x_wconf 83' lang='lat' dir='ltr'>rui</span> <span class='ocrx_word' id='word_1_17' title='bbox 209 498 306 559; x_wconf 86' lang='lat' dir='ltr'>eeouli</span> <span class='ocrx_word' id='word_1_18' title='bbox 338 499 516 559; x_wconf 77' lang='lat' dir='ltr'>testimonio</span> <span class='ocrx_word' id='word_1_19' title='bbox 538 500 787 579; x_wconf 77' lang='lat' dir='ltr'>commendatur,</span> <span class='ocrx_word' id='word_1_20' title='bbox 818 499 901 580; x_wconf 91' lang='lat' dir='ltr'>quod</span> <span class='ocrx_word' id='word_1_21' title='bbox 930 500 1066 561; x_wconf 78' lang='lat' dir='ltr'>veritatis</span> 
     </span>
     <span class='ocr_line' id='line_1_4' title="bbox 139 583 1066 664; baseline 0.001 -21"><span class='ocrx_word' id='word_1_22' title='bbox 139 601 267 643; x_wconf 73' lang='lat' dir='ltr'>oausam</span> <span class='ocrx_word' id='word_1_23' title='bbox 291 600 353 643; x_wconf 91' lang='lat' dir='ltr'>non</span> <span class='ocrx_word' id='word_1_24' title='bbox 375 583 527 664; x_wconf 81' lang='lat' dir='ltr'>segniter,</span> <span class='ocrx_word' id='word_1_25' title='bbox 550 602 608 643; x_wconf 88' lang='lat' dir='ltr'>neo</span> <span class='ocrx_word' id='word_1_26' title='bbox 629 583 851 662; x_wconf 77' lang='lat' dir='ltr'>fraudulenter,</span> <span class='ocrx_word' id='word_1_27' title='bbox 885 583 940 645; x_wconf 81' lang='lat' dir='ltr'>sed</span> <span class='ocrx_word' id='word_1_28' title='bbox 976 583 1066 644; x_wconf 89' lang='lat' dir='ltr'>vehe-</span> 
     </span>
     <span class='ocr_line' id='line_1_5' title="bbox 141 664 1066 745; baseline 0.001 -20"><span class='ocrx_word' id='word_1_29' title='bbox 141 672 262 725; x_wconf 86' lang='lat' dir='ltr'>menter</span> <span class='ocrx_word' id='word_1_30' title='bbox 294 666 370 725; x_wconf 82' lang='lat' dir='ltr'>satie</span> <span class='ocrx_word' id='word_1_31' title='bbox 404 664 454 726; x_wconf 91' lang='lat' dir='ltr'>vel</span> <span class='ocrx_word' id='word_1_32' title='bbox 488 667 591 745; x_wconf 83' lang='lat' dir='ltr'>potius</span> <span class='ocrx_word' id='word_1_33' title='bbox 613 669 709 728; x_wconf 88' lang='lat' dir='ltr'>nimio</span> <span class='ocrx_word' id='word_1_34' title='bbox 732 667 850 744; x_wconf 81' lang='lat' dir='ltr'>egerit?</span> <span class='ocrx_word' id='word_1_35' title='bbox 892 667 969 727; x_wconf 85' lang='lat' dir='ltr'>Tum</span> <span class='ocrx_word' id='word_1_36' title='bbox 991 666 1066 727; x_wconf 91' lang='lat' dir='ltr'>illud</span> 
     </span>
     <span class='ocr_line' id='line_1_6' title="bbox 140 748 1068 829; baseline 0 -20"><span class='ocrx_word' id='word_1_37' title='bbox 140 749 290 809; x_wconf 89' lang='lat' dir='ltr'>leremiae</span> <span class='ocrx_word' id='word_1_38' title='bbox 323 748 453 809; x_wconf 79' lang='lat' dir='ltr'><strong>feliciter</strong></span> <span class='ocrx_word' id='word_1_39' title='bbox 483 751 647 811; x_wconf 81' lang='lat' dir='ltr'>evaserim:</span> <span class='ocrx_word' id='word_1_40' title='bbox 682 751 878 829; x_wconf 84' lang='lat' dir='ltr'>Malediotue,</span> <span class='ocrx_word' id='word_1_41' title='bbox 912 751 963 829; x_wconf 91' lang='lat' dir='ltr'>qui</span> <span class='ocrx_word' id='word_1_42' title='bbox 995 750 1068 810; x_wconf 86' lang='lat' dir='ltr'>lauit</span> 
     </span>
     <span class='ocr_line' id='line_1_7' title="bbox 142 830 592 913; baseline 0.004 -20"><span class='ocrx_word' id='word_1_43' title='bbox 142 852 221 913; x_wconf 83' lang='lat' dir='ltr'>opus</span> <span class='ocrx_word' id='word_1_44' title='bbox 245 832 368 892; x_wconf 84' lang='lat' dir='ltr'>Domini</span> <span class='ocrx_word' id='word_1_45' title='bbox 390 830 592 912; x_wconf 75' lang='lat' dir='ltr'>negligenter.</span> 
     </span>
    </p>

    <p class='ocr_par' dir='ltr' id='par_1_3' title="bbox 142 914 1103 1892">
     <span class='ocr_line' id='line_1_8' title="bbox 225 914 1067 997; baseline 0.001 -22"><span class='ocrx_word' id='word_1_46' title='bbox 225 914 257 975; x_wconf 81' lang='lat' dir='ltr'>st</span> <span class='ocrx_word' id='word_1_47' title='bbox 281 933 353 975; x_wconf 88' lang='lat' dir='ltr'>vero</span> <span class='ocrx_word' id='word_1_48' title='bbox 378 921 409 974; x_wconf 89' lang='lat' dir='ltr'>et</span> <span class='ocrx_word' id='word_1_49' title='bbox 430 916 460 974; x_wconf 93' lang='lat' dir='ltr'>in</span> <span class='ocrx_word' id='word_1_50' title='bbox 484 921 568 975; x_wconf 87' lang='lat' dir='ltr'>tuam</span> <span class='ocrx_word' id='word_1_51' title='bbox 590 916 742 978; x_wconf 88' lang='lat' dir='ltr'>diatriben</span> <span class='ocrx_word' id='word_1_52' title='bbox 765 916 905 978; x_wconf 79' lang='lat' dir='ltr'>acerbior</span> <span class='ocrx_word' id='word_1_53' title='bbox 926 914 1067 997; x_wconf 82' lang='lat' dir='ltr'>videbor,</span> 
     </span>
     <span class='ocr_line' id='line_1_9' title="bbox 142 997 1067 1081; baseline 0.003 -24"><span class='ocrx_word' id='word_1_54' title='bbox 142 999 287 1078; x_wconf 81' lang='lat' dir='ltr'>ignoeoee</span> <span class='ocrx_word' id='word_1_55' title='bbox 311 997 393 1075; x_wconf 91' lang='lat' dir='ltr'>mihi,</span> <span class='ocrx_word' id='word_1_56' title='bbox 414 1016 516 1076; x_wconf 90' lang='lat' dir='ltr'>neque</span> <span class='ocrx_word' id='word_1_57' title='bbox 538 1001 618 1059; x_wconf 89' lang='lat' dir='ltr'>enim</span> <span class='ocrx_word' id='word_1_58' title='bbox 641 1000 671 1060; x_wconf 91' lang='lat' dir='ltr'>id</span> <span class='ocrx_word' id='word_1_59' title='bbox 696 1000 831 1081; x_wconf 86' lang='lat' dir='ltr'>maligno</span> <span class='ocrx_word' id='word_1_60' title='bbox 854 1000 957 1061; x_wconf 89' lang='lat' dir='ltr'>animo</span> <span class='ocrx_word' id='word_1_61' title='bbox 977 999 1067 1072; x_wconf 79' lang='lat' dir='ltr'>facio,</span> 
     </span>
     <span class='ocr_line' id='line_1_10' title="bbox 142 1080 1067 1160; baseline 0.002 -20"><span class='ocrx_word' id='word_1_62' title='bbox 142 1081 197 1142; x_wconf 84' lang='lat' dir='ltr'>red</span> <span class='ocrx_word' id='word_1_63' title='bbox 221 1082 334 1160; x_wconf 84' lang='lat' dir='ltr'>morit,</span> <span class='ocrx_word' id='word_1_64' title='bbox 357 1080 440 1160; x_wconf 90' lang='lat' dir='ltr'>quod</span> <span class='ocrx_word' id='word_1_65' title='bbox 475 1084 638 1143; x_wconf 87' lang='lat' dir='ltr'>autoritate</span> <span class='ocrx_word' id='word_1_66' title='bbox 661 1090 712 1143; x_wconf 91' lang='lat' dir='ltr'>tua</span> <span class='ocrx_word' id='word_1_67' title='bbox 734 1103 859 1143; x_wconf 85' lang='lat' dir='ltr'>aeneam</span> <span class='ocrx_word' id='word_1_68' title='bbox 881 1083 963 1143; x_wconf 87' lang='lat' dir='ltr'>hano</span> <span class='ocrx_word' id='word_1_69' title='bbox 985 1082 1067 1144; x_wconf 83' lang='lat' dir='ltr'>Obri-</span> 
     </span>
     <span class='ocr_line' id='line_1_11' title="bbox 142 1163 1070 1246; baseline 0.001 -21"><span class='ocrx_word' id='word_1_70' title='bbox 142 1166 181 1225; x_wconf 88' lang='lat' dir='ltr'>eti</span> <span class='ocrx_word' id='word_1_71' title='bbox 204 1163 403 1225; x_wconf 88' lang='lat' dir='ltr'>vehementer</span> <span class='ocrx_word' id='word_1_72' title='bbox 415 1168 587 1246; x_wconf 81' lang='lat' dir='ltr'>premebas,</span> <span class='ocrx_word' id='word_1_73' title='bbox 610 1167 682 1227; x_wconf 84' lang='lat' dir='ltr'>lieet</span> <span class='ocrx_word' id='word_1_74' title='bbox 703 1167 874 1227; x_wconf 81' lang='lat' dir='ltr'>eruditione</span> <span class='ocrx_word' id='word_1_75' title='bbox 897 1174 926 1226; x_wconf 91' lang='lat' dir='ltr'>et</span> <span class='ocrx_word' id='word_1_76' title='bbox 947 1167 1070 1246; x_wconf 82' lang='lat' dir='ltr'>reipsa</span> 
     </span>
     <span class='ocr_line' id='line_1_12' title="bbox 143 1245 1069 1330; baseline 0.001 -23"><span class='ocrx_word' id='word_1_77' title='bbox 143 1247 217 1308; x_wconf 89' lang='lat' dir='ltr'>nihil</span> <span class='ocrx_word' id='word_1_78' title='bbox 241 1254 424 1327; x_wconf 80' lang='lat' dir='ltr'>praestares.</span> <span class='ocrx_word' id='word_1_79' title='bbox 467 1245 533 1308; x_wconf 88' lang='lat' dir='ltr'>Iam</span> <span class='ocrx_word' id='word_1_80' title='bbox 557 1250 624 1329; x_wconf 85' lang='lat' dir='ltr'>quis</span> <span class='ocrx_word' id='word_1_81' title='bbox 646 1251 691 1308; x_wconf 84' lang='lat' dir='ltr'>eie</span> <span class='ocrx_word' id='word_1_82' title='bbox 702 1251 831 1330; x_wconf 88' lang='lat' dir='ltr'>imperet</span> <span class='ocrx_word' id='word_1_83' title='bbox 852 1250 924 1310; x_wconf 85' lang='lat' dir='ltr'>stilo</span> <span class='ocrx_word' id='word_1_84' title='bbox 946 1247 1069 1327; x_wconf 87' lang='lat' dir='ltr'>ubique,</span> 
     </span>
     <span class='ocr_line' id='line_1_13' title="bbox 144 1329 1068 1412; baseline 0.001 -22"><span class='ocrx_word' id='word_1_85' title='bbox 144 1339 176 1391; x_wconf 90' lang='lat' dir='ltr'>ut</span> <span class='ocrx_word' id='word_1_86' title='bbox 211 1349 275 1391; x_wconf 92' lang='lat' dir='ltr'>non</span> <span class='ocrx_word' id='word_1_87' title='bbox 308 1330 419 1392; x_wconf 87' lang='lat' dir='ltr'>alieubi</span> <span class='ocrx_word' id='word_1_88' title='bbox 450 1329 595 1393; x_wconf 79' lang='lat' dir='ltr'>ferveat?</span> <span class='ocrx_word' id='word_1_89' title='bbox 638 1333 682 1392; x_wconf 91' lang='lat' dir='ltr'>Tu</span> <span class='ocrx_word' id='word_1_90' title='bbox 715 1336 767 1411; x_wconf 89' lang='lat' dir='ltr'>qui</span> <span class='ocrx_word' id='word_1_91' title='bbox 801 1353 877 1412; x_wconf 88' lang='lat' dir='ltr'>prae</span> <span class='ocrx_word' id='word_1_92' title='bbox 900 1332 1068 1393; x_wconf 85' lang='lat' dir='ltr'>modestiae</span> 
     </span>
     <span class='ocr_line' id='line_1_14' title="bbox 144 1412 1068 1493; baseline 0.002 -20"><span class='ocrx_word' id='word_1_93' title='bbox 144 1412 246 1475; x_wconf 84' lang='lat' dir='ltr'>studio</span> <span class='ocrx_word' id='word_1_94' title='bbox 270 1432 369 1493; x_wconf 88' lang='lat' dir='ltr'>paene</span> <span class='ocrx_word' id='word_1_95' title='bbox 392 1414 484 1493; x_wconf 78' lang='lat' dir='ltr'>friges</span> <span class='ocrx_word' id='word_1_96' title='bbox 506 1417 535 1474; x_wconf 90' lang='lat' dir='ltr'>in</span> <span class='ocrx_word' id='word_1_97' title='bbox 558 1414 620 1475; x_wconf 86' lang='lat' dir='ltr'>hoa</span> <span class='ocrx_word' id='word_1_98' title='bbox 652 1414 744 1493; x_wconf 86' lang='lat' dir='ltr'>libro,</span> <span class='ocrx_word' id='word_1_99' title='bbox 780 1423 882 1477; x_wconf 90' lang='lat' dir='ltr'>tamen</span> <span class='ocrx_word' id='word_1_100' title='bbox 914 1434 977 1476; x_wconf 90' lang='lat' dir='ltr'>non</span> <span class='ocrx_word' id='word_1_101' title='bbox 999 1433 1068 1475; x_wconf 91' lang='lat' dir='ltr'>raro</span> 
     </span>
     <span class='ocr_line' id='line_1_15' title="bbox 143 1497 1070 1579; baseline 0 -23"><span class='ocrx_word' id='word_1_102' title='bbox 143 1498 242 1578; x_wconf 80' lang='lat' dir='ltr'>ignita</span> <span class='ocrx_word' id='word_1_103' title='bbox 263 1506 294 1557; x_wconf 87' lang='lat' dir='ltr'>et</span> <span class='ocrx_word' id='word_1_104' title='bbox 316 1497 507 1557; x_wconf 89' lang='lat' dir='ltr'>amarulenta</span> <span class='ocrx_word' id='word_1_105' title='bbox 541 1497 602 1558; x_wconf 89' lang='lat' dir='ltr'>tela</span> <span class='ocrx_word' id='word_1_106' title='bbox 623 1499 767 1559; x_wconf 88' lang='lat' dir='ltr'>iaoularie</span> <span class='ocrx_word' id='word_1_107' title='bbox 778 1546 787 1578; x_wconf 89' lang='lat'><em>,</em></span> <span class='ocrx_word' id='word_1_108' title='bbox 810 1505 859 1579; x_wconf 81' lang='lat' dir='ltr'>ut,</span> <span class='ocrx_word' id='word_1_109' title='bbox 894 1500 952 1558; x_wconf 88' lang='lat' dir='ltr'>niei</span> <span class='ocrx_word' id='word_1_110' title='bbox 973 1498 1070 1559; x_wconf 86' lang='lat' dir='ltr'>leetor</span> 
     </span>
     <span class='ocr_line' id='line_1_16' title="bbox 144 1580 1069 1661; baseline 0.002 -20"><span class='ocrx_word' id='word_1_111' title='bbox 144 1581 272 1641; x_wconf 89' lang='lat' dir='ltr'>multum</span> <span class='ocrx_word' id='word_1_112' title='bbox 306 1598 422 1659; x_wconf 81' lang='lat' dir='ltr'>aequus</span> <span class='ocrx_word' id='word_1_113' title='bbox 454 1599 492 1640; x_wconf 85' lang='lat' dir='ltr'>ao</span> <span class='ocrx_word' id='word_1_114' title='bbox 513 1581 620 1641; x_wconf 83' lang='lat' dir='ltr'>savena</span> <span class='ocrx_word' id='word_1_115' title='bbox 642 1583 696 1661; x_wconf 81' lang='lat' dir='ltr'>eit,</span> <span class='ocrx_word' id='word_1_116' title='bbox 728 1582 896 1642; x_wconf 81' lang='lat' dir='ltr'>virulentus</span> <span class='ocrx_word' id='word_1_117' title='bbox 927 1580 1069 1643; x_wconf 80' lang='lat' dir='ltr'>videaris.</span> 
     </span>
     <span class='ocr_line' id='line_1_17' title="bbox 144 1662 1071 1744; baseline -0.001 -20"><span class='ocrx_word' id='word_1_118' title='bbox 144 1663 206 1725; x_wconf 82' lang='lat' dir='ltr'>Sed</span> <span class='ocrx_word' id='word_1_119' title='bbox 235 1662 314 1724; x_wconf 86' lang='lat' dir='ltr'>haee</span> <span class='ocrx_word' id='word_1_120' title='bbox 335 1662 409 1722; x_wconf 90' lang='lat' dir='ltr'>nihil</span> <span class='ocrx_word' id='word_1_121' title='bbox 432 1662 471 1723; x_wconf 90' lang='lat' dir='ltr'>ad</span> <span class='ocrx_word' id='word_1_122' title='bbox 493 1683 636 1742; x_wconf 78' lang='lat' dir='ltr'>aeneam,</span> <span class='ocrx_word' id='word_1_123' title='bbox 670 1684 749 1744; x_wconf 89' lang='lat' dir='ltr'>quae</span> <span class='ocrx_word' id='word_1_124' title='bbox 783 1665 914 1725; x_wconf 88' lang='lat' dir='ltr'>invioem</span> <span class='ocrx_word' id='word_1_125' title='bbox 942 1663 1071 1725; x_wconf 89' lang='lat' dir='ltr'>libenter</span> 
     </span>
     <span class='ocr_line' id='line_1_18' title="bbox 144 1745 1068 1828; baseline -0.001 -21"><span class='ocrx_word' id='word_1_126' title='bbox 144 1746 325 1808; x_wconf 80' lang='lat' dir='ltr'>condonare</span> <span class='ocrx_word' id='word_1_127' title='bbox 348 1745 505 1828; x_wconf 81' lang='lat' dir='ltr'>debemur,</span> <span class='ocrx_word' id='word_1_128' title='bbox 529 1755 561 1807; x_wconf 91' lang='lat' dir='ltr'>ut</span> <span class='ocrx_word' id='word_1_129' title='bbox 584 1767 689 1808; x_wconf 85' lang='lat' dir='ltr'>eumue</span> <span class='ocrx_word' id='word_1_130' title='bbox 711 1748 853 1809; x_wconf 82' lang='lat' dir='ltr'>homines</span> <span class='ocrx_word' id='word_1_131' title='bbox 888 1754 918 1807; x_wconf 89' lang='lat' dir='ltr'>et</span> <span class='ocrx_word' id='word_1_132' title='bbox 944 1747 1068 1807; x_wconf 90' lang='lat' dir='ltr'>humani</span> 
     </span>
     <span class='ocr_line' id='line_1_19' title="bbox 144 1828 1103 1892; baseline -0.001 -1"><span class='ocrx_word' id='word_1_133' title='bbox 144 1831 279 1892; x_wconf 90' lang='lat' dir='ltr'>alienum</span> <span class='ocrx_word' id='word_1_134' title='bbox 297 1830 332 1889; x_wconf 87' lang='lat' dir='ltr'>&#39;in</span> <span class='ocrx_word' id='word_1_135' title='bbox 355 1828 445 1890; x_wconf 91' lang='lat' dir='ltr'>nobie</span> <span class='ocrx_word' id='word_1_136' title='bbox 469 1830 542 1889; x_wconf 90' lang='lat' dir='ltr'>nihil</span> <span class='ocrx_word' id='word_1_137' title='bbox 565 1838 622 1892; x_wconf 85' lang='lat' dir='ltr'>est.</span> <span class='ocrx_word' id='word_1_138' title='bbox 1100 1828 1103 1835; x_wconf 86' lang='grc'><strong>’</strong></span> 
     </span>
    </p>

    <p class='ocr_par' dir='ltr' id='par_1_4' title="bbox 113 1911 1141 3409">
     <span class='ocr_line' id='line_1_20' title="bbox 229 1911 1071 1994; baseline 0 -21"><span class='ocrx_word' id='word_1_139' title='bbox 229 1912 277 1973; x_wconf 89' lang='lat' dir='ltr'>Ad</span> <span class='ocrx_word' id='word_1_140' title='bbox 300 1912 436 1973; x_wconf 87' lang='lat' dir='ltr'>ultimam</span> <span class='ocrx_word' id='word_1_141' title='bbox 461 1913 548 1973; x_wconf 89' lang='lat' dir='ltr'>huiue</span> <span class='ocrx_word' id='word_1_142' title='bbox 571 1914 638 1974; x_wconf 88' lang='lat' dir='ltr'>libri</span> <span class='ocrx_word' id='word_1_143' title='bbox 659 1919 777 1993; x_wconf 90' lang='lat' dir='ltr'>partem</span> <span class='ocrx_word' id='word_1_144' title='bbox 790 1914 939 1990; x_wconf 79' lang='lat' dir='ltr'>venimus,</span> <span class='ocrx_word' id='word_1_145' title='bbox 959 1932 1020 1992; x_wconf 94' lang='lat' dir='ltr'>qua</span> <span class='ocrx_word' id='word_1_146' title='bbox 1031 1911 1071 1994; x_wconf 85' lang='lat'>¹),</span> 
     </span>
     <span class='ocr_line' id='line_1_21' title="bbox 144 1995 1079 2077; baseline 0 -20"><span class='ocrx_word' id='word_1_147' title='bbox 144 2004 178 2057; x_wconf 91' lang='lat' dir='ltr'>ut</span> <span class='ocrx_word' id='word_1_148' title='bbox 198 1996 413 2077; x_wconf 79' lang='lat' dir='ltr'>promisimus,</span> <span class='ocrx_word' id='word_1_149' title='bbox 440 1998 547 2076; x_wconf 76' lang='lat' dir='ltr'>copiae</span> <span class='ocrx_word' id='word_1_150' title='bbox 582 2003 704 2057; x_wconf 79' lang='lat' dir='ltr'>nostras</span> <span class='ocrx_word' id='word_1_151' title='bbox 731 1995 902 2076; x_wconf 75' lang='lat' dir='ltr'>producere</span> <span class='ocrx_word' id='word_1_152' title='bbox 923 1996 1079 2057; x_wconf 82' lang='lat' dir='ltr'>debemus.</span> 
     </span>
     <span class='ocr_line' id='line_1_22' title="bbox 144 2079 1072 2161; baseline -0.001 -21"><span class='ocrx_word' id='word_1_153' title='bbox 144 2087 255 2141; x_wconf 88' lang='lat' dir='ltr'>eontra</span> <span class='ocrx_word' id='word_1_154' title='bbox 277 2079 403 2141; x_wconf 88' lang='lat' dir='ltr'>liberum</span> <span class='ocrx_word' id='word_1_155' title='bbox 427 2079 592 2140; x_wconf 86' lang='lat' dir='ltr'>arbitrium.</span> <span class='ocrx_word' id='word_1_156' title='bbox 636 2080 696 2141; x_wconf 84' lang='lat' dir='ltr'>Sed</span> <span class='ocrx_word' id='word_1_157' title='bbox 719 2098 771 2140; x_wconf 87' lang='lat' dir='ltr'>eae</span> <span class='ocrx_word' id='word_1_158' title='bbox 793 2080 1072 2161; x_wconf 88' lang='lat' dir='ltr'>nonproduoemue</span> 
     </span>
     <span class='ocr_line' id='line_1_23' title="bbox 144 2162 1071 2245; baseline -0.002 -20"><span class='ocrx_word' id='word_1_159' title='bbox 144 2182 270 2242; x_wconf 78' lang='lat' dir='ltr'>omnen,</span> <span class='ocrx_word' id='word_1_160' title='bbox 302 2164 369 2243; x_wconf 87' lang='lat' dir='ltr'>quie</span> <span class='ocrx_word' id='word_1_161' title='bbox 392 2164 472 2223; x_wconf 88' lang='lat' dir='ltr'>enim</span> <span class='ocrx_word' id='word_1_162' title='bbox 493 2163 556 2223; x_wconf 87' lang='lat' dir='ltr'>hoo</span> <span class='ocrx_word' id='word_1_163' title='bbox 578 2162 713 2224; x_wconf 82' lang='lat' dir='ltr'>effecerit</span> <span class='ocrx_word' id='word_1_164' title='bbox 731 2182 828 2243; x_wconf 82' lang='lat' dir='ltr'>parvo</span> <span class='ocrx_word' id='word_1_165' title='bbox 852 2163 971 2245; x_wconf 84' lang='lat' dir='ltr'>libello,</span> <span class='ocrx_word' id='word_1_166' title='bbox 1002 2183 1071 2224; x_wconf 89' lang='lat' dir='ltr'>oum</span> 
     </span>
     <span class='ocr_line' id='line_1_24' title="bbox 144 2245 1072 2329; baseline -0.001 -23"><span class='ocrx_word' id='word_1_167' title='bbox 144 2248 289 2307; x_wconf 77' lang='lat' dir='ltr'>universa</span> <span class='ocrx_word' id='word_1_168' title='bbox 311 2245 466 2329; x_wconf 77' lang='lat' dir='ltr'>Seriptura</span> <span class='ocrx_word' id='word_1_169' title='bbox 495 2247 625 2308; x_wconf 79' lang='lat' dir='ltr'>anobis</span> <span class='ocrx_word' id='word_1_170' title='bbox 647 2253 707 2308; x_wconf 84' lang='lat' dir='ltr'>etet</span> <span class='ocrx_word' id='word_1_171' title='bbox 727 2266 782 2327; x_wconf 91' lang='lat' dir='ltr'>per</span> <span class='ocrx_word' id='word_1_172' title='bbox 805 2247 943 2328; x_wconf 81' lang='lat' dir='ltr'>singulos</span> <span class='ocrx_word' id='word_1_173' title='bbox 967 2249 1072 2327; x_wconf 87' lang='lat' dir='ltr'>apieee</span> 
     </span>
     <span class='ocr_line' id='line_1_25' title="bbox 144 2329 1071 2410; baseline -0.002 -19"><span class='ocrx_word' id='word_1_174' title='bbox 144 2336 178 2391; x_wconf 87' lang='lat' dir='ltr'>et</span> <span class='ocrx_word' id='word_1_175' title='bbox 198 2329 326 2390; x_wconf 85' lang='lat' dir='ltr'>literae?</span> <span class='ocrx_word' id='word_1_176' title='bbox 369 2329 435 2390; x_wconf 88' lang='lat' dir='ltr'>Neo</span> <span class='ocrx_word' id='word_1_177' title='bbox 458 2336 505 2391; x_wconf 88' lang='lat' dir='ltr'>eet</span> <span class='ocrx_word' id='word_1_178' title='bbox 527 2349 620 2410; x_wconf 81' lang='lat' dir='ltr'>opus,</span> <span class='ocrx_word' id='word_1_179' title='bbox 654 2336 717 2389; x_wconf 90' lang='lat' dir='ltr'>tum</span> <span class='ocrx_word' id='word_1_180' title='bbox 753 2329 836 2408; x_wconf 92' lang='lat' dir='ltr'>quod</span> <span class='ocrx_word' id='word_1_181' title='bbox 868 2333 930 2391; x_wconf 88' lang='lat' dir='ltr'>iam</span> <span class='ocrx_word' id='word_1_182' title='bbox 958 2331 1071 2390; x_wconf 89' lang='lat' dir='ltr'>vietum</span> 
     </span>
     <span class='ocr_line' id='line_1_26' title="bbox 144 2410 1070 2494; baseline -0.002 -20"><span class='ocrx_word' id='word_1_183' title='bbox 144 2432 183 2474; x_wconf 84' lang='lat' dir='ltr'>eo</span> <span class='ocrx_word' id='word_1_184' title='bbox 206 2419 391 2492; x_wconf 78' lang='lat' dir='ltr'>prostratum</span> <span class='ocrx_word' id='word_1_185' title='bbox 415 2414 454 2472; x_wconf 82' lang='lat' dir='ltr'>eit</span> <span class='ocrx_word' id='word_1_186' title='bbox 476 2410 605 2474; x_wconf 90' lang='lat' dir='ltr'>liberum</span> <span class='ocrx_word' id='word_1_187' title='bbox 622 2412 778 2473; x_wconf 87' lang='lat' dir='ltr'>arbitrium</span> <span class='ocrx_word' id='word_1_188' title='bbox 803 2413 917 2494; x_wconf 85' lang='lat' dir='ltr'>duplini</span> <span class='ocrx_word' id='word_1_189' title='bbox 928 2412 1070 2491; x_wconf 82' lang='lat' dir='ltr'>viatoria,</span> 
     </span>
     <span class='ocr_line' id='line_1_27' title="bbox 145 2496 1071 2575; baseline -0.002 -19"><span class='ocrx_word' id='word_1_190' title='bbox 145 2496 259 2575; x_wconf 85' lang='lat' dir='ltr'>altera,</span> <span class='ocrx_word' id='word_1_191' title='bbox 292 2496 342 2556; x_wconf 91' lang='lat' dir='ltr'>ubi</span> <span class='ocrx_word' id='word_1_192' title='bbox 371 2497 475 2556; x_wconf 90' lang='lat' dir='ltr'>omnia</span> <span class='ocrx_word' id='word_1_193' title='bbox 507 2501 617 2557; x_wconf 86' lang='lat' dir='ltr'>eontra</span> <span class='ocrx_word' id='word_1_194' title='bbox 649 2497 750 2575; x_wconf 83' lang='lat' dir='ltr'>iprum</span> <span class='ocrx_word' id='word_1_195' title='bbox 782 2502 864 2557; x_wconf 83' lang='lat' dir='ltr'>etere</span> <span class='ocrx_word' id='word_1_196' title='bbox 893 2497 1071 2575; x_wconf 74' lang='lat' dir='ltr'>probamur,</span> 
     </span>
     <span class='ocr_line' id='line_1_28' title="bbox 145 2578 1072 2659; baseline -0.001 -20"><span class='ocrx_word' id='word_1_197' title='bbox 145 2598 227 2659; x_wconf 87' lang='lat' dir='ltr'>quee</span> <span class='ocrx_word' id='word_1_198' title='bbox 247 2596 307 2658; x_wconf 87' lang='lat' dir='ltr'>pro</span> <span class='ocrx_word' id='word_1_199' title='bbox 326 2598 360 2638; x_wconf 88' lang='lat' dir='ltr'>ee</span> <span class='ocrx_word' id='word_1_200' title='bbox 381 2578 631 2659; x_wconf 85' lang='lat' dir='ltr'>faeereputabat,</span> <span class='ocrx_word' id='word_1_201' title='bbox 654 2578 762 2654; x_wconf 78' lang='lat' dir='ltr'>altera,</span> <span class='ocrx_word' id='word_1_202' title='bbox 785 2578 1072 2639; x_wconf 87' lang='lat' dir='ltr'>ubiinviotaadbuo</span> 
     </span>
     <span class='ocr_line' id='line_1_29' title="bbox 146 2661 1071 2744; baseline -0.001 -21"><span class='ocrx_word' id='word_1_203' title='bbox 146 2680 330 2744; x_wconf 83' lang='lat' dir='ltr'>permanere</span> <span class='ocrx_word' id='word_1_204' title='bbox 351 2662 555 2740; x_wconf 79' lang='lat' dir='ltr'>ostendimus,</span> <span class='ocrx_word' id='word_1_205' title='bbox 578 2680 658 2741; x_wconf 90' lang='lat' dir='ltr'>quae</span> <span class='ocrx_word' id='word_1_206' title='bbox 681 2661 839 2723; x_wconf 82' lang='lat' dir='ltr'>confutare</span> <span class='ocrx_word' id='word_1_207' title='bbox 862 2662 974 2740; x_wconf 86' lang='lat' dir='ltr'>voluit,</span> <span class='ocrx_word' id='word_1_208' title='bbox 1007 2666 1071 2722; x_wconf 91' lang='lat' dir='ltr'>tum</span> 
     </span>
     <span class='ocr_line' id='line_1_30' title="bbox 146 2744 1106 2826; baseline -0.001 -20"><span class='ocrx_word' id='word_1_209' title='bbox 146 2746 267 2807; x_wconf 82' lang='lat' dir='ltr'>etiamsi</span> <span class='ocrx_word' id='word_1_210' title='bbox 289 2746 403 2805; x_wconf 86' lang='lat' dir='ltr'>vietum</span> <span class='ocrx_word' id='word_1_211' title='bbox 427 2746 565 2806; x_wconf 90' lang='lat' dir='ltr'>nondum</span> <span class='ocrx_word' id='word_1_212' title='bbox 588 2752 685 2826; x_wconf 78' lang='lat' dir='ltr'>erret,</span> <span class='ocrx_word' id='word_1_213' title='bbox 709 2746 783 2805; x_wconf 82' lang='lat' dir='ltr'>eatis</span> <span class='ocrx_word' id='word_1_214' title='bbox 806 2745 896 2806; x_wconf 85' lang='lat' dir='ltr'>luerit</span> <span class='ocrx_word' id='word_1_215' title='bbox 916 2744 1070 2821; x_wconf 77' lang='lat' dir='ltr'>effectum,</span> <span class='ocrx_word' id='word_1_216' title='bbox 1101 2794 1106 2805; x_wconf 95' lang='lat'><em>.</em></span> 
     </span>
     <span class='ocr_line' id='line_1_31' title="bbox 146 2828 1086 2909; baseline -0.003 -19"><span class='ocrx_word' id='word_1_217' title='bbox 146 2830 174 2890; x_wconf 82' lang='lat' dir='ltr'>ai</span> <span class='ocrx_word' id='word_1_218' title='bbox 203 2847 264 2890; x_wconf 87' lang='lat' dir='ltr'>uno</span> <span class='ocrx_word' id='word_1_219' title='bbox 302 2836 354 2889; x_wconf 90' lang='lat' dir='ltr'>aut</span> <span class='ocrx_word' id='word_1_220' title='bbox 388 2829 485 2890; x_wconf 86' lang='lat' dir='ltr'>altero</span> <span class='ocrx_word' id='word_1_221' title='bbox 523 2830 583 2899; x_wconf 90' lang='lat' dir='ltr'>telo</span> <span class='ocrx_word' id='word_1_222' title='bbox 619 2836 837 2909; x_wconf 80' lang='lat' dir='ltr'>prosternatur.</span> <span class='ocrx_word' id='word_1_223' title='bbox 881 2828 961 2905; x_wconf 77' lang='lat' dir='ltr'>Quid</span> <span class='ocrx_word' id='word_1_224' title='bbox 991 2830 1086 2888; x_wconf 84' lang='lat' dir='ltr'>enim</span> 
     </span>
     <span class='ocr_line' id='line_1_32' title="bbox 147 2912 1072 2993; baseline -0.002 -20"><span class='ocrx_word' id='word_1_225' title='bbox 147 2931 228 2993; x_wconf 80' lang='lat' dir='ltr'>opus</span> <span class='ocrx_word' id='word_1_226' title='bbox 256 2916 304 2972; x_wconf 86' lang='lat' dir='ltr'>eet</span> <span class='ocrx_word' id='word_1_227' title='bbox 330 2912 451 2973; x_wconf 80' lang='lat' dir='ltr'>hostem</span> <span class='ocrx_word' id='word_1_228' title='bbox 484 2932 546 2974; x_wconf 88' lang='lat' dir='ltr'>uno</span> <span class='ocrx_word' id='word_1_229' title='bbox 580 2912 683 2991; x_wconf 88' lang='lat' dir='ltr'>aliquo</span> <span class='ocrx_word' id='word_1_230' title='bbox 717 2913 780 2972; x_wconf 91' lang='lat' dir='ltr'>telo</span> <span class='ocrx_word' id='word_1_231' title='bbox 811 2913 946 2974; x_wconf 84' lang='lat' dir='ltr'>ooaieum</span> <span class='ocrx_word' id='word_1_232' title='bbox 969 2913 1072 2972; x_wconf 82' lang='lat' dir='ltr'>multis</span> 
     </span>
     <span class='ocr_line' id='line_1_33' title="bbox 147 2994 1073 3075; baseline -0.002 -19"><span class='ocrx_word' id='word_1_233' title='bbox 147 2996 217 3056; x_wconf 84' lang='lat' dir='ltr'>aliie</span> <span class='ocrx_word' id='word_1_234' title='bbox 239 2994 308 3057; x_wconf 84' lang='lat' dir='ltr'>telle</span> <span class='ocrx_word' id='word_1_235' title='bbox 337 2995 504 3057; x_wconf 86' lang='lat' dir='ltr'>oonlodere</span> <span class='ocrx_word' id='word_1_236' title='bbox 527 2995 703 3057; x_wconf 82' lang='lat' dir='ltr'>mortuum?</span> <span class='ocrx_word' id='word_1_237' title='bbox 746 2997 873 3058; x_wconf 81' lang='lat' dir='ltr'>Breviue</span> <span class='ocrx_word' id='word_1_238' title='bbox 896 2999 1028 3075; x_wconf 85' lang='lat' dir='ltr'>itaque,·</span> <span class='ocrx_word' id='word_1_239' title='bbox 1047 2996 1073 3054; x_wconf 83' lang='lat' dir='ltr'>ei</span> 
     </span>
     <span class='ocr_line' id='line_1_34' title="bbox 147 3076 1141 3163; baseline -0.002 -25"><span class='ocrx_word' id='word_1_240' title='bbox 147 3097 198 3140; x_wconf 82' lang='lat' dir='ltr'>ree</span> <span class='ocrx_word' id='word_1_241' title='bbox 220 3076 443 3160; x_wconf 65' lang='lat' dir='ltr'>meminerit,</span> <span class='ocrx_word' id='word_1_242' title='bbox 476 3099 558 3140; x_wconf 89' lang='lat' dir='ltr'>nuno</span> <span class='ocrx_word' id='word_1_243' title='bbox 581 3098 725 3161; x_wconf 80' lang='lat' dir='ltr'>agemus,</span> <span class='ocrx_word' id='word_1_244' title='bbox 758 3088 850 3158; x_wconf 90' lang='lat' dir='ltr'>atque</span> <span class='ocrx_word' id='word_1_245' title='bbox 872 3099 889 3140; x_wconf 94' lang='lat' dir='ltr'>e</span> <span class='ocrx_word' id='word_1_246' title='bbox 912 3086 997 3140; x_wconf 87' lang='lat' dir='ltr'>tanto</span> <span class='ocrx_word' id='word_1_247' title='bbox 1020 3099 1073 3137; x_wconf 89' lang='lat' dir='ltr'>nu·</span> <span class='ocrx_word' id='word_1_248' title='bbox 1138 3158 1141 3163; x_wconf 27' lang='grc' dir='ltr'>Ι</span> 
     </span>
     <span class='ocr_line' id='line_1_35' title="bbox 148 3163 1074 3243; baseline -0.001 -21"><span class='ocrx_word' id='word_1_249' title='bbox 148 3180 235 3222; x_wconf 89' lang='lat' dir='ltr'>mero</span> <span class='ocrx_word' id='word_1_250' title='bbox 260 3163 447 3223; x_wconf 75' lang='lat' dir='ltr'>exercituum</span> <span class='ocrx_word' id='word_1_251' title='bbox 478 3163 555 3224; x_wconf 89' lang='lat' dir='ltr'>duos</span> <span class='ocrx_word' id='word_1_252' title='bbox 588 3163 777 3243; x_wconf 84' lang='lat' dir='ltr'>proferemus</span> <span class='ocrx_word' id='word_1_253' title='bbox 806 3164 900 3223; x_wconf 79' lang='lat' dir='ltr'>dures</span> <span class='ocrx_word' id='word_1_254' title='bbox 931 3182 999 3223; x_wconf 86' lang='lat' dir='ltr'>oum</span> <span class='ocrx_word' id='word_1_255' title='bbox 1022 3163 1074 3222; x_wconf 91' lang='lat' dir='ltr'>ali·</span> 
     </span>
     <span class='ocr_line' id='line_1_36' title="bbox 113 3246 1120 3326; baseline 0.001 -22"><span class='ocrx_word' id='word_1_256' title='bbox 113 3290 116 3295; x_wconf 87' lang='lat'>.</span> <span class='ocrx_word' id='word_1_257' title='bbox 147 3253 226 3325; x_wconf 89' lang='lat' dir='ltr'>quot</span> <span class='ocrx_word' id='word_1_258' title='bbox 246 3247 309 3306; x_wconf 86' lang='lat' dir='ltr'>euie</span> <span class='ocrx_word' id='word_1_259' title='bbox 330 3246 513 3326; x_wconf 78' lang='lat' dir='ltr'>legionibus,</span> <span class='ocrx_word' id='word_1_260' title='bbox 536 3247 664 3307; x_wconf 92' lang='lat' dir='ltr'>Paulum</span> <span class='ocrx_word' id='word_1_261' title='bbox 691 3246 834 3308; x_wconf 85' lang='lat' dir='ltr'>videlieet</span> <span class='ocrx_word' id='word_1_262' title='bbox 855 3253 887 3307; x_wconf 93' lang='lat' dir='ltr'>et</span> <span class='ocrx_word' id='word_1_263' title='bbox 901 3246 1070 3309; x_wconf 89' lang='lat' dir='ltr'>Iohannem</span> <span class='ocrx_word' id='word_1_264' title='bbox 1116 3292 1120 3299; x_wconf 94' lang='lat'>.</span> 
     </span>
     <span class='ocr_line' id='line_1_37' title="bbox 148 3328 393 3409; baseline 0.012 -20"><span class='ocrx_word' id='word_1_265' title='bbox 148 3328 393 3409; x_wconf 78' lang='lat' dir='ltr'>Evangelistam.</span> 
     </span>
    </p>

    <p class='ocr_par' dir='ltr' id='par_1_5' title="bbox 185 3411 1072 3492">
     <span class='ocr_line' id='line_1_38' title="bbox 185 3411 1072 3492; baseline 0 -20"><span class='ocrx_word' id='word_1_266' title='bbox 185 3448 188 3453; x_wconf 94' lang='lat'>·</span> <span class='ocrx_word' id='word_1_267' title='bbox 220 3413 345 3473; x_wconf 80' lang='lat' dir='ltr'>&#39;Paulus</span> <span class='ocrx_word' id='word_1_268' title='bbox 368 3413 407 3474; x_wconf 90' lang='lat' dir='ltr'>ad</span> <span class='ocrx_word' id='word_1_269' title='bbox 420 3414 578 3474; x_wconf 83' lang='lat' dir='ltr'>Romanos</span> <span class='ocrx_word' id='word_1_270' title='bbox 600 3414 737 3475; x_wconf 78' lang='lat' dir='ltr'>scribens</span> <span class='ocrx_word' id='word_1_271' title='bbox 760 3413 805 3473; x_wconf 86' lang='lat' dir='ltr'>eie</span> <span class='ocrx_word' id='word_1_272' title='bbox 825 3411 993 3492; x_wconf 85' lang='lat' dir='ltr'>ingreditur</span> <span class='ocrx_word' id='word_1_273' title='bbox 1014 3412 1072 3472; x_wconf 84' lang='lat' dir='ltr'>die·</span> 
     </span>
    </p>

    <p class='ocr_par' dir='ltr' id='par_1_6' title="bbox 147 3496 1074 3577">
     <span class='ocr_line' id='line_1_39' title="bbox 147 3496 1074 3577; baseline 0 -21"><span class='ocrx_word' id='word_1_274' title='bbox 147 3498 340 3577; x_wconf 89' lang='lat' dir='ltr'>putationem</span> <span class='ocrx_word' id='word_1_275' title='bbox 370 3496 516 3558; x_wconf 84' lang='lat' dir='ltr'>advereue</span> <span class='ocrx_word' id='word_1_276' title='bbox 546 3496 673 3558; x_wconf 90' lang='lat' dir='ltr'>liberum</span> <span class='ocrx_word' id='word_1_277' title='bbox 710 3496 868 3558; x_wconf 85' lang='lat' dir='ltr'>arbitrium</span> <span class='ocrx_word' id='word_1_278' title='bbox 896 3514 952 3576; x_wconf 91' lang='lat' dir='ltr'>pro</span> <span class='ocrx_word' id='word_1_279' title='bbox 976 3498 1074 3575; x_wconf 85' lang='lat' dir='ltr'>gratia</span> 
     </span>
    </p>
   </div>
   <div class='ocr_carea' id='block_1_3' title="bbox 174 3754 992 3911">
    <p class='ocr_par' dir='ltr' id='par_1_7' title="bbox 174 3754 992 3911">
     <span class='ocr_line' id='line_1_40' title="bbox 222 3754 582 3823; baseline -0.017 -12"><span class='ocrx_word' id='word_1_280' title='bbox 222 3758 250 3823; x_wconf 93' lang='lat'>1)</span> <span class='ocrx_word' id='word_1_281' title='bbox 270 3754 302 3808; x_wconf 92' lang='lat' dir='ltr'>In</span> <span class='ocrx_word' id='word_1_282' title='bbox 320 3755 364 3810; x_wconf 91' lang='lat' dir='ltr'>ed.</span> <span class='ocrx_word' id='word_1_283' title='bbox 386 3754 466 3811; x_wconf 72' lang='lat'><strong>1526:</strong></span> <span class='ocrx_word' id='word_1_284' title='bbox 487 3758 582 3822; x_wconf 84' lang='lat' dir='ltr'>quarn.</span> 
     </span>
     <span class='ocr_line' id='line_1_41' title="bbox 174 3825 992 3911; baseline -0.012 -9"><span class='ocrx_word' id='word_1_285' title='bbox 174 3862 268 3903; x_wconf 69' lang='lat' dir='ltr'>nuum</span> <span class='ocrx_word' id='word_1_286' title='bbox 283 3872 335 3911; x_wconf 80' lang='lat' dir='ltr'>opp.</span> <span class='ocrx_word' id='word_1_287' title='bbox 349 3862 376 3903; x_wconf 89' lang='lat' dir='ltr'>v.</span> <span class='ocrx_word' id='word_1_288' title='bbox 390 3860 419 3902; x_wconf 79' lang='lat' dir='ltr'>n.</span> <span class='ocrx_word' id='word_1_289' title='bbox 435 3860 464 3900; x_wconf 70' lang='lat' dir='ltr'>aa</span> <span class='ocrx_word' id='word_1_290' title='bbox 477 3859 517 3899; x_wconf 69' lang='lat' dir='ltr'>rer.</span> <span class='ocrx_word' id='word_1_291' title='bbox 536 3859 586 3898; x_wconf 63' lang='lat' dir='ltr'>urst.</span> <span class='ocrx_word' id='word_1_292' title='bbox 601 3858 616 3897; x_wconf 83' lang='lat' dir='ltr'>r.</span> <span class='ocrx_word' id='word_1_293' title='bbox 631 3869 652 3906; x_wconf 69' lang='lat' dir='ltr'>p.</span> <span class='ocrx_word' id='word_1_294' title='bbox 668 3857 717 3898; x_wconf 82' lang='lat' dir='ltr'>vor.</span> <span class='ocrx_word' id='word_1_295' title='bbox 731 3856 781 3898; x_wconf 86' lang='lat' dir='ltr'>vn.</span> <span class='ocrx_word' id='word_1_296' title='bbox 952 3825 992 3887; x_wconf 84' lang='lat' dir='ltr'>2l</span> 
     </span>
    </p>
   </div>
   <div class='ocr_carea' id='block_1_4' title="bbox 0 0 1191 4162">
    <p class='ocr_par' dir='ltr' id='par_1_8' title="bbox 0 0 1191 4162">
     <span class='ocr_line' id='line_1_42' title="bbox 0 0 1191 4162; baseline 0 0"><span class='ocrx_word' id='word_1_297' title='bbox 0 0 1191 4162; x_wconf 95' lang='lat' dir='ltr'> </span> 
     </span>
    </p>
   </div>
  </div>
 </body>
</html>
