2348 4162
224 278 249 320 o.
267 277 334 334 pap.
352 268 382 320 st
399 268 471 335 port
488 261 537 320 inf.
558 270 649 322 const.
668 263 828 323 asserenda.
917 265 981 333 485

57 435 186 516 docent,
218 436 277 516 ipsi
298 435 442 497 volumus
465 443 495 497 et
519 436 665 498 debemus
688 438 829 501 ordinare
851 438 982 502 idoneos

57 518 96 581 ad
120 519 199 581 tales
222 519 406 600 functiones,
435 519 464 580 id
486 540 548 581 non
572 527 702 601 possunt
724 528 829 584 vetare
852 530 982 605 autprc·

55 601 179 682 hibere,
214 604 305 663 etiam
328 603 497 664 secundum
534 605 581 664 ius
604 624 701 667 suum.
745 604 823 665 Nam
845 607 981 687 ipsorum

55 686 123 747 iura
146 686 252 747 dicunt
283 687 375 747 etiam
408 705 478 763 eos,
514 688 564 767 qui
587 687 626 748 ab
658 688 820 755 haereticis
849 689 982 750 ordinati

56 775 144 850 sunt,
167 787 238 830 esse
261 768 429 850 ordinatos,
451 789 552 849 neque
575 770 657 831 iliam
682 771 907 833 ordinationem
932 771 981 833 de·

55 851 132 914 bere
151 854 280 934 mutari,
306 853 564 932 quemadmodum
587 852 617 915 S.
641 853 846 936 Hieronymus
869 855 907 915 da
930 873 982 916 ec·

55 935 151 996 clesia
169 935 381 996 Alexandrina
402 936 521 1018 scribit,
557 957 625 998 eam
648 938 747 1016 primo
777 938 894 1017 absque
916 939 981 1019 epi-

55 1019 160 1100 scopis
181 1037 236 1098 per
258 1017 457 1100 presbyteros
480 1028 508 1081 et
522 1021 758 1082 concionatores
781 1023 983 1083 communiter

53 1101 256 1185 gubernatam
280 1121 358 1165 esse.

300 1230 348 1291 De
370 1230 516 1311 coniugio
537 1230 743 1295 sacerdotum.

140 1345 232 1422 Quod
254 1348 399 1428 coniugia
420 1347 642 1428 prohibuerunt
674 1355 704 1410 et
727 1348 862 1410 divinum
883 1367 982 1410 sacer-

57 1430 166 1492 dotum
190 1429 328 1491 ordinem
361 1439 511 1510 perpetua
534 1433 675 1492 castitate
699 1438 881 1507 onerarunt,
904 1432 981 1492 fece·

53 1519 128 1576 runt
147 1511 261 1576 iniuste
282 1520 314 1575 et
334 1515 438 1593 inique
461 1521 493 1575 et
514 1522 547 1574 ut
568 1515 664 1596 impii,
687 1516 837 1596 tyrannici
861 1533 898 1574 ac
911 1533 981 1594 per·

55 1597 110 1658 diti
132 1594 321 1678 nebulones,
355 1616 453 1676 eaque
484 1616 518 1658 re
556 1599 752 1659 occasionem
775 1596 984 1679 praebuerunt

54 1679 158 1742 omnis
180 1680 301 1759 generis
331 1680 467 1760 peccatis
489 1680 649 1741 horrendis
679 1700 716 1741 ac
737 1682 822 1742 tetris
843 1681 982 1740 innume-

53 1761 264 1842 rabilibusque
286 1762 471 1840 libidinibns,
494 1762 602 1843 quibus
624 1763 725 1825 adhuc
745 1764 881 1824 immersi
910 1761 982 1823 hae·

54 1851 136 1908 rent.
181 1845 279 1920 Quam
301 1847 393 1927 igitur
419 1852 472 1906 aut
500 1846 589 1906 nobis
611 1853 665 1907 aut
692 1847 752 1907 illis
774 1865 836 1908 non
860 1851 908 1906 est
928 1865 982 1926 po·

56 1933 153 1989 testas
192 1927 265 1990 data
297 1948 336 1990 ex
370 1929 508 1990 masculo
532 1931 690 2007 feminam,
724 1929 775 1990 vel
806 1949 846 1990 ex
869 1928 983 1989 femina

55 2010 228 2073 masculum
251 2011 393 2089 faciendi,
411 2019 464 2073 aut
487 2019 648 2092 utrumque
659 2032 767 2073 sexum
793 2012 904 2090 delere,
920 2018 981 2072 tam

56 2095 117 2175 ipsi
140 2112 263 2173 quoque
296 2115 358 2158 non
390 2094 506 2156 habent
539 2102 724 2176 potestatem
748 2103 904 2157 creaturas
926 2095 983 2156 Dei

56 2177 232 2258 separandi,
256 2184 309 2239 ant
329 2178 529 2259 prohibendi,
563 2199 602 2240 ne
623 2179 754 2240 honeste
777 2187 807 2239 et
827 2180 858 2238 in
882 2179 983 2238 matri·

57 2261 164 2322 monio
183 2260 368 2325 cohabitent.
412 2262 518 2341 Itaque
530 2280 726 2341 nequaquam
743 2260 983 2342 approbabimus

57 2349 112 2405 aut
133 2343 266 2404 feremus
287 2345 414 2424 impium
437 2345 558 2405 illorum
582 2345 779 2424 coelibatum,
800 2343 854 2404 sed
877 2344 981 2404 conin-

56 2427 142 2509 gium
163 2426 345 2488 habebimus
367 2427 505 2504 liberum,
528 2429 608 2488 sicut
628 2448 647 2489 a
668 2429 736 2492 Deo
760 2427 931 2487 ordinatum
953 2433 983 2487 et

57 2511 229 2571 institutum
252 2518 308 2590 est,
330 2530 432 2590 neque
453 2508 535 2572 illins
559 2529 636 2590 opus
658 2510 834 2572 rescindere
856 2517 909 2570 aut
930 2510 984 2569 im·

57 2592 165 2675 pedire
188 2593 339 2659 volumus.
381 2594 460 2654 Nam
483 2592 637 2656 &Paulus
660 2595 703 2656 ait
725 2612 794 2655 esse
813 2593 982 2654 doctrinam

59 2674 256 2738 diabolicam.

409 2790 458 2855 Dc
481 2791 624 2856 ecclesia.

142 2917 212 2981 Non
236 2919 435 2982 concedimus
458 2922 512 3002 eis,
535 2919 617 3002 quod
640 2921 701 2981 sint
722 2919 869 2997 ecclesia,
900 2924 931 2980 et
950 2938 984 2980 re

56 3021 134 3064 vera
156 3021 218 3065 non
242 3009 330 3083 sunt,
370 3010 401 3065 et
422 3023 483 3065 non
513 3003 792 3085 obtemperabimus
815 3005 869 3078 iis,
905 3021 985 3082 quae

61 3084 119 3147 sub
142 3087 268 3148 nomine
291 3087 440 3148 ecclesiae
463 3087 611 3148 mandant
631 3095 683 3148 aut
705 3092 819 3152 vetant.
861 3085 984 3146 Etenim

57 3187 145 3250 puer,
167 3169 225 3230 Dei
248 3171 355 3250 gratia,
378 3177 497 3250 septem
520 3189 744 3232 annorumncn
758 3171 890 3250 ignorat,
913 3167 985 3248 quid

58 3253 99 3314 sit
121 3252 270 3333 ecclesia,
305 3251 388 3332 quod
422 3255 459 3314 sit
491 3255 588 3314 sancti
624 3250 731 3314 fideles
769 3259 800 3313 et
834 3252 984 3330 oviculae,

59 3354 141 3416 quae
164 3354 272 3397 vocem
308 3338 441 3416 pastoris
470 3338 517 3397 sui
540 3335 675 3399 audiunt.
720 3336 770 3398 sic
792 3337 871 3395 enim
896 3341 986 3395 orant

57 3418 162 3502 pueri:
194 3418 294 3481 credo
316 3425 454 3481 sanctam
480 3420 642 3481 ecclesiam
666 3418 858 3481 catholicam.
900 3417 985 3478 Haec

48 3502 264 3564 'ranctimonia
297 3521 360 3563 non
383 3510 429 3563 est
451 3507 510 3564 sita
531 3504 561 3563 in
586 3503 774 3582 superliciis,
808 3509 841 3561 ut
862 3506 985 3580 vocant,

58 3586 184 3664 casuris,
208 3583 363 3665 talaribus,
386 3587 496 3647 tunicis
519 3593 550 3647 et
572 3587 639 3647 aliis
651 3587 771 3646 iliorum
792 3585 985 3663 ceremoniis,

57 3688 115 3751 per
136 3669 222 3754 ipsps
246 3675 334 3730 extra
351 3688 470 3730 sacram
483 3670 670 3748 scripturam
684 3668 834 3746 confictis,
857 3667 910 3728 sed
927 3668 986 3728 sita

58 3752 161 3815 estin
184 3751 279 3815 verbo
307 3752 366 3814 Dei
388 3758 419 3814 et
440 3763 525 3815 recta
546 3751 617 3816 fide.
