2348 4162
194 236 258 303 296
442 236 872 293 namonnnruml.

193 410 286 471 eata?
307 408 368 470 Sed
390 409 468 469 haee
489 409 574 469 aliae.
618 408 698 483 Quid
719 428 794 469 vero
816 394 1009 487 dieit'qund
1025 408 1114 471 hama

193 493 316 554 adiutus
339 492 394 552 liei
416 494 533 552 auxilio
567 493 665 572 poerit
694 491 839 571 operibua
861 491 1031 554 montibu·
1050 512 1115 553 aena

193 574 724 733 litssl⁸lliil³2⁸p⁰tll⁰til:
743 574 1116 739 liltiss'liffi'dl

193 744 266 802 rino
288 741 428 801 anxilio?
471 738 534 803 Sed
571 741 631 801 hoe
653 748 717 819 eat,
753 741 837 821 qnod
860 742 944 801 dixi:
983 742 1116 802 Diatrilia

192 844 317 886 eausam
340 826 518 901 contemnit,
539 843 630 903 qnam
654 826 727 904 agit,
750 823 823 884 iden
844 827 890 885 eie
911 826 1013 885 stertit
1030 832 1117 886 etue

196 910 271 968 citat
293 907 459 987 loquendo.

278 991 452 1051 Cornelium
465 990 500 1064 ³)
524 997 627 1050 tamen
648 989 732 1050 illum
755 992 968 1052 centurionem
990 1008 1049 1070 prn
1069 1009 1117 1049 ex·

195 1073 300 1154 amplo
322 1073 448 1133 adducit
462 1078 507 1151 ¹),
543 1078 576 1133 nt
605 1074 692 1133 anina
715 1092 824 1153 preeee
845 1082 878 1134 et
898 1074 1117 1153 eleemoaynaa

195 1158 365 1237 placuerint
387 1155 523 1216 nondum
548 1155 708 1235 baptisati,
735 1157 866 1217 nendum
887 1156 985 1218 afflati
1007 1156 1116 1237 Spiritu

194 1248 314 1300 sanato.

276 1321 345 1401 Ego
379 1339 504 1400 quoque
525 1321 638 1381 Lucam
660 1323 691 1381 in
712 1321 799 1381 datia
820 1320 898 1400 legi,
937 1340 999 1382 nea
1018 1330 1115 1383 tamen

194 1407 295 1465 inveni
332 1404 395 1465 ulla
426 1403 547 1485 syllaba
568 1403 717 1477 indicari,
750 1404 833 1484 qnod
866 1423 962 1484 opera
984 1404 1115 1467 (inrnelii

192 1488 304 1549 inerint
326 1487 482 1548 moraliter
503 1485 595 1566 bona,
617 1489 685 1547 eine
706 1487 819 1566 Spiritu
840 1494 962 1562 anneto,
986 1498 1021 1547 ut
1042 1505 1115 1547 anm·

191 1572 255 1631 nint
276 1569 421 1641 diatriba,
458 1570 513 1628 aed
535 1572 720 1631 eontrarium
742 1571 884 1647 invenio,
912 1570 998 1649 quod
1021 1572 1114 1631 inetur

194 1662 227 1714 at
247 1656 358 1716 timens
380 1653 479 1712 Deum
501 1653 607 1731 inerit,
631 1659 677 1713 eie
698 1655 780 1713 enim
800 1652 901 1713 Laena
922 1672 994 1713 enm
1016 1652 1115 1735 appel-

195 1737 255 1814 iat3
291 1737 402 1797 iuatum
428 1744 530 1796 antem
560 1744 592 1796 et
617 1738 774 1796 timentem
795 1737 894 1796 Deum
917 1737 986 1797 eina
1007 1735 1115 1817 Spiritu

193 1824 302 1880 nancto
325 1819 400 1898 dini,
432 1826 480 1878 eet
500 1818 600 1897 idem,
634 1820 718 1899 quod
740 1819 837 1879 Belial
859 1818 1014 1880 Gliriaturn
1051 1819 1117 1881 dini.

194 1900 315 1963 Deinde
337 1906 404 1962 tota
426 1900 591 1980 disputatio
601 1901 642 1962 ibi
664 1903 738 1982 agit,
761 1901 843 1981 quod
861 1901 994 1962 mundun
1015 1920 1115 1963 aaran

192 1985 261 2045 Deo
284 1986 323 2044 ait
344 1984 524 2060 Corneliae,
556 1986 647 2046 etiam
669 1992 747 2045 taeta
769 1987 889 2045 risione
910 1984 951 2046 de
971 1985 1063 2046 analo
1081 1982 1116 2044 ad

192 2068 314 2128 Petrum
339 2069 432 2127 missa
464 2073 495 2127 et
516 2069 615 2147 ipaum
637 2070 832 2148 increpante,
864 2068 1001 2143 aailinat,
1029 2068 1115 2130 tantia

196 2149 297 2210 verbis
320 2157 352 2209 et
371 2149 464 2210 rebus
485 2151 599 2211 institia
623 2157 653 2210 et
674 2150 751 2210 iidea
774 2151 909 2212 Cornelii
926 2171 944 2211 a
966 2151 1053 2212 Luna
1073 2169 1115 2211 aa

198 2232 340 2294 lebratur.
383 2231 591 2295 Nihilominus
622 2233 753 2294 diatriba
786 2253 854 2294 eum
882 2236 945 2294 anie
968 2234 1115 2316 Sophietla

196 2317 310 2396 apertis
342 2316 441 2376 oeulis
468 2317 499 2376 in
522 2315 692 2376 alariaaima
719 2317 788 2376 inae
811 2315 973 2395 verborum
996 2328 1030 2378 et
1057 2315 1114 2377 eri·

196 2399 300 2460 deniia
321 2418 420 2459 rerum
444 2401 618 2459 caecutiunt
640 2406 671 2459 et
692 2402 876 2461 nonuai'inm
896 2401 1012 2476 vident,
1034 2404 1115 2462 tanta

197 2490 245 2543 eat
263 2482 456 2562 indiligentia
466 2480 499 2563 ²)
522 2481 646 2563 legendi
668 2490 699 2542 et
721 2481 904 2544 observandi
925 2501 1033 2544 andrae
1053 2483 1113 2543 lita·

196 2583 269 2661 raaz
287 2573 448 2708 qussettum
472 2573 594 2708 oportet
617 2565 765 2709 ollssurll
799 2573 830 2710 pt
857 2565 1020 2710 nnpbiguga
1042 2566 1113 2708 inip-

195 2667 316 2791 dllllio
350 2667 496 2791 :ullilall
519 2668 660 2792 lldlndlrln
685 2668 857 2797 alldlddalm’
873 2666 1114 2811 dnnlpllidumhind

194 2816 361 2956 tillia
379 2813 1113 2961 illitiell‘llstilill?illl

194 2984 269 3038 trem
294 2978 414 3056 Christi,
428 2916 467 3039 lli
489 2980 663 3040 Simeonem
686 2917 771 3040 dineld
792 2982 859 3042 aine
872 2944 986 3062 Spiritu
1009 2986 1112 3043 annoto

193 3059 295 3124 iuiaae.
338 3060 398 3121 Sed
421 3063 544 3123 valeant
568 3062 793 3125 tenebrantem
817 3084 948 3126 araneae.

276 3143 408 3219 Quartus
430 3144 517 3206 lonua
556 3145 664 3206 lleaiae
699 3147 809 3208 eodem
833 3147 977 3226 Gap.⁸):
1009 3143 1113 3206 Omnia

193 3245 266 3286 aare
289 3229 431 3305 foenum,
453 3235 484 3288 et
505 3231 604 3289 omnia
626 3229 725 3309 gloria
746 3233 811 3291 eiua
833 3232 919 3309 quaai
941 3229 1002 3291 ilne
1025 3227 1113 3300 foeni,

193 3311 379 3371 exsinuatum
402 3317 450 3370 eet
480 3311 624 3387 foenum,
651 3320 682 3372 et
702 3312 760 3373 floa
782 3314 864 3375 foeni
887 3312 1013 3389 aedidit,
1046 3310 1113 3392 quia

192 3393 318 3471 spiritus
343 3392 466 3454 Domini
495 3395 628 3454 sufflavit
655 3397 684 3455 in
707 3396 780 3456 illud
805 3405 862 3459 eta.
906 3394 1036 3456 Videtur
1056 3392 1112 3453 dia·

263 3659 292 3722 *i
313 3660 373 3714 Ant
385 3663 428 3719 10.
466 3661 498 3731 1)
520 3662 551 3716 In
569 3661 613 3717 ad.
632 3663 686 3718 Ian.
700 3662 745 3719 hia
755 3662 782 3719 in
792 3663 916 3736 margine
926 3664 1060 3735 aariptnrn
1076 3664 1110 3719 le

192 3730 280 3801 gitur:
298 3731 437 3789 Erasmus.
474 3734 506 3803 2)
527 3733 710 3789 Ined.1en.:
730 3734 883 3807 diligentia
922 3738 969 3807 “i
988 3736 1110 3793 mli).
