2348 4162
127 218 192 286 542
404 218 754 290 &maiomam

127 388 304 449 stimonium
334 387 374 449 de
390 391 502 450 veteris
515 389 673 461 ,ecdesiae
706 395 788 451 statu
809 388 959 451 adversus
981 389 1041 450 reli-

128 489 208 553 quos
230 471 461 534 defensorculos
483 481 515 533 et
541 473 740 552 petrunculus
770 473 900 554 frigidos
922 493 997 534 sane
1016 480 1044 534 et

128 554 267 615 elumbes
282 557 449 615 meretricis
459 557 545 617 istius
566 556 737 630 Romanae,
756 555 905 617 decanea
915 575 973 617 sua
985 575 1043 617 non

127 636 237 698 leviter
257 638 466 716 periclitantis.

210 719 288 780 Nam
315 720 366 781 hic
386 721 488 797 vides,
515 729 655 800 tempore
680 720 864 801 Hieronymi
899 719 994 804 (sicut
1016 730 1044 785 st

125 800 283 867 Ambrosii
310 811 341 863 et
363 767 545 884 Augustini)
573 803 689 863 nullum
711 804 807 864 fuisse
836 805 1043 885 Arcbiepisco

127 904 201 967 pum
223 888 254 946 in
276 886 423 963 ecclesia,
457 884 572 946 nullum
599 885 823 966 Patriarcham,
849 888 967 949 nullum
990 888 1043 948 Pri·

128 975 253 1047 matem,
271 969 386 1029 nullum
404 932 684 1048 Metropolitanum,
704 969 800 1030 multo
819 971 920 1030 minus
934 970 1044 1066 Papam

126 1070 182 1112 seu
204 1054 435 1113 oecumenicum
457 1051 646 1132 pontificem,
668 1052 724 1112 sed
745 1071 855 1113 omnes
876 1061 966 1113 erant
986 1055 1045 1134 epi·

126 1135 214 1230 scopi
236 1136 315 1195 inter
335 1154 370 1195 ae
391 1135 553 1214 aequales,
574 1133 721 1195 deinde
711 1137 771 1214 ipsi
794 1137 946 1216 episcopi
957 1136 1044 1197 iidem

126 1219 179 1296 qui
200 1217 370 1297 presbyteri
396 1223 428 1278 et
459 1227 600 1294 econtra,
623 1216 755 1296 denique
787 1219 974 1298 episcopum
991 1217 1045 1279 llu-

125 1299 210 1380 gubii
242 1319 304 1360 non
332 1300 425 1381 longe
451 1320 471 1359 a
492 1300 593 1361 Roma
624 1299 762 1380 oppiduli
789 1301 954 1380 aequalem
981 1321 1046 1362 ease

126 1383 200 1443 dicit
219 1383 278 1462 ipsi
300 1383 441 1444 Romano
464 1384 623 1463 episcopo.
669 1382 736 1443 Heu
759 1393 893 1462 quantus
915 1384 1047 1445 haereti·

126 1482 181 1527 ons
202 1465 329 1546 iuturus,
352 1467 377 1526 si
399 1465 493 1527 hodie
516 1468 633 1526 viveret
653 1467 698 1525 vir
718 1474 855 1547 sanctus,
877 1476 912 1527 et
932 1470 1045 1545 mirum,

126 1548 209 1628 qnod
231 1567 293 1609 non
331 1549 440 1609 millies
466 1569 535 1609 eum
558 1549 705 1609 damnent
736 1549 816 1609 ultra
845 1557 961 1611 tartara
981 1569 1045 1611 cnm

126 1630 268 1692 omnibus
297 1633 364 1692 eins
389 1633 520 1711 scriptis.
576 1632 645 1692 Fuit
671 1639 704 1692 et
729 1631 916 1692 vocabulum
948 1633 1046 1713 Papae

126 1732 289 1775 commuue
311 1733 422 1776 nomen
446 1717 672 1794 episcoporum
714 1710 821 1777 stas,
843 1714 1046 1796 Hieronymus

126 1804 219 1859 vocat
249 1797 279 1861 S.
301 1799 504 1877 Augustinum
537 1798 763 1858 sanctissimum
791 1796 910 1876 Papam
940 1806 972 1859 et
994 1798 1046 1879 (ly-

123 1881 264 1960 prianum
288 1882 442 1942 vocabant
458 1881 601 1960 Papam
594 1900 625 1940 ιιι
647 1879 1045 2027 ecclesiscprthapiniensmi.

124 1961 228 2036 Quare
243 1963 369 2024 evidens
390 1971 449 2043 est,
470 1972 566 2025 totam
581 1962 664 2024 illam
682 1962 883 2024 hierarchiam

125 2063 195 2106 esse
223 2045 378 2106 doctrinas
403 2046 562 2107 hominum
589 2065 643 2107 seu
673 2045 909 2107 daemoniorum
938 2049 1045 2144 verim,

124 2146 180 2223 per
202 2127 378 2206 hypocritas
399 2128 581 2212 falsiloquos
603 2129 800 2192 introductas
844 2128 964 2191 Omnes
989 2130 1043 2202 uin·

123 2211 189 2290 quit
210 2210 240 2274 8.
262 2210 460 2292 Hieroymus)
485 2214 592 2273 merito
609 2221 641 2273 et
655 2211 829 2278 sacerdotio
847 2220 918 2272 sunt
933 2231 1042 2292 nequa·

124 2293 184 2354 les
176 2296 348 2374 ,potentia
367 2295 539 2355 divitiarum
562 2303 594 2355 et
608 2296 796 2391 paupertatis
817 2294 976 2355 humilitas
998 2295 1041 2356 vel

125 2375 334 2438 sublimiorem
358 2377 408 2437 vel
430 2377 603 2438 inferiorem
626 2380 806 2458 episcopum
829 2377 912 2440 facit.

160 2501 162 2504 ι
211 2460 250 2520 Et
271 2460 353 2540 quod
376 2461 545 2520 mirandum
569 2468 632 2539 est,
659 2479 697 2521 eo
720 2468 860 2540 tempore
883 2479 942 2521 nec
964 2460 1043 2522 diffe-

129 2544 226 2603 rentis
254 2543 405 2604 donorum
441 2552 471 2603 et
497 2546 661 2624 gratiarum
688 2544 891 2623 spiritualium
922 2545 1044 2623 (quibus

128 2633 230 2686 tamen
253 2625 564 2688 maximedebebatnr
585 2626 717 2723 dignitas
731 2627 974 2707 praecellentiae
996 2646 1043 2687 seu

128 2707 1043 2888 ttttllltltalltlttltttfutlttluffil

127 2874 272 2952 tissimus,
294 2877 404 2936 virtute
427 2877 550 2954 spiritus
573 2882 604 2936 et
624 2874 777 2937 miraculis
799 2876 918 2953 clarus,
947 2885 1042 2937 tamen

127 2957 207 3017 inter
236 2960 400 3039 episcopos
429 2967 547 3020 ceteros
576 2959 701 3021 tenebat
728 2978 815 3019 suurn
846 2958 966 3041 locum,
992 2975 1042 3020 nec

129 3040 225 3101 voluit
251 3061 361 3102 sanare
383 3041 535 3121 quendam
558 3051 731 3122 aegrotum,
754 3043 811 3101 nisi
836 3043 875 3102 ab
899 3043 997 3103 aliia
989 3060 1041 3102 rus·

127 3141 180 3183 aus
202 3126 316 3185 elfere
343 3132 478 3189 coact.us
538 3124 628 3187 urs.
651 3126 841 3204 Augustinus
871 3126 951 3186 inter
989 3125 1042 3205 epi·

128 3223 242 3286 acopos
264 3207 386 3268 Africae
407 3209 601 3269 doctissimus
631 3214 661 3268 et
687 3208 924 3269 fecundissimus
947 3210 1043 3270 locum

127 3307 214 3349 snum
243 3292 340 3352 tenuit
362 3291 555 3371 inferiorem,
585 3291 677 3351 veluti
698 3292 815 3369 iunior,
838 3297 870 3353 et
892 3293 1042 3353 tamenin

127 3372 256 3452 synodis
274 3374 442 3453 cogebatur
463 3374 585 3454 publice
598 3375 711 3435 docere
734 3374 781 3434 vel
805 3375 980 3436 orationem
997 3373 1042 3434 ha·

128 3454 216 3531 bere,
244 3457 325 3534 quod
355 3464 420 3517 erat
408 3458 496 3517 tvel
520 3456 797 3537 Carthaginiensis,
819 3459 845 3516 si
869 3457 930 3517 lori
942 3457 1042 3554 'digui-

128 3543 175 3596 tas
197 3539 309 3617 aliquid
333 3541 492 3616 valuisset,
515 3540 562 3600 vel
585 3540 712 3600 alicuius
747 3541 877 3600 senioris
901 3540 1041 3620 episcopi

127 3618 225 3680 Erant
245 3623 293 3681 isti
316 3623 371 3681 viri
392 3585 577 3684 sanctissimi
590 3643 622 3683 re
638 3625 716 3704 ipsa,
738 3622 821 3702 quod
845 3624 1041 3703 vocabantur,

127 3701 158 3762 id
181 3710 237 3781 est,
259 3724 329 3764 vere
351 3707 499 3786 episcopi,
520 3725 581 3767 non
604 3726 690 3768 susm
702 3713 886 3788 quaerentes
910 3709 958 3768 vel
982 3707 1040 3790 glo
