2348 4162
295 250 332 309 ad
349 250 385 309 D.
403 218 547 310 Haemum
565 253 791 311 Rotarcdanrum.
945 238 1010 319 245

79 421 193 502 quibus
226 440 262 483 se
294 423 385 485 sentit
412 424 520 506 urgeri.
564 421 660 484 Nobis
687 428 805 507 autem,
829 423 937 505 quibus
960 443 1008 486 res

80 505 184 586 agitur
215 507 297 568 seria
332 513 364 568 et
386 509 437 588 qui
465 507 664 568 certissimam
688 508 846 569 veritatem
870 528 926 589 pro
948 514 1008 568 sta-

80 587 224 649 biliendis
249 591 444 652 conscientiis
467 592 655 671 quaerimus,
687 589 780 671 longe
808 591 896 652 aliter
917 610 1010 673 agen·

81 670 156 733 dum
179 678 235 737 cst.
277 670 392 752 Nobis,
409 675 549 753 inquam,
572 693 634 734 non
657 680 704 734 est
725 674 816 754 satis,
839 675 862 734 si
886 674 1010 753 dixeris,

80 760 186 836 potest
207 755 259 817 hic
277 763 384 838 tropus
406 776 491 838 esse,
513 756 567 817 sed
590 758 761 838 quaeritur,
785 776 823 817 an
847 756 959 818 debeat
980 763 1011 818 et

81 843 227 920 oporteat
250 846 370 920 tropum
392 840 444 902 hic
459 860 538 903 esse.
582 839 673 916 Quod
696 840 719 900 si
743 859 804 900 non
821 841 1010 919 monstraris,

80 923 260 984 necessario
272 925 374 985 inesse
384 929 517 1004 tropum,
539 923 613 984 nihil
631 942 755 1004 prorsus
768 922 915 984 effeceris.
944 922 1012 984 stat

79 1005 125 1066 ibi
148 1005 275 1067 verbum
299 1007 370 1087 Dei:
402 1007 470 1087 Ego
497 1006 646 1068 indurabo
676 1025 729 1067 cor
756 1007 935 1068 Pharaonis.
978 1005 1011 1085 Si

81 1096 117 1150 tu
139 1086 269 1168 dixeris,
302 1091 347 1150 sic
368 1090 580 1171 accipiendum
609 1108 678 1151 esse
701 1090 749 1150 vel
776 1089 875 1170 accipi
901 1107 1010 1171 posse:

79 1172 153 1252 Ego
181 1174 355 1253 permittam
377 1170 526 1254 indurari,
564 1173 655 1234 audio
684 1173 807 1253 quidem
845 1173 890 1233 sic
919 1190 1012 1253 posse

80 1255 196 1336 accipi,
218 1257 312 1317 audio
333 1257 417 1319 hunc
439 1264 559 1337 tropum
585 1256 724 1337 populari
738 1273 883 1319 sermone
904 1256 1010 1337 vulga·¹

80 1344 160 1416 tum,
182 1343 216 1399 ut
228 1339 297 1420 Ego
320 1346 352 1402 te
373 1339 502 1421 perdidi,
525 1341 596 1420 quia
614 1342 717 1399 statim
739 1358 801 1400 non
825 1340 945 1401 correxi
968 1358 1012 1399 er-

81 1428 215 1487 rantem.
259 1422 319 1484 Sed
341 1423 515 1484 nonestilli
528 1422 703 1503 probationi
725 1422 822 1502 locus,
844 1441 905 1483 non
919 1440 1012 1501 quae·

80 1505 179 1584 ritur,
207 1525 246 1566 an
269 1513 375 1588 tropus
396 1506 449 1567 ille
471 1507 560 1566 sitin
583 1524 653 1586 usu,
681 1523 743 1566 non
768 1506 940 1584 quaeritur,
973 1524 1012 1565 an

83 1587 198 1668 aliquis
220 1591 319 1669 possit
339 1609 408 1651 eum
431 1589 491 1651 hoc
514 1589 583 1650 loco
596 1587 684 1650 Pauli
706 1607 863 1668 usurpare,
885 1586 940 1648 sed
953 1587 1014 1648 hoc

84 1672 258 1753 quaeritur,
288 1693 328 1734 an
350 1678 447 1743 tutum
482 1692 519 1735 ac
547 1678 663 1733 certum
687 1672 832 1732 sitrecte
859 1670 1013 1733 hocloco

82 1774 245 1836 usurpare,
267 1762 357 1818 etan
380 1755 493 1818 Paulus
515 1755 589 1817 velit
608 1774 647 1816 eo
670 1755 732 1834 uti3
765 1773 826 1814 non
850 1753 889 1814 de
912 1754 1013 1815 alieno

83 1839 213 1900 lectoris
233 1858 307 1920 usu,
336 1838 392 1901 sed
419 1838 458 1900 de
478 1839 574 1920 ipsius
597 1838 712 1900 autoris
736 1837 821 1898 Pauli
844 1855 900 1898 usu
923 1844 1015 1916 quae-

82 1922 173 1983 ritur.

172 2002 252 2080 Quid
284 2003 379 2066 facies
414 2005 621 2067 conscientiae
653 2004 698 2065 sic
725 2002 904 2084 quaerenti?
931 2001 1016 2063 Ecce

81 2087 173 2149 'Deus
195 2094 285 2149 autor
319 2088 403 2149 dicit:
436 2086 589 2148 indurabo
614 2106 668 2149 cor
689 2085 876 2164 Pharaonis,
909 2091 1017 2166 aperta

86 2178 118 2232 et
140 2176 216 2232 nota
237 2176 285 2232 est
305 2171 490 2252 significatio
527 2170 612 2231 verbi
634 2169 797 2249 Indurare,
825 2171 919 2232 homo
941 2187 1015 2229 vero

85 2255 187 2316 lector
209 2254 281 2316 dicit
303 2254 390 2315 mihi:
417 2252 562 2315 indurare
583 2253 727 2314 hocloco
751 2260 798 2314 cst
820 2254 1016 2315 occasionem

84 2336 251 2399 indurandi
275 2337 357 2416 dare,
380 2337 452 2397 dum
473 2356 535 2397 non
558 2337 659 2397 statim
684 2337 845 2416 corrigitur
861 2342 1018 2416 peccator.

87 2420 160 2496 Qua
181 2421 360 2500 autoritate,
389 2439 449 2501 quo
473 2419 618 2500 consilio,
643 2437 704 2498 qua
723 2419 908 2480 necessitate
930 2418 1017 2479 vocis

86 2504 142 2566 iiia
164 2504 311 2564 naturalis
345 2503 528 2585 significatio
552 2502 625 2562 mihi
648 2503 692 2561 sic
713 2501 894 2581 torquetur?
938 2500 1017 2577 Quid

87 2588 116 2648 si
138 2593 221 2648 erret
247 2587 344 2648 lector
377 2594 407 2648 et
433 2584 604 2665 interpres?
635 2584 716 2645 unde
737 2584 900 2665 probatur,
933 2584 1017 2644 illam

87 2673 240 2732 torturam
263 2669 346 2731 verbi
369 2669 430 2731 hoc
453 2669 524 2730 loco
546 2668 610 2728 fleri
624 2666 757 2729 debere?
799 2666 1018 2744 Periculosum,

87 2756 153 2814 imo
174 2754 301 2834 impium
324 2759 380 2831 est,
402 2752 529 2814 verbum
553 2753 611 2812 Dei
633 2752 698 2813 sine
720 2751 916 2827 necessitate,
953 2751 1020 2811 sine

88 2838 255 2898 autoritate
288 2843 465 2916 torquere..
495 2835 542 2895 An
579 2835 651 2895 huic
685 2833 838 2896 animulae
866 2833 1020 2895 laboranti

88 2927 155 2981 tum
178 2920 224 2980 sic
245 2919 401 2981 consules:
439 2918 588 2999 Origenes
611 2919 655 2978 sic
676 2918 781 2997 sensit,
804 2923 857 2977 aut
878 2918 936 2995 sic;
970 2915 1019 2977 de·

89 3004 159 3064 sine
180 3002 255 3064 talia
276 3003 420 3079 scrutari,
457 3021 524 3062 cum
558 3003 618 3061 sint
640 3002 767 3083 curiosa⁴
784 3007 814 3061 et
836 3018 1019 3081 supervaca-

88 3086 173 3147 nea?
217 3085 259 3148 At
282 3086 335 3146 illa
357 3084 571 3166 respondebit:
610 3085 679 3145 Hoc
701 3083 808 3144 Mosen
840 3091 870 3145 et
892 3084 1019 3144 Paulum

91 3169 253 3231 admoneri
285 3175 475 3250 oportuerat,
518 3176 681 3249 antequam
709 3166 893 3246 scriberent,
928 3173 1021 3247 atque

91 3252 173 3314 adeo
195 3253 295 3334 ipsum
317 3253 427 3331 Deum,
450 3250 577 3331 utquid
600 3270 657 3313 nos
675 3251 802 3312 curiosis
825 3257 857 3310 et
878 3268 1021 3329 superra-

92 3335 199 3398 caneis
221 3334 341 3415 scriptis
364 3333 533 3396 divexant?
980 3330 983 3335 ’

176 3417 248 3482 Non
277 3420 363 3479 iuvat
389 3421 493 3499 itaque
526 3415 674 3478 diatriben
701 3416 762 3478 hoc
785 3416 925 3476 miserum
950 3413 1021 3475 effu-

91 3503 176 3583 gium
198 3507 375 3584 troporum,
408 3501 462 3563 sed
485 3500 634 3562 tenendus
667 3505 715 3561 est
740 3500 791 3560 hic
811 3500 930 3560 fortiter
950 3498 1021 3560 Pro·

92 3594 161 3647 teus
183 3593 298 3666 noster,
321 3590 354 3645 ut
373 3604 431 3646 nos
453 3583 743 3646 faciatcertissimos
766 3582 804 3643 de
820 3588 909 3662 tropo
932 3582 1020 3642 huius

93 3669 164 3742 loci,
188 3668 281 3749 idque
303 3667 354 3729 vel
376 3668 551 3729 clarissimis
573 3665 734 3747 scripturis
759 3666 806 3726 vel
830 3665 1021 3726 evidentibus

95 3751 263 3824 miraculis,
310 3749 375 3833 Ipsi
416 3753 461 3813 sic
489 3751 641 3834 opinanti,
686 3750 777 3809 etiam
811 3749 1023 3811 consentiente
