2348 4162
124 262 188 331 358
351 262 397 321 De
426 278 510 319 servo
527 261 643 320 arbitrio
661 264 695 319 D.
712 262 748 319 u.
765 262 797 319 L.

124 436 206 496 mine
226 433 384 514 loquatur,
406 452 497 513 quern
520 433 658 494 damnari
681 431 763 494 dieit.
806 430 928 493 Deinde
947 432 1041 494 inore-

125 517 236 578 dulitas
268 536 330 578 non
359 523 407 578 est
434 535 556 577 crassus
578 516 721 597 effeetus,
756 515 810 577 sed
833 533 974 577 summus
994 515 1042 576 iile

124 602 155 660 in
178 600 346 662 voluntatis
379 607 411 660 et
445 601 574 661 rationis
609 618 681 660 aros
709 598 821 659 sedens
848 605 880 659 ot
900 618 1042 679 regnans,

124 685 203 744 siout
215 685 280 744 eius
294 684 473 761 contrarius,
495 701 606 763 nempe
622 681 709 746 fides.
730 681 926 744 lnereduluur
943 688 1041 743 antem

124 785 194 827 esse
226 772 274 828 est
295 766 394 827 Deum
419 785 533 847 negare
554 774 585 826 et
607 765 787 826 mendaeem
811 765 926 844 faeere,
949 768 978 828 1.
1002 766 1042 826 io·

124 849 196 910 han.
210 853 245 913 i:
268 848 300 909 si
317 869 379 910 non
403 849 565 923 oredimus,
587 848 768 909 mendaeem
791 848 921 909 issimus
936 848 1041 910 Deum.

124 931 289 1009 Quomodo
310 934 372 992 iarn
395 934 439 992 vis
461 932 514 993 illa
534 933 600 992 Deo
623 932 792 1011 eontraria,
815 939 845 990 et
867 950 940 991 eum
963 949 1042 991 men·

125 1016 233 1077 danem
256 1016 392 1094 faciens,
427 1022 556 1076 conatur
577 1013 615 1074 ad
638 1013 776 1075 bonnm?
819 1013 851 1075 si
874 1032 939 1074 non
962 1020 1042 1075 esset

124 1096 281 1159 incredula
312 1105 343 1158 et
364 1099 457 1178 impia
479 1098 531 1158 illa
553 1099 618 1173 vis,
654 1116 715 1158 non
744 1095 850 1157 debuit
878 1097 983 1157 dioere
1004 1096 1040 1158 de

125 1187 190 1242 toto
212 1180 351 1241 homine:
372 1180 435 1240 Iam
458 1180 608 1241 iudicatus
633 1186 689 1258 est,
711 1179 765 1240 sed
789 1181 850 1240 sio:
873 1179 978 1240 Homo
1000 1198 1041 1240 se

124 1263 257 1323 eundum
280 1281 401 1324 crassos
422 1263 550 1325 affectus
572 1269 619 1324 est
639 1264 699 1325 iam
721 1262 890 1341 iudicatus,
920 1262 976 1323 sed
998 1281 1040 1323 se·

125 1346 257 1407 eundum
280 1347 428 1426 optimum
446 1353 477 1408 et
493 1347 784 1426 praestantissimum
800 1364 864 1407 non
880 1345 1040 1425 iudiostur,

125 1431 198 1509 qnia
218 1437 346 1489 sonatur
368 1429 406 1488 ad
428 1428 531 1509 fidem,
555 1448 609 1489 sen
632 1432 736 1509 potius
756 1428 883 1490 medula
903 1429 966 1490 iam
989 1436 1039 1490 est

207 1509 260 1575 Sin
293 1511 344 1573 ubi
376 1513 467 1573 toties
494 1510 652 1591 Scriptura
684 1512 771 1575 diuit:
808 1511 917 1573 Omnis
951 1512 1040 1572 bomo

29 1628 33 1633 -
125 1594 274 1675 mendax,
296 1593 433 1655 dicemus
455 1598 620 1656 autoritate
641 1594 728 1655 liberi
751 1594 884 1657 arbitrii:
919 1595 1040 1671 Goutrs,

124 1676 282 1758 Soriptura
324 1679 426 1758 potius
459 1679 618 1757 mentitur,
655 1679 728 1757 quin
762 1677 857 1738 homo
902 1696 967 1739 non
1000 1683 1041 1738 est

126 1760 257 1822 mendax
279 1762 396 1840 optima
417 1780 472 1821 sua
494 1769 591 1843 parte,
612 1759 643 1820 id
666 1767 722 1840 est,
745 1762 866 1821 ratione
881 1768 914 1822 et
935 1760 1038 1822 volun·

125 1850 203 1921 tate,
236 1843 290 1904 sed
311 1847 431 1905 tantum
454 1863 561 1924 earne,
594 1846 745 1925 sanguine
766 1849 798 1904 et
818 1842 982 1919 medullis,
1013 1850 1042 1904 nt

124 1927 170 1986 sie
191 1926 264 1987 illud
287 1933 400 2005 totum,
431 1927 513 1988 unde
533 1946 646 1988 nomen
669 1927 763 1988 habet
781 1925 893 2008 bomo,
927 1926 1041 1989 soilioet

123 2010 201 2070 ratio
224 2015 255 2070 et
275 2009 435 2087 voluntas,
466 2011 506 2070 sit
526 2029 634 2071 sanum
667 2017 699 2071 et
719 2016 870 2075 sanetum.
915 2007 994 2072 Item
1015 2015 1042 2070 et

123 2091 197 2152 illud
219 2091 394 2172 Baptistae:
428 2092 487 2169 Qui
511 2093 608 2155 eredit
628 2096 659 2153 in
681 2093 806 2172 Filium,
834 2093 932 2157 habet
952 2094 1040 2155 vitun

124 2181 297 2250 aeternam,
330 2177 381 2255 qui
403 2183 505 2237 autem
526 2175 701 2238 incredulus
724 2183 771 2238 est
791 2173 883 2257 Filio,
919 2196 987 2239 non
1004 2177 1040 2237 vi-

124 2257 209 2319 debit
230 2259 339 2339 vitam,
372 2259 427 2320 sed
453 2261 499 2321 ira
520 2258 578 2321 Dei
601 2266 704 2320 manet
734 2278 826 2341 super
847 2261 967 2341 ipsum,
999 2262 1039 2321 siu

124 2342 279 2421 oportebit
295 2343 431 2423 intelligi,
455 2362 546 2423 super
558 2345 670 2423 ipsum,
691 2342 723 2402 id
735 2350 792 2421 est,
816 2362 911 2423 super
924 2362 1040 2405 crassos

123 2425 251 2487 affectus
273 2424 406 2486 hominis
429 2430 532 2487 manet
553 2427 598 2486 ira
622 2426 696 2500 Dei,
735 2444 828 2506 super
857 2429 919 2487 vim
941 2432 1039 2488 autem

123 2507 207 2571 illam
229 2507 316 2569 liberi
340 2507 470 2588 arbitrii,
505 2509 671 2570 voluntatis
694 2510 812 2570 scilieet
846 2516 878 2570 et
906 2511 1039 2587 rationis,

123 2598 229 2652 manet
250 2593 348 2672 gratia
380 2600 411 2653 et
441 2593 506 2653 vito
538 2597 672 2654 aeterna.
716 2593 785 2654 Hoo
813 2593 979 2673 exemplo,
1013 2600 1040 2653 ut

124 2673 253 2738 liberum
276 2674 431 2736 arbitrium
464 2675 625 2754 subsistat,
661 2675 805 2756 quioquid
827 2676 858 2736 in
882 2675 1039 2757 seripturis

123 2758 153 2819 in
180 2757 321 2819 homines
342 2759 454 2839 impios
483 2759 606 2836 dieitur,
644 2778 700 2838 per
731 2759 951 2839 syneodoohen
984 2768 1039 2822 tor·

123 2858 218 2920 queas
251 2840 289 2900 od
323 2848 441 2920 partem
474 2841 605 2902 hominis
638 2840 806 2919 brutalem,
844 2848 876 2902 ut
898 2842 1040 2904 salvarit

121 2943 192 3002 pars
214 2922 370 2983 rationalis
392 2931 422 2983 et
444 2943 517 2984 vere
538 2924 682 2985 humana.
735 2925 812 2985 Turn
845 2943 906 3004 ego
929 2926 1038 3007 gratias

123 3024 214 3083 agam
236 3005 322 3066 liberi
343 3005 457 3066 arbitrii
487 3006 706 3084 assertoribus,
741 3026 810 3068 eum
838 3007 955 3069 fidutia
976 3026 1036 3089 pes

123 3087 217 3167 eobo,
249 3106 393 3166 securus,
416 3089 498 3167 quod
520 3091 598 3151 ratio
619 3098 650 3150 et
672 3090 815 3151 voluntas
837 3109 893 3151 seu
916 3091 1038 3155 liberum

123 3169 278 3231 arbitrium
308 3171 445 3232 damnari
472 3191 535 3232 non
563 3174 680 3252 possit,
715 3192 753 3233 eo
777 3172 860 3253 quod
884 3192 1038 3253 nunqnam

123 3253 350 3334 exstinguatur,
373 3255 426 3315 sed
450 3262 599 3335 perpetuo
622 3275 749 3332 sanum,
770 3258 883 3316 iustum
907 3265 939 3318 et
959 3274 1039 3318 sano

123 3343 185 3397 tum
208 3344 377 3417 permanet.
421 3338 462 3398 At
483 3338 694 3413 voluntatem
714 3340 834 3401 ratione
857 3338 950 3400 beata
971 3360 1037 3421 gau·

122 3420 202 3481 debo
224 3420 345 3482 foedam
369 3428 399 3480 et
432 3420 550 3481 brutam
584 3440 707 3482 earnem
737 3423 874 3502 separari
904 3431 937 3484 et
963 3422 1038 3483 dnm·

123 3504 199 3580 nari,
221 3511 336 3565 tantum
360 3503 456 3582 abest,
480 3510 512 3565 ut
534 3510 638 3584 optem
660 3505 703 3564 illi
726 3504 880 3565 Christum
904 3505 1037 3585 redemp-

122 3591 229 3648 torem.
285 3586 394 3665 Vides,
429 3605 573 3665 quorsum
606 3606 664 3648 nos
697 3588 774 3647 ferat
807 3587 924 3668 dogma
957 3587 1037 3649 liberi

123 3666 248 3744 arbitrii,
271 3674 304 3728 ut
326 3669 430 3730 omnia
460 3669 564 3729 divina
586 3675 616 3729 et
637 3669 787 3748 humana,
810 3671 994 3751 temporalia
1013 3676 1038 3730 et

123 3755 248 3810 aeterna
272 3759 374 3832 neget,
396 3756 428 3813 et
447 3759 494 3813 tot
515 3754 660 3814 monstris
683 3752 807 3816 irrideat
828 3772 864 3817 se
885 3756 996 3837 ipsum.
