2348 4162
340 246 377 303 ad
397 248 431 304 D.
449 247 592 304 &nemum
611 247 835 305 Rotnrodamum.
988 244 1050 314 293

80 436 85 445 ·
126 430 198 497 tem,
221 417 347 479 etmihi
370 416 576 497 Hieronymus
600 416 757 496 obiicitur,
792 437 831 478 ne
868 418 940 499 quid
963 438 1049 498 aspe-

126 504 187 562 rius
211 502 328 580 dinam,
364 501 457 561 homo
481 500 592 560 nullius
616 519 716 578 neque
737 500 840 562 iudinii
863 521 962 582 neque
986 503 1049 562 dili·

127 585 260 665 gentiae.
303 582 363 645 Ubi
398 591 446 644 est
470 583 633 663 promissio
655 583 724 662 illa,
752 602 813 663 qua
836 593 958 664 pontum
980 584 1049 646 leni-

126 687 203 748 mus,
227 685 286 728 nos
308 667 388 728 velle
408 667 483 746 ipsis
502 665 664 746 Snripturis
687 686 789 747 agere,
811 687 873 728 non
896 687 1049 729 sommen-

126 751 209 812 tariis
230 749 409 811 hominurn?
450 749 560 810 Totum
584 750 749 829 capitulum
772 749 899 829 Esaiae,
922 750 1048 811 testibus

126 833 344 914 Evangelistis,
366 834 500 912 loquitur
521 831 559 892 de
576 834 756 895 remissione
775 840 971 913 pennatorum
995 853 1049 914 per

126 915 330 999 Evangeliurn
353 917 549 991 annunniata,
571 916 622 977 ubi
645 915 683 975 ad
696 914 866 978 Iohannem
879 917 1046 997 Baptistam

126 1018 234 1064 nonem
258 999 419 1061 clamantis
442 998 596 1079 pertinere
618 998 730 1062 dinoot.
774 999 814 1059 Et
835 1000 1048 1075 meteremus,

126 1089 158 1143 ut
190 1083 396 1162 Hieronymus
426 1100 511 1143 more
543 1101 599 1143 suo
629 1081 767 1143 lodoinas
799 1083 963 1143 caecitates
990 1100 1047 1162 pro

125 1165 274 1227 historino
295 1185 405 1241 sensu,
439 1165 552 1225 deinde
574 1184 644 1224 suas
666 1166 798 1246 ineptias
820 1184 875 1246 pro
898 1166 1048 1245 allegoria

126 1249 290 1311 obtrudat?
312 1255 346 1309 ut
362 1251 484 1309 inversa
498 1249 697 1326 grammatino
709 1249 746 1309 de
760 1247 935 1325 vindintall
959 1248 1045 1309 intel·

124 1331 255 1413 ligamus
278 1332 392 1410 lanum,
415 1333 466 1412 qui
488 1331 526 1391 de
547 1332 728 1392 remissione
743 1332 886 1411 loquitur.
909 1331 1046 1392 Obsenro

124 1415 223 1494 qualis
259 1421 307 1475 est
329 1414 464 1476 vindiota
491 1414 617 1494 impleta
639 1433 693 1493 per
716 1414 867 1474 Christum
892 1414 1047 1494 praediea-

124 1500 212 1561 tum?
239 1497 311 1559 'Sed
335 1497 427 1559 verba
449 1499 516 1577 ipsa
537 1496 695 1557 videamus
717 1498 748 1557 in
769 1497 901 1559 Ebraeo.

207 1581 418 1642 Consolamini
435 1578 577 1663 (inquit),
591 1580 803 1658 consolamini,
819 1580 934 1660 popule
949 1598 1046 1658 meus,

125 1663 174 1726 vel
209 1664 358 1745 populum
392 1683 510 1740 meum,
544 1662 616 1723 dinit
637 1663 719 1735 Deus
753 1670 862 1723 vester.
906 1661 1046 1722 Arbitror

115 1747 208 1820 >illum
231 1766 293 1808 non
332 1747 496 1807 vindintam
521 1747 661 1825 exigere,
695 1747 746 1825 qui
774 1745 859 1806 iubet
881 1745 1043 1806 consolari.

123 1830 281 1911 Sequitur:
303 1829 475 1909 Loquimini
498 1828 536 1889 ad
559 1847 613 1889 nor
628 1828 804 1907 Ierusalem,
828 1827 1047 1908 etpraedinate

123 1913 178 1976 illi.
221 1912 400 1974 Ebraismus
424 1919 479 1989 est,
502 1912 586 1991 loqui
599 1911 712 1991 adeor,
735 1910 765 1971 id
788 1919 844 1992 est,
867 1912 959 1988 bona,
983 1909 1045 1969 dul-

122 1998 172 2057 nia
193 2002 225 2057 et
245 1995 359 2058 blanda
387 1996 488 2074 loqui,
517 1993 773 2073 quemadmodum
796 1994 893 2055 Gene.
917 1996 971 2058 34:
1000 1993 1044 2055 Si·

122 2079 213 2140 ehem
235 2079 369 2159 loquitur
403 2078 440 2139 ad
464 2097 519 2139 nor
542 2078 650 2156 Dinon,
674 2097 764 2158 qaam
788 2083 980 2157 corruperat,
1013 2076 1043 2136 id

122 2168 180 2242 est,
203 2162 319 2222 tristem
343 2161 489 2222 delinibat
511 2159 681 2240 blanditiis,
704 2167 737 2221 ut
760 2168 862 2222 noster
885 2153 1044 2221 transtulit.

122 2244 212 2320 Quae
234 2252 335 2306 autern
359 2246 420 2304 sint
441 2243 587 2304 illabens
603 2252 633 2304 et
646 2243 757 2317 dulcia,
780 2244 949 2324 praedinari
961 2245 1045 2304 iussa

122 2328 162 2389 ad
184 2328 329 2389 solatium
353 2346 469 2404 eorum,
492 2328 618 2406 exponit
641 2326 762 2386 dinens:
785 2326 936 2402 Quoniam
960 2324 1045 2386 linita
1149 2344 1151 2349 ·

121 2416 172 2472 est
194 2410 300 2470 militia
322 2411 403 2487 eius,
443 2428 480 2470 eo
504 2409 585 2489 quod
614 2410 758 2488 iniquitas
781 2411 845 2468 eius
868 2406 1045 2469 nondonsta

122 2495 172 2575 sit,
196 2494 318 2573 annepit
339 2495 419 2553 enim
443 2493 481 2553 de
501 2511 592 2552 manu
607 2492 730 2552 Domini
753 2491 887 2571 duplicia
908 2509 964 2570 pro
978 2509 1043 2550 orn·

121 2576 213 2638 nibus
234 2577 370 2656 pennatis
393 2577 464 2639 suis.

206 2658 324 2734 Militia,
347 2658 430 2738 quod
453 2658 548 2717 nostri
572 2655 695 2716 nodines
720 2656 830 2715 vitiose
851 2654 966 2733 habent
982 2652 1045 2716 Ma·

123 2741 200 2822 litia,
222 2740 344 2803 Iudaeis
367 2740 761 2820 audaeibusgrammatistis
785 2738 904 2798 videtur
925 2745 1045 2817 tempus

123 2832 269 2886 statutum
304 2823 493 2903 significare,
528 2825 573 2883 sin
595 2824 674 2883 enim
695 2822 769 2883 illud
791 2821 855 2884 lob.
879 2824 907 2884 7.
936 2821 1044 2880 intelli·

123 2915 214 2988 gunt:
243 2907 351 2968 Militia
373 2915 420 2967 est
442 2908 503 2967 vita
525 2906 656 2967 hominis
678 2925 769 2986 super
792 2913 913 2982 terram,
934 2903 964 2963 id
989 2909 1044 2984 est,

123 2998 243 3070 tempus
267 2998 313 3051 est
336 2990 365 3050 ei
387 2989 553 3050 delinitum.
595 2987 670 3051 Mihi
692 2987 878 3068 simpliciter,
903 2994 934 3046 nt
948 3007 1044 3068 gram·

123 3075 237 3135 matina
258 3072 361 3151 habet,
384 3072 442 3132 dini
466 3072 602 3133 militiam
626 3073 736 3151 planet,
759 3078 792 3131 ut
813 3072 936 3132 Esaiam
959 3071 1046 3131 intel-

122 3157 201 3237 ligas
224 3156 308 3235 loqui
331 3154 370 3216 de
393 3175 482 3216 eursu
505 3162 536 3216 et
556 3155 663 3215 labore
684 3155 789 3234 populi
812 3153 959 3234 sublege,
984 3154 1045 3215 vel-

124 3247 157 3301 at
189 3241 222 3300 iu
244 3238 345 3299 stadio
369 3238 534 3299 militantis.
574 3238 624 3298 Sin
647 3238 725 3296 enirn
749 3236 862 3297 Paulus
885 3243 1044 3317 tempran-

123 3321 290 3402 dinatores,
322 3340 413 3400 quarn
442 3321 597 3382 auditores
631 3321 715 3379 verbi
750 3317 893 3378 militibus
915 3318 1046 3379 libenter

123 3412 294 3488 oomparnt‚
318 3412 352 3464 ut
373 3404 443 3464 dum
466 3404 659 3465 Timotheum
675 3402 710 3484 *)
736 3401 849 3462 bonurn
865 3403 988 3462 militem
1015 3408 1046 3462 et

124 3488 236 3550 bonam
275 3487 413 3548 militiam
445 3495 563 3548 nertare
584 3486 681 3565 iubet-3
718 3492 748 3545 et
770 3483 990 3561 Corinthios²j
1014 3485 1044 3544 in

195 3688 280 3754 1)-1n
299 3680 344 3743 ed.
364 3688 448 3745 15262
467 3687 605 3744 universa.
643 3686 674 3758 *)
695 3687 721 3742 2.
740 3686 810 3741 Tim.
829 3686 856 3740 2.
901 3684 931 3751 2)
951 3685 982 3761 ln
1001 3685 1045 3742 ed.

123 3749 193 3815 len:
212 3763 241 3813 st
259 3761 274 3816 1
294 3758 415 3816 Corinth.
435 3761 461 3817 9.
969 3778 972 3783 ·
