2348 4162
125 252 189 321 264
364 252 408 311 De
425 267 507 309 servo
527 250 642 308 arbitrio
659 251 694 307 D.
712 252 747 309 ll.
762 251 814 307 in·
835 282 838 287 -

126 423 246 484 etiamsi
281 441 389 483 omnes
424 423 561 483 omnium
595 422 769 484 seculorum
794 422 850 483 viri
879 420 1048 483 doctissimi

126 507 315 582 caecutiant,
354 513 386 565 nt
419 506 508 568 aliter
539 511 684 587 saperent
717 512 748 567 et
768 505 915 567 dicerent.
959 505 1000 567 Et
1020 511 1050 565 ut

124 589 221 649 multa
243 590 465 671 tergiverseris,
499 591 688 651 conscientia
721 599 824 651 tamen
858 595 912 650 tna
935 594 967 650 et
989 607 1049 650 om·

124 674 207 733 nium
231 674 373 734 convicta
396 674 516 753 cogitur
538 674 583 733 sic
605 672 720 734 dicere:
752 673 783 734 si
806 673 889 733 Deus
912 691 978 734 non
999 670 1050 733 iul·

124 756 195 816 litur
217 756 248 814 in
271 775 327 833 eo,
350 756 434 836 quod
456 757 599 837 praescit,
623 775 751 817 necesse
774 762 822 817 est
842 756 1049 837 ipsnm‘prae-

35 902 38 909 ,
125 841 234 900 scitum
256 838 338 917 fieri,
374 839 490 919 alioqui
528 841 595 920 quis
619 839 744 900 credere
765 845 874 920 posset
895 839 963 899 eius
985 856 1049 919 pro·

125 922 337 1002 missionibus,
381 924 448 1000 quis
483 930 633 984 metueret
664 925 729 984 eina
769 924 883 1001 minas,
920 922 947 981 si
988 939 1048 983 non

125 1007 261 1085 sequitur
283 1007 470 1081 necessario,
493 1005 576 1085 qnod
599 1007 749 1086 promittit
770 1006 1051 1081 autminatnr„aut

125 1088 282 1168 quomodo
304 1089 462 1168 promittat
484 1096 536 1149 aut
557 1091 698 1169 minetur,
721 1089 746 1149 si
759 1088 965 1167 praescientia
986 1089 1048 1149 eius

125 1170 212 1250 fallit,
235 1177 288 1231 aut
309 1177 415 1232 nostra
439 1172 642 1234 mutabilitate
669 1171 809 1252 impediri
831 1170 961 1252 potest?
988 1169 1048 1232 Ob·

125 1257 214 1314 struit
234 1254 328 1335 plane
349 1255 427 1315 baec
448 1256 542 1315 nimia
564 1262 667 1317 certae
687 1256 823 1316 veritatis
837 1255 893 1315 lux
914 1254 1048 1315 omnium

125 1355 182 1415 os,
196 1336 308 1398 dirimit
331 1357 438 1398 omnes
461 1340 668 1417 quaestiones,
691 1338 849 1399 victoriam
872 1338 981 1398 statuit
1001 1335 1048 1399 od·

124 1439 232 1496 sersus
255 1439 363 1482 omnes
384 1423 518 1502 argutias
541 1422 700 1485 elneorias.

208 1503 327 1565 Scimus
350 1524 434 1581 sane,
457 1506 692 1584 praescientiam
715 1504 872 1564 bominum
898 1501 974 1581 lalli,
996 1504 1048 1563 sci-

125 1606 193 1647 mns
217 1606 278 1647 non
300 1587 371 1648 ideo
394 1588 522 1667 eclipsin
546 1589 664 1664 venire,
686 1589 758 1668 quia
780 1586 967 1666 praescitur,
996 1584 1047 1649 scd

123 1671 196 1731 ideo
219 1671 380 1750 praesciri,
419 1672 489 1749 quia
511 1678 640 1733 ventura
669 1678 724 1732 est.
767 1669 847 1745 Quid
870 1667 961 1730 nobis
983 1688 1048 1731 cnm

37 1826 40 1832 Ι
124 1753 187 1814 ieta
209 1755 443 1833 praescientia?
486 1755 532 1815 De
552 1755 759 1835 praescientia
771 1752 828 1814 Dei
851 1751 1048 1832 disputamus,

124 1836 195 1896 buic
217 1837 275 1897 nisi
299 1836 418 1897 dederis
441 1839 648 1900 necessarium
671 1837 811 1898 effectum
834 1836 996 1915 praesciti,
1018 1835 1047 1896 u·

125 1920 194 1979 dem
218 1925 249 1979 et
271 1921 412 1980 timorem
434 1920 492 1980 Dei
515 1921 678 1994 abstulisti,
700 1916 923 2000 promissiones
947 1924 980 1981 et
999 1918 1047 1979 mi·

122 2021 180 2062 nas
216 2000 335 2063 divinas
369 2022 477 2063 omnes
512 2003 697 2082 labefecisti,
732 2008 824 2082 atque
846 2001 927 2063 adeo
953 2002 1046 2084 ipsam

125 2083 315 2146 divinitatem
338 2088 469 2166 negasti.
514 2087 573 2148 ued
598 2093 628 2148 et
649 2088 781 2168 ipsamet
803 2083 950 2162 diatriba,
982 2104 1045 2147 oum

105 2167 176 2227 ,diu
198 2176 282 2229 esset
303 2169 417 2230 luctata
431 2171 596 2249 omniaque
620 2175 778 2247 tentasset,
800 2167 926 2229 tandem
950 2169 981 2230 vi
1001 2186 1047 2229 ve-

124 2251 221 2393 qitatis
264 2252 424 2334 compulsa
466 2253 627 2314 confitetur
677 2254 814 2313 nostram
858 2253 1047 2327 sententiam,

146 2353 248 2394 icens:
437 2392 441 2401 ,

207 2419 253 2478 De
277 2417 435 2478 voluntate
458 2437 495 2478 ao
518 2417 725 2479 destinatione
746 2415 807 2479 Dei
830 2416 985 2480 difficilior
1005 2421 1048 2478 est

125 2502 273 2578 quaestio.
318 2500 392 2560 Vult
426 2503 505 2561 enim
527 2502 611 2561 Dens
641 2500 765 2581 eadem,
801 2519 881 2579 quae
908 2501 1046 2584 praescit.

123 2583 164 2644 Et
183 2584 245 2645 hoc
277 2590 339 2663 eet,
375 2583 457 2662 quod
492 2584 614 2646 subiicit
636 2583 762 2645 Paulus:
805 2582 966 2646 Voluntati
986 2584 1046 2645 eins

124 2667 192 2746 quis
214 2667 337 2743 resistit,
360 2667 386 2726 si
410 2668 577 2742 miseretur,
600 2669 649 2728 cui
672 2666 745 2745 vult,
769 2667 794 2726 si
816 2666 939 2729 indurat
961 2686 1046 2746 quem

124 2749 210 2810 vult?
253 2749 374 2810 Etenim
399 2751 423 2809 ei
446 2758 527 2811 esset
537 2770 601 2832 rex,
625 2748 769 2830 quicquid
783 2749 883 2829 vellet,
905 2750 1047 2825 efficeret,

123 2850 182 2892 nec
204 2833 363 2910 quisquam
387 2839 494 2914 posset
506 2833 666 2914 obsistere,
688 2833 793 2895 lacere
805 2832 958 2896 diceretur
970 2834 1046 2916 quic

125 2913 197 2994 quid
222 2914 320 2976 vellet.
364 2915 411 2978 lta
432 2917 489 2977 Dei
514 2917 673 2996 voluntas,
710 2916 854 2994 quoniam
887 2925 938 2980 est
959 2936 1049 2979 causa

115 2996 301 3078 principalis
323 3000 470 3078 omnium,
492 3019 571 3080 qnae
592 2999 678 3078 liunt,
701 2999 820 3061 videtur
832 3003 1047 3063 necessitatem

124 3085 249 3141 nostrae
271 3081 419 3143 voluntati
443 3083 596 3147 inducere.
641 3082 725 3142 Haec
747 3082 810 3144 illa.

206 3162 246 3223 Et
267 3165 381 3245 gratias
405 3164 530 3226 tandem
555 3167 673 3246 agimus
688 3166 755 3226 Deo
779 3185 835 3247 pro
858 3186 936 3228 sano
959 3186 1047 3229 seusu

126 3245 279 3311 diatribes.
323 3247 382 3309 Ubi
405 3268 486 3309 nunc
508 3250 599 3330 igitur
620 3248 748 3310 liberum
766 3247 948 3315 arbitrium?
990 3247 1048 3313 Sed

1 3348 2 3359 ¹
123 3349 225 3390 rursus
248 3329 378 3409 elabitnr
399 3332 534 3411 anguilla
554 3333 614 3393 ista
635 3331 737 3394 subito
761 3331 882 3394 dicens:

208 3413 320 3474 Verum
342 3413 423 3475 banc
446 3416 656 3494 quaestionem
683 3435 744 3476 nou
768 3416 905 3496 explicat
928 3415 1046 3491 Paulus,

124 3495 178 3557 sed
201 3495 342 3578 obiurgat
362 3497 583 3581 disputantem:
617 3495 762 3562 Ohomo
785 3505 816 3559 tu
840 3501 908 3579 quis
933 3519 977 3581 es,
999 3498 1045 3579 qui

124 3579 294 3660 respondes
316 3580 408 3641 Deo?

207 3661 233 3724 Ο
256 3662 415 3744 pulchrum
440 3664 602 3744 effugium,
624 3665 755 3727 hoccine
777 3670 825 3725 est
846 3664 965 3725 divinas
988 3664 1044 3725 lito·

124 3763 173 3805 ras
198 3750 337 3826 tractare,
360 3747 405 3809 sic
426 3749 550 3829 propria
563 3749 726 3809 autoritate
749 3748 788 3810 de
799 3749 929 3831 proprio
940 3748 1045 3830 capita,
