2348 4162
273 265 311 322 ad
328 266 364 325 D.
382 266 526 325 Erasmum
545 265 772 325 Roterodamum.
913 266 979 333 339

49 434 139 496 illam
161 453 235 496 vero
270 437 337 498 sine
358 437 417 499 hae
449 457 511 499 non
541 436 707 499 instifloare
737 437 980 519 necquidquam

52 518 169 580 valere.
211 519 341 581 Videam
363 522 470 602 igitur,
493 522 649 602 quomodo
675 522 802 584 tibemm
825 521 981 583 arbitrium

52 600 203 663 advorsus
225 602 303 665 haeo
324 604 489 666 subsistere
512 612 543 666 et
566 604 688 667 defendi
711 611 814 686 queat.

134 719 412 804 ¹Alterumiuimen‚
435 723 518 803 qnod
540 723 687 784 iustitiam
711 724 768 785 Dei
794 722 982 803 manifestari

52 810 88 864 et
109 804 213 864 valere
236 804 311 866 dioit
339 807 368 866 in
392 825 499 870 omnes
523 814 552 868 et
574 826 667 886 super
690 825 814 886 omnes,
844 806 895 885 qui
919 823 982 866 ore·

52 886 134 947 dunt
156 887 187 947 in
212 887 380 969 Christum,
403 908 503 969 neque
525 890 620 951 ullam
647 909 719 951 esse
743 889 981 951 distinctionem.

138 986 250 1049 Iterum
275 989 451 1051 clarissimis
480 991 579 1051 verbis
601 991 775 1051 universum
803 1007 900 1070 genus
929 989 982 1051 ho·

54 1072 172 1131 minum
208 1072 238 1131 in
273 1072 334 1134 duo
368 1073 492 1134 dividit:
531 1072 733 1136 Credentibus
761 1073 815 1134 dat
835 1073 981 1133 iustitiam

53 1154 133 1231 Dei,
156 1173 218 1215 oon
243 1155 437 1217 credentibus
459 1158 566 1220 aufert.
616 1157 681 1217 lam
704 1175 795 1218 nemo
818 1162 880 1216 tam
902 1156 982 1216 insa

53 1255 115 1297 nus
138 1242 195 1313 est,
219 1240 270 1317 qui
284 1239 411 1320 dubitet,
434 1239 521 1300 tiberi
541 1238 655 1300 arbitrii
678 1241 739 1299 vim
763 1247 814 1301 aut
836 1241 981 1301 oonaturn

53 1318 140 1380 atiud
152 1321 308 1402 quippiam
327 1342 406 1403 esse,
429 1341 521 1402 quarn
533 1322 625 1382 fidem
647 1324 679 1382 in
700 1323 800 1383 lesum
820 1322 981 1384 Christum.

54 1404 99 1463 At
120 1401 254 1483 Paulus,
284 1404 431 1486 quidquid
463 1413 549 1466 extra
577 1404 669 1466 fidem
699 1404 780 1466 bano
801 1417 862 1484 est,
890 1410 984 1485 negat

55 1504 127 1547 essa
148 1486 261 1548 iustum
284 1507 389 1550 eoram
412 1489 489 1552 Deo.
541 1488 572 1550 Si
594 1489 707 1548 iustum
738 1506 799 1550 non
823 1488 913 1549 fuerit
934 1505 984 1548 eo·

54 1588 122 1630 ram
144 1569 223 1648 Deo,
244 1579 408 1652 pennatum
432 1590 501 1632 esse
522 1589 649 1632 neeesse
672 1578 727 1633 est.
770 1570 878 1650 Neque
901 1571 981 1630 enim

56 1651 138 1733 apud
162 1652 260 1713 Deum
289 1655 468 1735 relinquitur
491 1654 648 1733 medium,
679 1656 758 1715 inter
784 1655 928 1715 iustitiam
953 1660 985 1713 et

56 1742 230 1816 peceatum,
254 1738 337 1817 quod
359 1738 443 1799 velut
464 1745 604 1798 neutrum
627 1740 687 1817 sit,
710 1738 796 1817 quasi
820 1755 878 1797 nea
898 1736 983 1795 iusti·

56 1820 100 1880 tia
126 1837 185 1879 neo
214 1829 386 1900 peecatum.
444 1820 569 1901 Alioqui
603 1820 768 1901 disputatio
800 1826 866 1881 tota
895 1818 984 1879 Pauli

57 1901 132 1963 nibil
155 1900 298 1986 effioaret,
321 1923 401 1985 quse
424 1904 564 1984 procedit
583 1923 622 1964 ex
643 1905 809 1985 partitione
830 1903 899 1963 illa:
923 1903 985 1963 Aut

57 1985 214 2066 iustitiam,
236 1993 290 2047 aut
311 1991 472 2068 peceatum
496 2007 565 2049 esse
587 1987 669 2068 apud
691 1988 808 2063 Deum,
836 1984 981 2066 quioquid

57 2070 86 2129 in
109 2068 286 2130 hominibus
307 2069 342 2131 fit
363 2077 395 2132 et
416 2071 539 2153 geritur,
563 2071 719 2151 iustitiam,
748 2071 773 2130 si
796 2069 872 2130 fides
895 2068 985 2148 adsit,

58 2158 236 2294 peceatum,
264 2153 290 2212 si
318 2153 395 2214 fides
417 2155 505 2217 desit.
553 2152 645 2235 Apud
673 2154 814 2215 homines
845 2172 920 2214 sane
941 2154 985 2219 ita

79 2235 151 2296 abet
172 2252 232 2315 res,
252 2242 284 2297 ut
306 2237 407 2298 media
428 2245 459 2299 et
480 2238 631 2298 neutralia
651 2239 720 2319 sint,
745 2238 777 2296 in
800 2236 909 2316 quibus
931 2234 984 2296 ho·

60 2319 157 2378 mines
178 2318 310 2380 invioem
332 2339 434 2400 neque
449 2320 753 2399 -debentquioquam,
776 2337 877 2398 neque
898 2337 985 2399 prae·

59 2408 141 2462 stant
164 2402 337 2481 quiequam.
354 2404 406 2464 -ln
429 2405 649 2483 Deumpeooat
670 2404 792 2483 impius,
814 2406 880 2462 sive
902 2400 984 2478 edat,

60 2484 124 2544 sive
148 2483 241 2567 bibat,
263 2493 315 2548 ant
338 2486 483 2566 quidquid
507 2487 629 2564 feeerit,
652 2487 723 2565 quia
745 2484 878 2545 abutitur
900 2503 986 2544 orea-

60 2574 127 2629 tnra
149 2567 207 2627 Dei
240 2587 308 2629 enm
334 2568 492 2651 impietate
521 2576 553 2631 et
580 2568 798 2648 ingratitudine
826 2574 985 2648 perpetua,

61 2668 118 2711 neo
140 2671 180 2711 ex
201 2653 304 2712 animo
329 2653 382 2713 dat
403 2653 534 2734 gloriam
557 2652 624 2713 Deo
647 2651 710 2712 ullo
734 2657 901 2714 momento.
994 2716 1001 2730 ·

142 2734 199 2796 Est
220 2741 251 2796 et
265 2735 326 2797 hoe
347 2754 410 2797 non
422 2736 492 2797 leve
513 2736 636 2813 fulmen,
660 2733 742 2814 quod
758 2733 845 2796 dioit:
870 2732 985 2795 Omnes

63 2827 294 2960 peecaverunt,
324 2826 356 2881 et
378 2826 489 2881 vaoant
509 2820 610 2901 gloria
635 2816 722 2898 Dei,
753 2837 810 2879 nee
846 2816 910 2878 nlla
939 2823 986 2878 est

82 2902 227 2965 intinctio·

143 3018 282 3081 Obseoro
314 3019 386 3100 quid
409 3019 520 3080 elarius
550 3020 609 3080 diei
641 3018 764 3100 possit?
807 3019 854 3080 Da
876 3037 987 3099 opera·

62 3104 138 3163 rium
161 3102 247 3164 tiberi
266 3103 394 3183 arbitrii,
417 3109 447 3164 et
467 3102 637 3183 responde,
659 3122 698 3162 an
722 3107 834 3163 oonatu
852 3102 905 3163 illo
928 3121 985 3165 suo

62 3188 154 3247 etiam
176 3193 294 3267 peooet.
339 3186 456 3248 Sinon
480 3193 598 3267 pereat,
621 3204 674 3246 our
695 3185 808 3246 Paulus
831 3204 900 3244 eum
923 3205 987 3247 non

63 3270 187 3351 exeipit,
209 3270 264 3331 sed
285 3270 415 3330 invoivit
442 3271 508 3330 sine
531 3267 749 3330 distinetione?
798 3267 903 3346 Certe,
936 3270 987 3347 qui

63 3349 179 3414 Omnes
203 3352 285 3435 dioit,
309 3355 462 3414 neminem
474 3353 536 3414 ullo
561 3354 644 3429 loeo,
666 3351 729 3412 ulio
755 3358 904 3432 tempore,
922 3352 985 3413 ulto

63 3454 174 3516 opere,
202 3436 266 3497 ulto
294 3436 396 3497 studio
424 3438 549 3517 exeipit.
597 3435 628 3497 Si
657 3437 739 3496 enim
769 3434 858 3494 uilius
894 3434 987 3494 studii

63 3527 114 3580 aut
138 3521 240 3599 operis
264 3519 420 3581 hominem
440 3520 609 3600 exceperis,
632 3518 743 3579 falsum
758 3518 885 3578 Paulum
906 3518 987 3578 feee-

63 3602 126 3663 ris?
165 3600 245 3677 Quia
266 3609 297 3664 et
319 3609 466 3684 operator
488 3608 519 3663 et
541 3609 670 3663 oonator
690 3600 744 3661 ille
764 3600 850 3662 liberi
874 3600 988 3662 arbitrii

64 3687 157 3749 etiam
174 3686 377 3748 interamnae
400 3694 431 3746 et
446 3687 477 3746 in
500 3685 641 3748 omnibus
658 3691 843 3762 numeratur,
867 3690 898 3746 et
919 3703 988 3746 eum

63 3770 195 3831 revereri
220 3768 367 3831 debuerat
390 3767 524 3849 Paulus,
547 3790 586 3830 ne
608 3777 669 3830 tam
693 3769 787 3828 libere
809 3774 840 3829 et
861 3787 988 3848 genera·

708 3849 777 3916 22*
