2348 4162
121 278 186 349 56ss
413 273 658 334 munau.
676 276 711 331 ιι.
729 273 762 330 ι,

123 450 209 521 lini
234 448 444 528 lioguiiice
471 445 746 509 consolatoria
787 444 981 526 'exempla
1017 452 1054 505 et

123 533 348 595 sententies
370 551 417 592 ex
438 532 531 592 vitis
551 535 591 591 et
611 529 867 609 pusionibus
889 529 1056 590 Sancto·

124 637 212 695 rum,
234 614 286 694 qui
307 615 384 675 liber
405 634 489 676 enno
513 612 593 678 1544
614 612 671 671 sub
692 614 754 674 hnc
772 614 977 693 inscriptione
991 609 1056 671 edi·

519 703 569 756 tus
590 703 653 755 est:

207 780 372 861 Magnifice
394 780 610 841 consolatoria
643 777 790 858 exempla
818 783 852 838 el
871 782 1053 856 sententiae,

167 885 207 926 ex
227 861 305 924 Vitis
327 872 357 923 el
368 862 565 923 Passionibus
576 861 759 922 Sanctorum
781 860 959 923 etaliorum
971 883 1052 924 snm·

168 966 286 1008 morum
322 947 483 1023 Viromm,
526 945 705 1006 brevissime
743 944 917 1021 collectae,
948 943 1052 1026 Opera

168 1030 262 1091 Geor.
284 1028 444 1110 Spoletini.
487 1028 565 1089 (lum
588 1029 781 1107 praefatione
801 1028 839 1091 D.
862 1029 953 1090 liert.
966 1029 1051 1092 Loth.

169 1112 353 1193 Vitebergae
377 1112 467 1177 1544.
489 1113 519 1176 8.
563 1111 596 1170 lo
623 1110 704 1173 fine:
736 1111 786 1170 Ex
806 1111 933 1172 cilicino
952 1113 1053 1192 Typo

166 1195 314 1277 graphica
335 1192 628 1258 Nicolaiflchirlent.
672 1197 765 1254 Anno
787 1194 896 1254 solutis
918 1204 1051 1272 nostroe,

168 1278 331 1338 millesimo
366 1280 629 1359 quingentesimo,
662 1275 902 1356 quadragesimo
933 1285 1051 1356 quarm,

167 1379 275 1420 mense
312 1379 386 1420 vero
424 1361 544 1422 Martio.
602 1359 657 1429 (cl.
680 1359 813 1421 emotae
843 1359 886 1420 111
918 1382 949 1442 p.
982 1363 1051 1426 369,

169 1443 302 1505 Walchii
323 1443 436 1509 introd.
459 1445 489 1505 iu
511 1442 593 1523 Opp.
614 1442 703 1507 Loth.
723 1442 759 1502 Τ.
781 1442 852 1504 xlv
873 1462 906 1524 p.
927 1444 1000 1517 42.)

208 1609 388 1671 Venerabili
408 1611 440 1670 in
463 1609 599 1671 Domino
618 1608 720 1684 lrntri,
755 1607 794 1670 ll.
817 1607 959 1689 Georgio
979 1609 1051 1690 Spe

127 1692 234 1774 latino,
257 1694 376 1754 Pastori
398 1692 654 1773 Altenburgeusis
683 1690 834 1751 ecclesiae
854 1696 889 1752 el
909 1692 1052 1774 Superat·

127 1775 265 1838 tendenti
287 1795 364 1836 suae
393 1776 546 1837 dioecesis
574 1773 773 1836 ecclesiarum
794 1775 826 1834 iu
846 1771 963 1836 Misnic
983 1775 1052 1836 fide·

127 1857 245 1920 lissimo
268 1867 300 1920 st
320 1861 545 1940 sincerissimo,
575 1859 706 1940 gratiam
733 1865 766 1918 et
783 1876 894 1938 pacem
916 1861 948 1919 in
972 1860 1051 1921 chri·

127 1949 177 2003 sto
201 1940 270 2004 Deo
293 1950 324 2003 et
345 1944 501 2003 salvatore
523 1951 641 2002 nostro.

211 2025 317 2086 Placet
339 2026 411 2086 mihi
431 2027 601 2086 institutum
624 2032 721 2104 tuum,
742 2025 784 2084 mi
803 2024 976 2106 Spoletiue,
998 2043 1053 2085 neo

127 2106 246 2186 dubito,
270 2110 341 2188 quin
354 2110 423 2170 Deo
445 2111 504 2189 ipsi
527 2108 647 2188 placeat
670 2118 702 2167 et
714 2108 866 2187 omnibus,
889 2109 942 2188 qui
957 2109 1051 2169 Deum

127 2199 296 2269 quaeruut,
329 2210 389 2271 quo
428 2192 578 2268 collegisti
610 2191 793 2251 Sanctorum
815 2190 874 2252 llei
906 2192 991 2254 dicta
1024 2197 1054 2251 el

129 2275 211 2334 iactu
234 2277 356 2354 puriora
370 2274 410 2356 ¹).
454 2276 609 2335 Pertiueul
631 2276 710 2333 euim
734 2274 811 2335 hoec
831 2277 901 2355 ipsa
924 2295 987 2335 uon
1006 2293 1053 2335 so·

129 2357 190 2417 lum
219 2359 258 2418 ad
285 2357 503 2419 obstruendum
534 2376 569 2418 os
602 2358 791 2437 loquentium
818 2358 924 2438 iniqua
949 2367 1053 2418 contra

129 2460 186 2500 nos
209 2451 239 2500 et
261 2441 496 2503 obtrectantium
519 2438 626 2516 uobis,
654 2442 740 2518 quasi
770 2460 867 2502 novas
892 2442 1052 2521 opiniones

129 2531 159 2583 et
182 2522 329 2603 dogmate
351 2544 499 2602 seramus,
522 2543 626 2583 verum
650 2525 741 2583 eliam
764 2525 802 2583 ad
826 2524 1052 2585 confirmandas

129 2614 251 2667 nostras
274 2609 489 2682 conscientias,
512 2614 560 2666 tot
581 2608 825 2667 testimoniorum
848 2615 880 2666 et
898 2607 1052 2687 exemplo·

130 2709 195 2749 rum
225 2697 361 2750 velerum
396 2691 476 2750 nube
498 2688 650 2765 eruditas,
682 2691 732 2767 qui
760 2690 870 2750 endem
893 2691 1050 2750 nobiscum

129 2780 300 2849 senserunt,
323 2773 475 2850 dixerunt,
496 2774 635 2832 iecerunt
656 2779 687 2832 el
708 2772 850 2834 tulerunt.
894 2773 975 2833 Num
997 2773 1050 2832 etsi

129 2857 293 2936 uuicuique
323 2856 464 2916 sulficere
494 2857 585 2917 debet
607 2875 662 2916 sua
684 2855 760 2916 fides
782 2859 811 2916 in
834 2857 964 2917 verbum
987 2856 1050 2928 Dei,

130 2944 291 3000 utcontra
313 2947 418 3018 portas
440 2939 605 2999 inferorum
641 2939 731 2998 etiam
765 2939 821 3000 sibi
844 2939 903 3000 soli
933 2939 1051 2999 inscie

129 3023 270 3082 standum
294 3024 347 3097 sit,
370 3030 485 3098 tamen,
507 3030 541 3082 ul
563 3030 609 3081 est
629 3023 716 3081 iuxta
737 3024 874 3101 spiritum
899 3028 1050 3102 promtum

131 3122 203 3164 coro
226 3104 357 3182 infirme,
381 3124 441 3164 nou
466 3106 524 3164 levi
548 3113 601 3165 out
622 3122 717 3184 parvo
742 3113 899 3166 momento
916 3112 1053 3166 movetur

129 3188 197 3266 pius
219 3190 349 3264 enimus,
372 3190 395 3246 si
421 3189 529 3248 viderit
550 3194 597 3248 tot
618 3188 732 3257 secula,
756 3191 803 3248 tol
823 3178 986 3267 exempla,
1009 3193 1053 3245 tol

129 3271 317 3331 excellentes
345 3270 486 3331 homines
519 3278 591 3330 ante
623 3277 654 3329 et
687 3273 769 3330 circs
802 3289 835 3330 se
858 3272 975 3330 similes
998 3268 1052 3328 sibi

130 3352 233 3428 inisse,
256 3361 286 3412 et
308 3354 418 3413 similia
440 3372 563 3432 semper
584 3353 665 3412 iacta
687 3373 756 3413 esse
780 3354 928 3433 perillus,
953 3353 1054 3433 qualia

130 3453 187 3494 nos
215 3455 253 3495 ex
275 3435 438 3515 scripturis
460 3436 642 3515 didicimus,·
659 3442 690 3496 et
710 3438 901 3517 experientia
924 3435 1054 3516 quotidi-

130 3535 190 3576 suu
213 3519 433 3598 cognoscimus
464 3522 494 3579 in
523 3518 623 3582 uobis.
668 3519 762 3580 Multa
784 3526 856 3580 suut
878 3519 1002 3599 quidem
1026 3521 1054 3578 iu

130 3669 251 3682 n...-
257 3674 338 3681 --

202 3775 234 3843 1)
254 3772 397 3834 chettet
415 3775 536 3846 notiora.
