<?xml version="1.0" encoding="UTF-8"?>
<!DOCTYPE html PUBLIC "-//W3C//DTD XHTML 1.0 Transitional//EN"
    "http://www.w3.org/TR/xhtml1/DTD/xhtml1-transitional.dtd">
<html xmlns="http://www.w3.org/1999/xhtml" xml:lang="en" lang="en">
 <head>
  <title>
</title>
<meta http-equiv="Content-Type" content="text/html;charset=utf-8" />
  <meta name='ocr-system' content='tesseract 3.04.00' />
  <meta name='ocr-capabilities' content='ocr_page ocr_carea ocr_par ocr_line ocrx_word'/>
</head>
<body>
  <div class='ocr_page' id='page_1' title='image "./dmartinilutheri02luthgoog_0366.png"; bbox 0 0 2348 4162; ppageno 0'>
   <div class='ocr_carea' id='block_1_1' title="bbox 266 226 977 295">
    <p class='ocr_par' dir='ltr' id='par_1_1' title="bbox 266 226 977 295">
     <span class='ocr_line' id='line_1_1' title="bbox 266 226 977 295; baseline 0.015 -11"><span class='ocrx_word' id='word_1_1' title='bbox 266 226 303 284; x_wconf 85' lang='lat' dir='ltr'><strong>ad</strong></span> <span class='ocrx_word' id='word_1_2' title='bbox 322 229 356 284; x_wconf 93' lang='lat' dir='ltr'><strong>D.</strong></span> <span class='ocrx_word' id='word_1_3' title='bbox 375 226 519 285; x_wconf 84' lang='lat' dir='ltr'><strong>Erasmum</strong></span> <span class='ocrx_word' id='word_1_4' title='bbox 536 227 760 286; x_wconf 88' lang='lat' dir='ltr'><strong>Roterodamnm.</strong></span> <span class='ocrx_word' id='word_1_5' title='bbox 913 226 977 295; x_wconf 80' lang='grc'><strong>353</strong></span> 
     </span>
    </p>
   </div>
   <div class='ocr_carea' id='block_1_2' title="bbox 10 396 996 3802">
    <p class='ocr_par' dir='ltr' id='par_1_2' title="bbox 54 396 996 2058">
     <span class='ocr_line' id='line_1_2' title="bbox 138 396 977 480; baseline 0.001 -22"><span class='ocrx_word' id='word_1_6' title='bbox 138 396 199 459; x_wconf 82' lang='lat' dir='ltr'><strong>Sed</strong></span> <span class='ocrx_word' id='word_1_7' title='bbox 222 403 307 478; x_wconf 85' lang='lat' dir='ltr'><strong>esto,</strong></span> <span class='ocrx_word' id='word_1_8' title='bbox 343 417 405 459; x_wconf 94' lang='lat' dir='ltr'><strong>non</strong></span> <span class='ocrx_word' id='word_1_9' title='bbox 436 398 644 479; x_wconf 82' lang='lat' dir='ltr'><strong>intelligamus</strong></span> <span class='ocrx_word' id='word_1_10' title='bbox 673 398 767 460; x_wconf 89' lang='lat' dir='ltr'><strong>verba</strong></span> <span class='ocrx_word' id='word_1_11' title='bbox 788 398 977 480; x_wconf 77' lang='lat' dir='ltr'><strong>singulatim,</strong></span> 
     </span>
     <span class='ocr_line' id='line_1_3' title="bbox 58 480 978 562; baseline 0.003 -23"><span class='ocrx_word' id='word_1_12' title='bbox 58 480 252 561; x_wconf 85' lang='lat' dir='ltr'><strong>taman&#39;ipsa</strong></span> <span class='ocrx_word' id='word_1_13' title='bbox 274 482 318 541; x_wconf 92' lang='lat' dir='ltr'><strong>rei</strong></span> <span class='ocrx_word' id='word_1_14' title='bbox 341 501 460 543; x_wconf 89' lang='lat' dir='ltr'><strong>summa</strong></span> <span class='ocrx_word' id='word_1_15' title='bbox 482 482 651 543; x_wconf 88' lang='lat' dir='ltr'><strong>clarissima</strong></span> <span class='ocrx_word' id='word_1_16' title='bbox 673 489 734 562; x_wconf 86' lang='lat' dir='ltr'><strong>est,</strong></span> <span class='ocrx_word' id='word_1_17' title='bbox 762 482 844 561; x_wconf 90' lang='lat' dir='ltr'><strong>quod</strong></span> <span class='ocrx_word' id='word_1_18' title='bbox 866 480 978 544; x_wconf 90' lang='lat' dir='ltr'><strong>Iohan-</strong></span> 
     </span>
     <span class='ocr_line' id='line_1_4' title="bbox 56 562 979 645; baseline 0.002 -21"><span class='ocrx_word' id='word_1_19' title='bbox 56 582 110 625; x_wconf 87' lang='lat' dir='ltr'><strong>nes</strong></span> <span class='ocrx_word' id='word_1_20' title='bbox 132 562 194 625; x_wconf 90' lang='lat' dir='ltr'><strong>hac</strong></span> <span class='ocrx_word' id='word_1_21' title='bbox 213 565 379 643; x_wconf 75' lang='lat' dir='ltr'><strong>partitione</strong></span> <span class='ocrx_word' id='word_1_22' title='bbox 400 566 517 626; x_wconf 78' lang='lat' dir='ltr'><strong>reliciat</strong></span> <span class='ocrx_word' id='word_1_23' title='bbox 555 564 698 645; x_wconf 90' lang='lat' dir='ltr'><strong>quicquid</strong></span> <span class='ocrx_word' id='word_1_24' title='bbox 734 583 797 625; x_wconf 90' lang='lat' dir='ltr'><strong>non</strong></span> <span class='ocrx_word' id='word_1_25' title='bbox 820 571 866 626; x_wconf 89' lang='lat' dir='ltr'><strong>est</strong></span> <span class='ocrx_word' id='word_1_26' title='bbox 887 584 979 645; x_wconf 89' lang='lat' dir='ltr'><strong>gena·</strong></span> 
     </span>
     <span class='ocr_line' id='line_1_5' title="bbox 56 646 979 728; baseline 0.002 -21"><span class='ocrx_word' id='word_1_27' title='bbox 56 648 134 709; x_wconf 85' lang='lat' dir='ltr'><strong>ratio</strong></span> <span class='ocrx_word' id='word_1_28' title='bbox 156 646 269 727; x_wconf 89' lang='lat' dir='ltr'><strong>divina,</strong></span> <span class='ocrx_word' id='word_1_29' title='bbox 291 647 362 707; x_wconf 92' lang='lat' dir='ltr'><strong>dum</strong></span> <span class='ocrx_word' id='word_1_30' title='bbox 385 646 464 709; x_wconf 84' lang='lat' dir='ltr'><strong>lilios</strong></span> <span class='ocrx_word' id='word_1_31' title='bbox 487 646 547 710; x_wconf 92' lang='lat' dir='ltr'><strong>Dei</strong></span> <span class='ocrx_word' id='word_1_32' title='bbox 570 668 630 708; x_wconf 91' lang='lat' dir='ltr'><strong>non</strong></span> <span class='ocrx_word' id='word_1_33' title='bbox 654 647 721 710; x_wconf 89' lang='lat' dir='ltr'><strong>fieri</strong></span> <span class='ocrx_word' id='word_1_34' title='bbox 743 646 825 728; x_wconf 91' lang='lat' dir='ltr'><strong>dicit,</strong></span> <span class='ocrx_word' id='word_1_35' title='bbox 847 649 906 708; x_wconf 91' lang='lat' dir='ltr'><strong>uisi</strong></span> <span class='ocrx_word' id='word_1_36' title='bbox 927 668 979 709; x_wconf 89' lang='lat' dir='ltr'><strong>na·</strong></span> 
     </span>
     <span class='ocr_line' id='line_1_6' title="bbox 56 728 978 812; baseline 0.002 -22"><span class='ocrx_word' id='word_1_37' title='bbox 56 728 172 791; x_wconf 77' lang='lat' dir='ltr'><strong>scendo</strong></span> <span class='ocrx_word' id='word_1_38' title='bbox 194 749 236 791; x_wconf 87' lang='lat' dir='ltr'><strong>ex</strong></span> <span class='ocrx_word' id='word_1_39' title='bbox 258 731 342 811; x_wconf 87' lang='lat' dir='ltr'><strong>Deo,</strong></span> <span class='ocrx_word' id='word_1_40' title='bbox 365 731 447 810; x_wconf 88' lang='lat' dir='ltr'><strong>qnod</strong></span> <span class='ocrx_word' id='word_1_41' title='bbox 470 730 512 812; x_wconf 86' lang='lat' dir='ltr'><strong>iit,</strong></span> <span class='ocrx_word' id='word_1_42' title='bbox 535 732 604 811; x_wconf 88' lang='lat' dir='ltr'><strong>ipso</strong></span> <span class='ocrx_word' id='word_1_43' title='bbox 626 733 802 811; x_wconf 83' lang='lat' dir='ltr'><strong>interprete,</strong></span> <span class='ocrx_word' id='word_1_44' title='bbox 824 730 978 792; x_wconf 85' lang='lat' dir='ltr'><strong>credendo</strong></span> 
     </span>
     <span class='ocr_line' id='line_1_7' title="bbox 56 813 979 893; baseline 0.001 -19"><span class='ocrx_word' id='word_1_45' title='bbox 56 814 235 879; x_wconf 88' lang='lat' dir='ltr'><strong>innomine</strong></span> <span class='ocrx_word' id='word_1_46' title='bbox 263 815 338 875; x_wconf 87' lang='lat' dir='ltr'><strong>eins.</strong></span> <span class='ocrx_word' id='word_1_47' title='bbox 381 813 417 875; x_wconf 91' lang='lat' dir='ltr'><strong>ln</strong></span> <span class='ocrx_word' id='word_1_48' title='bbox 443 833 502 893; x_wconf 88' lang='lat' dir='ltr'><strong>qua</strong></span> <span class='ocrx_word' id='word_1_49' title='bbox 530 815 697 875; x_wconf 88' lang='lat' dir='ltr'><strong>reiectione</strong></span> <span class='ocrx_word' id='word_1_50' title='bbox 720 814 861 875; x_wconf 85' lang='lat' dir='ltr'><strong>voluntas</strong></span> <span class='ocrx_word' id='word_1_51' title='bbox 884 814 979 875; x_wconf 87' lang='lat' dir='ltr'><strong>homi·</strong></span> 
     </span>
     <span class='ocr_line' id='line_1_8' title="bbox 55 894 979 975; baseline 0 -18"><span class='ocrx_word' id='word_1_52' title='bbox 55 897 179 957; x_wconf 79' lang='lat' dir='ltr'><strong>nissen</strong></span> <span class='ocrx_word' id='word_1_53' title='bbox 202 894 331 957; x_wconf 87' lang='lat' dir='ltr'><strong>liberum</strong></span> <span class='ocrx_word' id='word_1_54' title='bbox 354 896 520 975; x_wconf 83' lang='lat' dir='ltr'><strong>arbitrium,</strong></span> <span class='ocrx_word' id='word_1_55' title='bbox 543 916 612 958; x_wconf 95' lang='lat' dir='ltr'><strong>cum</strong></span> <span class='ocrx_word' id='word_1_56' title='bbox 634 916 696 958; x_wconf 92' lang='lat' dir='ltr'><strong>non</strong></span> <span class='ocrx_word' id='word_1_57' title='bbox 719 898 758 957; x_wconf 89' lang='lat' dir='ltr'><strong>sit</strong></span> <span class='ocrx_word' id='word_1_58' title='bbox 774 898 916 959; x_wconf 82' lang='lat' dir='ltr'><strong>nativitas</strong></span> <span class='ocrx_word' id='word_1_59' title='bbox 939 916 979 957; x_wconf 87' lang='lat' dir='ltr'><strong>ex</strong></span> 
     </span>
     <span class='ocr_line' id='line_1_9' title="bbox 56 978 979 1062; baseline -0.001 -21"><span class='ocrx_word' id='word_1_60' title='bbox 56 978 124 1041; x_wconf 87' lang='lat' dir='ltr'><strong>Deo</strong></span> <span class='ocrx_word' id='word_1_61' title='bbox 159 998 260 1058; x_wconf 90' lang='lat' dir='ltr'><strong>neque</strong></span> <span class='ocrx_word' id='word_1_62' title='bbox 291 979 383 1059; x_wconf 88' lang='lat' dir='ltr'><strong>lidea,</strong></span> <span class='ocrx_word' id='word_1_63' title='bbox 416 983 590 1042; x_wconf 82' lang='lat' dir='ltr'><strong>necessario</strong></span> <span class='ocrx_word' id='word_1_64' title='bbox 628 980 905 1062; x_wconf 83' lang='lat' dir='ltr'><strong>comprehenditur.</strong></span> <span class='ocrx_word' id='word_1_65' title='bbox 947 979 979 1041; x_wconf 78' lang='lat' dir='ltr'><strong>Si</strong></span> 
     </span>
     <span class='ocr_line' id='line_1_10' title="bbox 55 1061 980 1145; baseline 0.001 -22"><span class='ocrx_word' id='word_1_66' title='bbox 55 1080 130 1124; x_wconf 81' lang='lat' dir='ltr'><strong>uero</strong></span> <span class='ocrx_word' id='word_1_67' title='bbox 153 1061 267 1142; x_wconf 85' lang='lat' dir='ltr'><strong>aliquid</strong></span> <span class='ocrx_word' id='word_1_68' title='bbox 290 1063 407 1125; x_wconf 89' lang='lat' dir='ltr'><strong>valeret</strong></span> <span class='ocrx_word' id='word_1_69' title='bbox 428 1063 556 1125; x_wconf 89' lang='lat' dir='ltr'><strong>liberum</strong></span> <span class='ocrx_word' id='word_1_70' title='bbox 580 1065 746 1145; x_wconf 87' lang='lat' dir='ltr'><strong>arbitrium,</strong></span> <span class='ocrx_word' id='word_1_71' title='bbox 769 1083 831 1125; x_wconf 91' lang='lat' dir='ltr'><strong>non</strong></span> <span class='ocrx_word' id='word_1_72' title='bbox 848 1062 980 1126; x_wconf 88' lang='lat' dir='ltr'><strong>debebat</strong></span> 
     </span>
     <span class='ocr_line' id='line_1_11' title="bbox 55 1145 978 1227; baseline 0.001 -20"><span class='ocrx_word' id='word_1_73' title='bbox 55 1145 200 1207; x_wconf 82' lang='lat' dir='ltr'><strong>voluntas</strong></span> <span class='ocrx_word' id='word_1_74' title='bbox 223 1146 278 1206; x_wconf 89' lang='lat' dir='ltr'><strong>viri</strong></span> <span class='ocrx_word' id='word_1_75' title='bbox 306 1146 483 1208; x_wconf 87' lang='lat' dir='ltr'><strong>alohanne</strong></span> <span class='ocrx_word' id='word_1_76' title='bbox 504 1147 606 1227; x_wconf 89' lang='lat' dir='ltr'><strong>reiici,</strong></span> <span class='ocrx_word' id='word_1_77' title='bbox 638 1166 697 1208; x_wconf 88' lang='lat' dir='ltr'><strong>nec</strong></span> <span class='ocrx_word' id='word_1_78' title='bbox 718 1148 858 1208; x_wconf 85' lang='lat' dir='ltr'><strong>homines</strong></span> <span class='ocrx_word' id='word_1_79' title='bbox 879 1147 918 1207; x_wconf 88' lang='lat' dir='ltr'><strong>ab</strong></span> <span class='ocrx_word' id='word_1_80' title='bbox 941 1165 978 1208; x_wconf 86' lang='lat' dir='ltr'><strong>eo</strong></span> 
     </span>
     <span class='ocr_line' id='line_1_12' title="bbox 54 1227 979 1308; baseline 0.001 -19"><span class='ocrx_word' id='word_1_81' title='bbox 54 1227 167 1291; x_wconf 87' lang='lat' dir='ltr'><strong>retrahi</strong></span> <span class='ocrx_word' id='word_1_82' title='bbox 190 1233 223 1288; x_wconf 87' lang='lat' dir='ltr'><strong>et</strong></span> <span class='ocrx_word' id='word_1_83' title='bbox 243 1228 282 1291; x_wconf 87' lang='lat' dir='ltr'><strong>ad</strong></span> <span class='ocrx_word' id='word_1_84' title='bbox 305 1228 404 1290; x_wconf 88' lang='lat' dir='ltr'><strong>sclam</strong></span> <span class='ocrx_word' id='word_1_85' title='bbox 426 1229 518 1291; x_wconf 87' lang='lat' dir='ltr'><strong>fidem</strong></span> <span class='ocrx_word' id='word_1_86' title='bbox 542 1236 573 1290; x_wconf 89' lang='lat' dir='ltr'><strong>et</strong></span> <span class='ocrx_word' id='word_1_87' title='bbox 594 1231 816 1292; x_wconf 80' lang='lat' dir='ltr'><strong>renascentiam</strong></span> <span class='ocrx_word' id='word_1_88' title='bbox 828 1231 916 1308; x_wconf 90' lang='lat' dir='ltr'><strong>mitti,</strong></span> <span class='ocrx_word' id='word_1_89' title='bbox 940 1250 979 1291; x_wconf 90' lang='lat' dir='ltr'><strong>ne</strong></span> 
     </span>
     <span class='ocr_line' id='line_1_13' title="bbox 54 1311 979 1393; baseline 0.001 -20"><span class='ocrx_word' id='word_1_90' title='bbox 54 1311 130 1373; x_wconf 90' lang='lat' dir='ltr'><strong>illud</strong></span> <span class='ocrx_word' id='word_1_91' title='bbox 154 1311 268 1373; x_wconf 77' lang='lat' dir='ltr'><strong>Esaiae</strong></span> <span class='ocrx_word' id='word_1_92' title='bbox 289 1315 308 1377; x_wconf 81' lang='lat'>5</span> <span class='ocrx_word' id='word_1_93' title='bbox 330 1313 357 1374; x_wconf 90' lang='lat' dir='ltr'><strong>ei</strong></span> <span class='ocrx_word' id='word_1_94' title='bbox 376 1312 540 1375; x_wconf 90' lang='lat' dir='ltr'><strong>diceretur:</strong></span> <span class='ocrx_word' id='word_1_95' title='bbox 582 1312 648 1374; x_wconf 91' lang='lat' dir='ltr'><strong>Vae</strong></span> <span class='ocrx_word' id='word_1_96' title='bbox 670 1313 774 1392; x_wconf 90' lang='lat' dir='ltr'><strong>vobis,</strong></span> <span class='ocrx_word' id='word_1_97' title='bbox 807 1315 857 1393; x_wconf 88' lang='lat' dir='ltr'><strong>qui</strong></span> <span class='ocrx_word' id='word_1_98' title='bbox 880 1313 979 1374; x_wconf 87' lang='lat' dir='ltr'><strong>dicitis</strong></span> 
     </span>
     <span class='ocr_line' id='line_1_14' title="bbox 55 1394 978 1476; baseline 0.002 -19"><span class='ocrx_word' id='word_1_99' title='bbox 55 1394 172 1457; x_wconf 89' lang='lat' dir='ltr'><strong>bonurn</strong></span> <span class='ocrx_word' id='word_1_100' title='bbox 195 1395 317 1457; x_wconf 90' lang='lat' dir='ltr'><strong>malum.</strong></span> <span class='ocrx_word' id='word_1_101' title='bbox 362 1396 450 1457; x_wconf 84' lang='lat' dir='ltr'><strong>Nunc</strong></span> <span class='ocrx_word' id='word_1_102' title='bbox 473 1415 545 1457; x_wconf 89' lang='lat' dir='ltr'><strong>vero</strong></span> <span class='ocrx_word' id='word_1_103' title='bbox 569 1414 637 1457; x_wconf 92' lang='lat' dir='ltr'><strong>cum</strong></span> <span class='ocrx_word' id='word_1_104' title='bbox 660 1398 829 1476; x_wconf 87' lang='lat' dir='ltr'><strong>aequaliter</strong></span> <span class='ocrx_word' id='word_1_105' title='bbox 859 1398 978 1459; x_wconf 84' lang='lat' dir='ltr'><strong>reliciat</strong></span> 
     </span>
     <span class='ocr_line' id='line_1_15' title="bbox 55 1477 968 1559; baseline -0.001 -18"><span class='ocrx_word' id='word_1_106' title='bbox 55 1479 233 1559; x_wconf 84' lang='lat' dir='ltr'><strong>sanguines,</strong></span> <span class='ocrx_word' id='word_1_107' title='bbox 256 1477 444 1540; x_wconf 87' lang='lat' dir='ltr'><strong>voluntatem</strong></span> <span class='ocrx_word' id='word_1_108' title='bbox 468 1480 578 1556; x_wconf 89' lang='lat' dir='ltr'><strong>carnis,</strong></span> <span class='ocrx_word' id='word_1_109' title='bbox 600 1479 788 1541; x_wconf 85' lang='lat' dir='ltr'><strong>voluntatem</strong></span> <span class='ocrx_word' id='word_1_110' title='bbox 813 1481 884 1559; x_wconf 92' lang='lat' dir='ltr'><strong>viri,</strong></span> <span class='ocrx_word' id='word_1_111' title='bbox 916 1499 968 1540; x_wconf 87' lang='lat' dir='ltr'><strong>cer</strong></span> 
     </span>
     <span class='ocr_line' id='line_1_16' title="bbox 56 1562 979 1645; baseline 0.001 -24"><span class='ocrx_word' id='word_1_112' title='bbox 56 1568 120 1623; x_wconf 88' lang='lat' dir='ltr'><strong>turn</strong></span> <span class='ocrx_word' id='word_1_113' title='bbox 145 1567 206 1641; x_wconf 88' lang='lat' dir='ltr'><strong>est,</strong></span> <span class='ocrx_word' id='word_1_114' title='bbox 238 1563 320 1641; x_wconf 90' lang='lat' dir='ltr'><strong>quod</strong></span> <span class='ocrx_word' id='word_1_115' title='bbox 358 1563 499 1623; x_wconf 88' lang='lat' dir='ltr'><strong>voluntas</strong></span> <span class='ocrx_word' id='word_1_116' title='bbox 528 1563 583 1623; x_wconf 91' lang='lat' dir='ltr'><strong>viri</strong></span> <span class='ocrx_word' id='word_1_117' title='bbox 605 1562 678 1622; x_wconf 90' lang='lat' dir='ltr'><strong>nihil</strong></span> <span class='ocrx_word' id='word_1_118' title='bbox 710 1564 807 1645; x_wconf 89' lang='lat' dir='ltr'><strong>magis</strong></span> <span class='ocrx_word' id='word_1_119' title='bbox 838 1563 919 1625; x_wconf 88' lang='lat' dir='ltr'><strong>valet</strong></span> <span class='ocrx_word' id='word_1_120' title='bbox 940 1562 979 1625; x_wconf 93' lang='lat' dir='ltr'><strong>ad</strong></span> 
     </span>
     <span class='ocr_line' id='line_1_17' title="bbox 55 1644 979 1727; baseline 0.001 -22"><span class='ocrx_word' id='word_1_121' title='bbox 55 1644 215 1705; x_wconf 82' lang='lat' dir='ltr'><strong>iaciendos</strong></span> <span class='ocrx_word' id='word_1_122' title='bbox 237 1644 318 1706; x_wconf 88' lang='lat' dir='ltr'><strong>filios</strong></span> <span class='ocrx_word' id='word_1_123' title='bbox 338 1645 412 1725; x_wconf 88' lang='lat' dir='ltr'><strong>Dei,</strong></span> <span class='ocrx_word' id='word_1_124' title='bbox 436 1665 527 1727; x_wconf 91' lang='lat' dir='ltr'><strong>quarn</strong></span> <span class='ocrx_word' id='word_1_125' title='bbox 551 1646 716 1726; x_wconf 89' lang='lat' dir='ltr'><strong>sanguines</strong></span> <span class='ocrx_word' id='word_1_126' title='bbox 748 1666 801 1706; x_wconf 87' lang='lat' dir='ltr'><strong>ssu</strong></span> <span class='ocrx_word' id='word_1_127' title='bbox 838 1647 979 1706; x_wconf 85' lang='lat' dir='ltr'><strong>nativitas</strong></span> 
     </span>
     <span class='ocr_line' id='line_1_18' title="bbox 56 1728 996 1808; baseline 0.001 -19"><span class='ocrx_word' id='word_1_128' title='bbox 56 1728 200 1790; x_wconf 87' lang='lat' dir='ltr'><strong>carnalia.</strong></span> <span class='ocrx_word' id='word_1_129' title='bbox 243 1728 285 1788; x_wconf 88' lang='lat' dir='ltr'><strong>At</strong></span> <span class='ocrx_word' id='word_1_130' title='bbox 305 1728 378 1788; x_wconf 91' lang='lat' dir='ltr'><strong>nulli</strong></span> <span class='ocrx_word' id='word_1_131' title='bbox 402 1729 524 1788; x_wconf 91' lang='lat' dir='ltr'><strong>dubium</strong></span> <span class='ocrx_word' id='word_1_132' title='bbox 549 1736 605 1805; x_wconf 88' lang='lat' dir='ltr'><strong>est,</strong></span> <span class='ocrx_word' id='word_1_133' title='bbox 628 1731 699 1808; x_wconf 92' lang='lat' dir='ltr'><strong>quin</strong></span> <span class='ocrx_word' id='word_1_134' title='bbox 714 1730 857 1789; x_wconf 87' lang='lat' dir='ltr'><strong>nativitas</strong></span> <span class='ocrx_word' id='word_1_135' title='bbox 880 1731 996 1799; x_wconf 50' lang='lat' dir='ltr'><strong>carnis.</strong></span> 
     </span>
     <span class='ocr_line' id='line_1_19' title="bbox 57 1810 976 1887; baseline 0.003 -16"><span class='ocrx_word' id='word_1_136' title='bbox 57 1829 119 1873; x_wconf 91' lang='lat' dir='ltr'><strong>non</strong></span> <span class='ocrx_word' id='word_1_137' title='bbox 143 1810 236 1871; x_wconf 86' lang='lat' dir='ltr'><strong>iaciat</strong></span> <span class='ocrx_word' id='word_1_138' title='bbox 257 1810 337 1872; x_wconf 87' lang='lat' dir='ltr'><strong>tilios</strong></span> <span class='ocrx_word' id='word_1_139' title='bbox 360 1811 433 1887; x_wconf 90' lang='lat' dir='ltr'><strong>Dei,</strong></span> <span class='ocrx_word' id='word_1_140' title='bbox 472 1818 505 1871; x_wconf 88' lang='lat' dir='ltr'><strong>ut</strong></span> <span class='ocrx_word' id='word_1_141' title='bbox 536 1819 566 1872; x_wconf 90' lang='lat' dir='ltr'><strong>et</strong></span> <span class='ocrx_word' id='word_1_142' title='bbox 588 1811 703 1876; x_wconf 85' lang='lat' dir='ltr'><strong>Paulus</strong></span> <span class='ocrx_word' id='word_1_143' title='bbox 727 1812 858 1876; x_wconf 79' lang='lat' dir='ltr'><strong>Romll</strong></span> <span class='ocrx_word' id='word_1_144' title='bbox 890 1811 976 1874; x_wconf 90' lang='lat' dir='ltr'><strong>dicit:</strong></span> 
     </span>
     <span class='ocr_line' id='line_1_20' title="bbox 57 1893 979 1975; baseline 0.001 -20"><span class='ocrx_word' id='word_1_145' title='bbox 57 1893 127 1955; x_wconf 81' lang='lat' dir='ltr'><strong>lion</strong></span> <span class='ocrx_word' id='word_1_146' title='bbox 150 1895 201 1974; x_wconf 90' lang='lat' dir='ltr'><strong>qui</strong></span> <span class='ocrx_word' id='word_1_147' title='bbox 223 1893 276 1955; x_wconf 85' lang='lat' dir='ltr'><strong>lilii</strong></span> <span class='ocrx_word' id='word_1_148' title='bbox 298 1895 412 1971; x_wconf 86' lang='lat' dir='ltr'><strong>caruis,</strong></span> <span class='ocrx_word' id='word_1_149' title='bbox 448 1895 467 1954; x_wconf 92' lang='lat' dir='ltr'><strong>ii</strong></span> <span class='ocrx_word' id='word_1_150' title='bbox 489 1894 543 1955; x_wconf 87' lang='lat' dir='ltr'><strong>tilii</strong></span> <span class='ocrx_word' id='word_1_151' title='bbox 566 1894 638 1974; x_wconf 88' lang='lat' dir='ltr'><strong>Dei,</strong></span> <span class='ocrx_word' id='word_1_152' title='bbox 671 1895 842 1975; x_wconf 89' lang='lat' dir='ltr'><strong>probatque</strong></span> <span class='ocrx_word' id='word_1_153' title='bbox 869 1893 898 1955; x_wconf 91' lang='lat' dir='ltr'><strong>id</strong></span> <span class='ocrx_word' id='word_1_154' title='bbox 928 1914 979 1956; x_wconf 90' lang='lat' dir='ltr'><strong>ex-</strong></span> 
     </span>
     <span class='ocr_line' id='line_1_21' title="bbox 57 1976 488 2058; baseline 0.002 -19"><span class='ocrx_word' id='word_1_155' title='bbox 57 1977 161 2058; x_wconf 86' lang='lat' dir='ltr'><strong>emplo</strong></span> <span class='ocrx_word' id='word_1_156' title='bbox 183 1976 321 2037; x_wconf 83' lang='lat' dir='ltr'><strong>lamuelis</strong></span> <span class='ocrx_word' id='word_1_157' title='bbox 343 1984 374 2038; x_wconf 90' lang='lat' dir='ltr'><strong>et</strong></span> <span class='ocrx_word' id='word_1_158' title='bbox 395 1978 488 2040; x_wconf 78' lang='lat' dir='ltr'><strong>Esau.</strong></span> 
     </span>
    </p>

    <p class='ocr_par' dir='ltr' id='par_1_3' title="bbox 57 2057 979 2308">
     <span class='ocr_line' id='line_1_22' title="bbox 140 2057 979 2141; baseline -0.002 -18"><span class='ocrx_word' id='word_1_159' title='bbox 140 2058 226 2123; x_wconf 92' lang='lat' dir='ltr'><strong>Idem</strong></span> <span class='ocrx_word' id='word_1_160' title='bbox 253 2057 410 2122; x_wconf 92' lang='lat' dir='ltr'><strong>Iohannes</strong></span> <span class='ocrx_word' id='word_1_161' title='bbox 443 2060 558 2121; x_wconf 88' lang='lat' dir='ltr'><strong>inducit</strong></span> <span class='ocrx_word' id='word_1_162' title='bbox 581 2061 750 2141; x_wconf 86' lang='lat' dir='ltr'><strong>Baptistam</strong></span> <span class='ocrx_word' id='word_1_163' title='bbox 786 2060 824 2122; x_wconf 95' lang='lat' dir='ltr'><strong>de</strong></span> <span class='ocrx_word' id='word_1_164' title='bbox 856 2061 979 2123; x_wconf 84' lang='lat' dir='ltr'><strong>Christo</strong></span> 
     </span>
     <span class='ocr_line' id='line_1_23' title="bbox 57 2143 978 2224; baseline 0.003 -21"><span class='ocrx_word' id='word_1_165' title='bbox 57 2144 236 2223; x_wconf 89' lang='lat' dir='ltr'><strong>loquentem</strong></span> <span class='ocrx_word' id='word_1_166' title='bbox 259 2143 318 2206; x_wconf 85' lang='lat' dir='ltr'><strong>sic:</strong></span> <span class='ocrx_word' id='word_1_167' title='bbox 341 2144 388 2204; x_wconf 88' lang='lat' dir='ltr'><strong>De</strong></span> <span class='ocrx_word' id='word_1_168' title='bbox 411 2145 495 2204; x_wconf 89' lang='lat' dir='ltr'><strong>cuius</strong></span> <span class='ocrx_word' id='word_1_169' title='bbox 517 2144 705 2224; x_wconf 89' lang='lat' dir='ltr'><strong>plenitudine</strong></span> <span class='ocrx_word' id='word_1_170' title='bbox 728 2163 785 2205; x_wconf 95' lang='lat' dir='ltr'><strong>nos</strong></span> <span class='ocrx_word' id='word_1_171' title='bbox 808 2164 915 2206; x_wconf 90' lang='lat' dir='ltr'><strong>omnes</strong></span> <span class='ocrx_word' id='word_1_172' title='bbox 931 2164 978 2205; x_wconf 84' lang='lat' dir='ltr'><strong>ac-</strong></span> 
     </span>
     <span class='ocr_line' id='line_1_24' title="bbox 57 2227 555 2308; baseline 0.008 -21"><span class='ocrx_word' id='word_1_173' title='bbox 57 2227 195 2308; x_wconf 88' lang='lat' dir='ltr'><strong>cepimus</strong></span> <span class='ocrx_word' id='word_1_174' title='bbox 217 2227 347 2307; x_wconf 84' lang='lat' dir='ltr'><strong>gratiam</strong></span> <span class='ocrx_word' id='word_1_175' title='bbox 370 2245 425 2307; x_wconf 88' lang='lat' dir='ltr'><strong>pro</strong></span> <span class='ocrx_word' id='word_1_176' title='bbox 447 2229 555 2307; x_wconf 82' lang='lat' dir='ltr'><strong>gratia.</strong></span> 
     </span>
    </p>

    <p class='ocr_par' dir='ltr' id='par_1_4' title="bbox 10 2308 981 3618">
     <span class='ocr_line' id='line_1_25' title="bbox 87 2308 980 2391; baseline -0.001 -20"><span class='ocrx_word' id='word_1_177' title='bbox 87 2328 90 2333; x_wconf 88' lang='lat'>·</span> <span class='ocrx_word' id='word_1_178' title='bbox 140 2308 278 2371; x_wconf 77' lang='lat' dir='ltr'><strong>Gratiam</strong></span> <span class='ocrx_word' id='word_1_179' title='bbox 301 2309 374 2369; x_wconf 86' lang='lat' dir='ltr'><strong>dicit</strong></span> <span class='ocrx_word' id='word_1_180' title='bbox 395 2316 553 2390; x_wconf 90' lang='lat' dir='ltr'><strong>acceptam</strong></span> <span class='ocrx_word' id='word_1_181' title='bbox 577 2330 630 2390; x_wconf 93' lang='lat' dir='ltr'><strong>per</strong></span> <span class='ocrx_word' id='word_1_182' title='bbox 653 2329 709 2373; x_wconf 86' lang='lat' dir='ltr'><strong>noa</strong></span> <span class='ocrx_word' id='word_1_183' title='bbox 732 2310 770 2371; x_wconf 90' lang='lat' dir='ltr'><strong>de</strong></span> <span class='ocrx_word' id='word_1_184' title='bbox 791 2310 980 2391; x_wconf 91' lang='lat' dir='ltr'><strong>plenitudine</strong></span> 
     </span>
     <span class='ocr_line' id='line_1_26' title="bbox 57 2390 980 2473; baseline 0 -20"><span class='ocrx_word' id='word_1_185' title='bbox 57 2391 178 2470; x_wconf 78' lang='lat' dir='ltr'><strong>Christi,</strong></span> <span class='ocrx_word' id='word_1_186' title='bbox 200 2390 254 2452; x_wconf 90' lang='lat' dir='ltr'><strong>sed</strong></span> <span class='ocrx_word' id='word_1_187' title='bbox 276 2410 332 2473; x_wconf 92' lang='lat' dir='ltr'><strong>pro</strong></span> <span class='ocrx_word' id='word_1_188' title='bbox 357 2411 417 2471; x_wconf 88' lang='lat' dir='ltr'><strong>quo</strong></span> <span class='ocrx_word' id='word_1_189' title='bbox 440 2393 548 2453; x_wconf 88' lang='lat' dir='ltr'><strong>merito</strong></span> <span class='ocrx_word' id='word_1_190' title='bbox 566 2393 615 2453; x_wconf 88' lang='lat' dir='ltr'><strong>vel</strong></span> <span class='ocrx_word' id='word_1_191' title='bbox 631 2392 757 2457; x_wconf 74' lang='lat' dir='ltr'><strong>studio?</strong></span> <span class='ocrx_word' id='word_1_192' title='bbox 799 2394 858 2454; x_wconf 92' lang='lat' dir='ltr'><strong>Pro</strong></span> <span class='ocrx_word' id='word_1_193' title='bbox 881 2396 980 2473; x_wconf 90' lang='lat' dir='ltr'><strong>gratia</strong></span> 
     </span>
     <span class='ocr_line' id='line_1_27' title="bbox 56 2472 979 2618; baseline 0.002 -83"><span class='ocrx_word' id='word_1_194' title='bbox 56 2472 193 2618; x_wconf 58' lang='lat' dir='ltr'><strong>dimit)</strong></span> <span class='ocrx_word' id='word_1_195' title='bbox 226 2475 342 2536; x_wconf 89' lang='lat' dir='ltr'><strong>scilicet</strong></span> <span class='ocrx_word' id='word_1_196' title='bbox 364 2474 492 2553; x_wconf 83' lang='lat' dir='ltr'><strong>Christi,</strong></span> <span class='ocrx_word' id='word_1_197' title='bbox 525 2474 782 2554; x_wconf 87' lang='lat' dir='ltr'><strong>quemadmodum</strong></span> <span class='ocrx_word' id='word_1_198' title='bbox 813 2484 843 2537; x_wconf 90' lang='lat' dir='ltr'><strong>et</strong></span> <span class='ocrx_word' id='word_1_199' title='bbox 864 2475 979 2538; x_wconf 90' lang='lat' dir='ltr'><strong>Paulus</strong></span> 
     </span>
     <span class='ocr_line' id='line_1_28' title="bbox 76 2557 980 2638; baseline 0.002 -21"><span class='ocrx_word' id='word_1_200' title='bbox 76 2558 132 2619; x_wconf 88' lang='lat' dir='ltr'><strong>icit</strong></span> <span class='ocrx_word' id='word_1_201' title='bbox 151 2558 261 2621; x_wconf 86' lang='lat' dir='ltr'><strong>Roma.</strong></span> <span class='ocrx_word' id='word_1_202' title='bbox 283 2562 317 2623; x_wconf 82' lang='lat'><strong>5:</strong></span> <span class='ocrx_word' id='word_1_203' title='bbox 341 2557 447 2618; x_wconf 85' lang='lat' dir='ltr'><strong>Gratia</strong></span> <span class='ocrx_word' id='word_1_204' title='bbox 470 2558 528 2618; x_wconf 90' lang='lat' dir='ltr'><strong>Dei</strong></span> <span class='ocrx_word' id='word_1_205' title='bbox 549 2564 580 2618; x_wconf 89' lang='lat' dir='ltr'><strong>et</strong></span> <span class='ocrx_word' id='word_1_206' title='bbox 601 2558 715 2619; x_wconf 91' lang='lat' dir='ltr'><strong>donum</strong></span> <span class='ocrx_word' id='word_1_207' title='bbox 739 2560 768 2618; x_wconf 93' lang='lat' dir='ltr'><strong>in</strong></span> <span class='ocrx_word' id='word_1_208' title='bbox 782 2561 881 2638; x_wconf 90' lang='lat' dir='ltr'><strong>gratia</strong></span> <span class='ocrx_word' id='word_1_209' title='bbox 892 2560 980 2619; x_wconf 85' lang='lat' dir='ltr'><strong>unius</strong></span> 
     </span>
     <span class='ocr_line' id='line_1_29' title="bbox 56 2640 981 2722; baseline 0.002 -22"><span class='ocrx_word' id='word_1_210' title='bbox 56 2641 190 2702; x_wconf 89' lang='lat' dir='ltr'><strong>hominis</strong></span> <span class='ocrx_word' id='word_1_211' title='bbox 211 2640 280 2703; x_wconf 85' lang='lat' dir='ltr'><strong>lesu</strong></span> <span class='ocrx_word' id='word_1_212' title='bbox 297 2640 408 2702; x_wconf 87' lang='lat' dir='ltr'><strong>Ghriati</strong></span> <span class='ocrx_word' id='word_1_213' title='bbox 429 2642 460 2701; x_wconf 94' lang='lat' dir='ltr'><strong>in</strong></span> <span class='ocrx_word' id='word_1_214' title='bbox 483 2641 585 2722; x_wconf 89' lang='lat' dir='ltr'><strong>plures</strong></span> <span class='ocrx_word' id='word_1_215' title='bbox 609 2640 784 2703; x_wconf 85' lang='lat' dir='ltr'><strong>abundavit.</strong></span> <span class='ocrx_word' id='word_1_216' title='bbox 827 2642 885 2702; x_wconf 92' lang='lat' dir='ltr'><strong>Ubi</strong></span> <span class='ocrx_word' id='word_1_217' title='bbox 898 2661 981 2702; x_wconf 91' lang='lat' dir='ltr'><strong>nunc</strong></span> 
     </span>
     <span class='ocr_line' id='line_1_30' title="bbox 55 2722 980 2804; baseline 0.002 -21"><span class='ocrx_word' id='word_1_218' title='bbox 55 2723 142 2785; x_wconf 87' lang='lat' dir='ltr'><strong>liberi</strong></span> <span class='ocrx_word' id='word_1_219' title='bbox 165 2722 279 2786; x_wconf 89' lang='lat' dir='ltr'><strong>arbitrii</strong></span> <span class='ocrx_word' id='word_1_220' title='bbox 302 2730 441 2804; x_wconf 87' lang='lat' dir='ltr'><strong>conatus,</strong></span> <span class='ocrx_word' id='word_1_221' title='bbox 462 2742 522 2804; x_wconf 89' lang='lat' dir='ltr'><strong>quo</strong></span> <span class='ocrx_word' id='word_1_222' title='bbox 546 2732 669 2803; x_wconf 86' lang='lat' dir='ltr'><strong>paratur</strong></span> <span class='ocrx_word' id='word_1_223' title='bbox 690 2725 812 2803; x_wconf 81' lang='lat' dir='ltr'><strong>gratia?</strong></span> <span class='ocrx_word' id='word_1_224' title='bbox 853 2724 911 2784; x_wconf 91' lang='lat' dir='ltr'><strong>Hic</strong></span> <span class='ocrx_word' id='word_1_225' title='bbox 934 2724 980 2785; x_wconf 93' lang='lat' dir='ltr'><strong>lo·</strong></span> 
     </span>
     <span class='ocr_line' id='line_1_31' title="bbox 55 2804 981 2888; baseline -0.001 -21"><span class='ocrx_word' id='word_1_226' title='bbox 55 2806 175 2868; x_wconf 86' lang='lat' dir='ltr'><strong>hannes</strong></span> <span class='ocrx_word' id='word_1_227' title='bbox 197 2804 280 2886; x_wconf 88' lang='lat' dir='ltr'><strong>dicit,</strong></span> <span class='ocrx_word' id='word_1_228' title='bbox 303 2807 479 2868; x_wconf 89' lang='lat' dir='ltr'><strong>ncnsolum</strong></span> <span class='ocrx_word' id='word_1_229' title='bbox 499 2807 703 2868; x_wconf 86' lang='lat' dir='ltr'><strong>nullonostro</strong></span> <span class='ocrx_word' id='word_1_230' title='bbox 726 2807 827 2869; x_wconf 83' lang='lat' dir='ltr'><strong>studio</strong></span> <span class='ocrx_word' id='word_1_231' title='bbox 850 2808 981 2888; x_wconf 86' lang='lat' dir='ltr'><strong>gratiam</strong></span> 
     </span>
     <span class='ocr_line' id='line_1_32' title="bbox 56 2889 980 2973; baseline 0 -22"><span class='ocrx_word' id='word_1_232' title='bbox 56 2891 170 2973; x_wconf 87' lang='lat' dir='ltr'><strong>accipi,</strong></span> <span class='ocrx_word' id='word_1_233' title='bbox 203 2890 372 2950; x_wconf 89' lang='lat' dir='ltr'><strong>sedetiam</strong></span> <span class='ocrx_word' id='word_1_234' title='bbox 405 2889 507 2950; x_wconf 89' lang='lat' dir='ltr'><strong>aliena</strong></span> <span class='ocrx_word' id='word_1_235' title='bbox 538 2891 638 2969; x_wconf 87' lang='lat' dir='ltr'><strong>gratia</strong></span> <span class='ocrx_word' id='word_1_236' title='bbox 660 2909 714 2951; x_wconf 88' lang='lat' dir='ltr'><strong>seu</strong></span> <span class='ocrx_word' id='word_1_237' title='bbox 737 2890 838 2952; x_wconf 89' lang='lat' dir='ltr'><strong>alieno</strong></span> <span class='ocrx_word' id='word_1_238' title='bbox 860 2891 980 2970; x_wconf 91' lang='lat' dir='ltr'><strong>merito,</strong></span> 
     </span>
     <span class='ocr_line' id='line_1_33' title="bbox 56 2971 978 3054; baseline 0.001 -22"><span class='ocrx_word' id='word_1_239' title='bbox 56 2991 169 3054; x_wconf 84' lang='lat' dir='ltr'><strong>nempe</strong></span> <span class='ocrx_word' id='word_1_240' title='bbox 191 2974 279 3033; x_wconf 90' lang='lat' dir='ltr'><strong>nnius</strong></span> <span class='ocrx_word' id='word_1_241' title='bbox 301 2972 514 3034; x_wconf 87' lang='lat' dir='ltr'><strong>hominislesu</strong></span> <span class='ocrx_word' id='word_1_242' title='bbox 529 2971 663 3036; x_wconf 57' lang='lat' dir='ltr'><strong>Christis</strong></span> <span class='ocrx_word' id='word_1_243' title='bbox 694 2975 755 3033; x_wconf 86' lang='lat' dir='ltr'><strong>Aut</strong></span> <span class='ocrx_word' id='word_1_244' title='bbox 765 2974 858 3053; x_wconf 90' lang='lat' dir='ltr'><strong>igitur</strong></span> <span class='ocrx_word' id='word_1_245' title='bbox 869 2973 978 3034; x_wconf 86' lang='lat' dir='ltr'><strong>laisum</strong></span> 
     </span>
     <span class='ocr_line' id='line_1_34' title="bbox 54 3052 979 3138; baseline 0 -21"><span class='ocrx_word' id='word_1_246' title='bbox 54 3052 112 3136; x_wconf 79' lang='lat' dir='ltr'><strong>est,</strong></span> <span class='ocrx_word' id='word_1_247' title='bbox 135 3074 193 3117; x_wconf 86' lang='lat' dir='ltr'><strong>nos</strong></span> <span class='ocrx_word' id='word_1_248' title='bbox 215 3056 343 3136; x_wconf 87' lang='lat' dir='ltr'><strong>gratiam</strong></span> <span class='ocrx_word' id='word_1_249' title='bbox 365 3062 502 3116; x_wconf 88' lang='lat' dir='ltr'><strong>nostram</strong></span> <span class='ocrx_word' id='word_1_250' title='bbox 514 3057 657 3136; x_wconf 88' lang='lat' dir='ltr'><strong>accipere</strong></span> <span class='ocrx_word' id='word_1_251' title='bbox 679 3075 735 3136; x_wconf 94' lang='lat' dir='ltr'><strong>pro</strong></span> <span class='ocrx_word' id='word_1_252' title='bbox 758 3057 860 3117; x_wconf 91' lang='lat' dir='ltr'><strong>aliena</strong></span> <span class='ocrx_word' id='word_1_253' title='bbox 872 3059 979 3138; x_wconf 86' lang='lat' dir='ltr'><strong>gratia,</strong></span> 
     </span>
     <span class='ocr_line' id='line_1_35' title="bbox 55 3130 979 3218; baseline 0.001 -19"><span class='ocrx_word' id='word_1_254' title='bbox 55 3145 109 3199; x_wconf 89' lang='lat' dir='ltr'><strong>aut</strong></span> <span class='ocrx_word' id='word_1_255' title='bbox 130 3138 258 3199; x_wconf 87' lang='lat' dir='ltr'><strong>liberum</strong></span> <span class='ocrx_word' id='word_1_256' title='bbox 281 3139 437 3200; x_wconf 90' lang='lat' dir='ltr'><strong>arbitrium</strong></span> <span class='ocrx_word' id='word_1_257' title='bbox 459 3138 534 3199; x_wconf 90' lang='lat' dir='ltr'><strong>nihil</strong></span> <span class='ocrx_word' id='word_1_258' title='bbox 556 3157 624 3200; x_wconf 88' lang='lat' dir='ltr'><strong>ease</strong></span> <span class='ocrx_word' id='word_1_259' title='bbox 637 3139 764 3199; x_wconf 86' lang='lat' dir='ltr'><strong>evidens</strong></span> <span class='ocrx_word' id='word_1_260' title='bbox 787 3130 979 3218; x_wconf 81' lang='lat' dir='ltr'><strong>est,⁰utrum·</strong></span> 
     </span>
     <span class='ocr_line' id='line_1_36' title="bbox 55 3215 981 3302; baseline -0.001 -19"><span class='ocrx_word' id='word_1_261' title='bbox 55 3236 116 3302; x_wconf 87' lang='lat' dir='ltr'><strong>que</strong></span> <span class='ocrx_word' id='word_1_262' title='bbox 139 3215 229 3283; x_wconf 63' lang='lat' dir='ltr'><strong>enim*</strong></span> <span class='ocrx_word' id='word_1_263' title='bbox 249 3221 339 3283; x_wconf 83' lang='lat' dir='ltr'><strong>simul</strong></span> <span class='ocrx_word' id='word_1_264' title='bbox 362 3223 530 3283; x_wconf 83' lang='lat' dir='ltr'><strong>consistere</strong></span> <span class='ocrx_word' id='word_1_265' title='bbox 552 3222 671 3301; x_wconf 86' lang='lat' dir='ltr'><strong>nequit,</strong></span> <span class='ocrx_word' id='word_1_266' title='bbox 706 3229 737 3281; x_wconf 91' lang='lat' dir='ltr'><strong>ut</strong></span> <span class='ocrx_word' id='word_1_267' title='bbox 767 3230 828 3283; x_wconf 86' lang='lat' dir='ltr'><strong>tam</strong></span> <span class='ocrx_word' id='word_1_268' title='bbox 851 3223 918 3283; x_wconf 84' lang='lat' dir='ltr'><strong>vilia</strong></span> <span class='ocrx_word' id='word_1_269' title='bbox 941 3224 981 3282; x_wconf 91' lang='lat' dir='ltr'><strong>sit</strong></span> 
     </span>
     <span class='ocr_line' id='line_1_37' title="bbox 55 3304 980 3386; baseline -0.001 -20"><span class='ocrx_word' id='word_1_270' title='bbox 55 3306 156 3386; x_wconf 87' lang='lat' dir='ltr'><strong>gratia</strong></span> <span class='ocrx_word' id='word_1_271' title='bbox 176 3305 249 3385; x_wconf 89' lang='lat' dir='ltr'><strong>Dei,</strong></span> <span class='ocrx_word' id='word_1_272' title='bbox 285 3309 318 3368; x_wconf 89' lang='lat' dir='ltr'><strong>ut</strong></span> <span class='ocrx_word' id='word_1_273' title='bbox 352 3304 446 3385; x_wconf 86' lang='lat' dir='ltr'><strong>vulgo</strong></span> <span class='ocrx_word' id='word_1_274' title='bbox 469 3311 500 3365; x_wconf 89' lang='lat' dir='ltr'><strong>et</strong></span> <span class='ocrx_word' id='word_1_275' title='bbox 528 3306 640 3384; x_wconf 88' lang='lat' dir='ltr'><strong>passim</strong></span> <span class='ocrx_word' id='word_1_276' title='bbox 665 3305 825 3367; x_wconf 88' lang='lat' dir='ltr'><strong>cuiuslibet</strong></span> <span class='ocrx_word' id='word_1_277' title='bbox 847 3305 980 3366; x_wconf 86' lang='lat' dir='ltr'><strong>hominis</strong></span> 
     </span>
     <span class='ocr_line' id='line_1_38' title="bbox 10 3387 979 3468; baseline 0 -20"><span class='ocrx_word' id='word_1_278' title='bbox 10 3424 15 3431; x_wconf 96' lang='lat'><em>-</em></span> <span class='ocrx_word' id='word_1_279' title='bbox 55 3387 167 3468; x_wconf 86' lang='lat' dir='ltr'><strong>pusillo</strong></span> <span class='ocrx_word' id='word_1_280' title='bbox 211 3395 325 3451; x_wconf 86' lang='lat' dir='ltr'><strong>conatu</strong></span> <span class='ocrx_word' id='word_1_281' title='bbox 368 3387 556 3468; x_wconf 89' lang='lat' dir='ltr'><strong>obtineatur,</strong></span> <span class='ocrx_word' id='word_1_282' title='bbox 593 3395 625 3448; x_wconf 91' lang='lat' dir='ltr'><strong>et</strong></span> <span class='ocrx_word' id='word_1_283' title='bbox 663 3407 766 3448; x_wconf 86' lang='lat' dir='ltr'><strong>rursus</strong></span> <span class='ocrx_word' id='word_1_284' title='bbox 803 3396 863 3449; x_wconf 90' lang='lat' dir='ltr'><strong>tam</strong></span> <span class='ocrx_word' id='word_1_285' title='bbox 898 3407 979 3465; x_wconf 90' lang='lat' dir='ltr'><strong>cara,</strong></span> 
     </span>
     <span class='ocr_line' id='line_1_39' title="bbox 56 3471 980 3552; baseline 0 -21"><span class='ocrx_word' id='word_1_286' title='bbox 56 3479 88 3531; x_wconf 92' lang='lat' dir='ltr'><strong>ut</strong></span> <span class='ocrx_word' id='word_1_287' title='bbox 109 3472 140 3531; x_wconf 90' lang='lat' dir='ltr'><strong>in</strong></span> <span class='ocrx_word' id='word_1_288' title='bbox 161 3477 194 3532; x_wconf 82' lang='lat' dir='ltr'><strong>at</strong></span> <span class='ocrx_word' id='word_1_289' title='bbox 213 3491 268 3552; x_wconf 91' lang='lat' dir='ltr'><strong>per</strong></span> <span class='ocrx_word' id='word_1_290' title='bbox 290 3472 451 3533; x_wconf 89' lang='lat' dir='ltr'><strong>uniustam</strong></span> <span class='ocrx_word' id='word_1_291' title='bbox 475 3473 578 3552; x_wconf 90' lang='lat' dir='ltr'><strong>magni</strong></span> <span class='ocrx_word' id='word_1_292' title='bbox 592 3471 724 3532; x_wconf 91' lang='lat' dir='ltr'><strong>hominis</strong></span> <span class='ocrx_word' id='word_1_293' title='bbox 747 3473 876 3552; x_wconf 92' lang='lat' dir='ltr'><strong>gratiam</strong></span> <span class='ocrx_word' id='word_1_294' title='bbox 890 3472 980 3532; x_wconf 87' lang='lat' dir='ltr'><strong>uobis</strong></span> 
     </span>
     <span class='ocr_line' id='line_1_40' title="bbox 56 3553 197 3618; baseline 0.021 -4"><span class='ocrx_word' id='word_1_295' title='bbox 56 3553 197 3618; x_wconf 88' lang='lat' dir='ltr'><strong>donetur.</strong></span> 
     </span>
    </p>

    <p class='ocr_par' dir='ltr' id='par_1_5' title="bbox 56 3636 980 3802">
     <span class='ocr_line' id='line_1_41' title="bbox 139 3636 980 3699; baseline -0.001 -1"><span class='ocrx_word' id='word_1_296' title='bbox 139 3636 236 3699; x_wconf 82' lang='lat' dir='ltr'><strong>Simul</strong></span> <span class='ocrx_word' id='word_1_297' title='bbox 257 3636 318 3698; x_wconf 88' lang='lat' dir='ltr'><strong>hoc</strong></span> <span class='ocrx_word' id='word_1_298' title='bbox 339 3637 409 3698; x_wconf 91' lang='lat' dir='ltr'><strong>loco</strong></span> <span class='ocrx_word' id='word_1_299' title='bbox 438 3637 612 3699; x_wconf 90' lang='lat' dir='ltr'><strong>admonitos</strong></span> <span class='ocrx_word' id='word_1_300' title='bbox 640 3636 732 3697; x_wconf 89' lang='lat' dir='ltr'><strong>velim</strong></span> <span class='ocrx_word' id='word_1_301' title='bbox 754 3636 839 3697; x_wconf 89' lang='lat' dir='ltr'><strong>liberi</strong></span> <span class='ocrx_word' id='word_1_302' title='bbox 865 3636 980 3698; x_wconf 86' lang='lat' dir='ltr'><strong>arbitrii</strong></span> 
     </span>
     <span class='ocr_line' id='line_1_42' title="bbox 56 3720 980 3802; baseline -0.001 -21"><span class='ocrx_word' id='word_1_303' title='bbox 56 3726 188 3800; x_wconf 84' lang='lat' dir='ltr'><strong>tutores,</strong></span> <span class='ocrx_word' id='word_1_304' title='bbox 218 3727 251 3782; x_wconf 84' lang='lat' dir='ltr'><strong>ut</strong></span> <span class='ocrx_word' id='word_1_305' title='bbox 274 3721 388 3801; x_wconf 88' lang='lat' dir='ltr'><strong>sciant,</strong></span> <span class='ocrx_word' id='word_1_306' title='bbox 421 3739 491 3782; x_wconf 86' lang='lat' dir='ltr'><strong>sese</strong></span> <span class='ocrx_word' id='word_1_307' title='bbox 525 3740 595 3782; x_wconf 84' lang='lat' dir='ltr'><strong>esse</strong></span> <span class='ocrx_word' id='word_1_308' title='bbox 628 3720 833 3801; x_wconf 89' lang='lat' dir='ltr'><strong>abnegatores</strong></span> <span class='ocrx_word' id='word_1_309' title='bbox 857 3721 980 3802; x_wconf 83' lang='lat' dir='ltr'><strong>Christi,</strong></span> 
     </span>
    </p>
   </div>
   <div class='ocr_carea' id='block_1_3' title="bbox 82 3801 814 3888">
    <p class='ocr_par' dir='ltr' id='par_1_6' title="bbox 82 3801 814 3888">
     <span class='ocr_line' id='line_1_43' title="bbox 82 3801 814 3888; baseline -0.008 -11"><span class='ocrx_word' id='word_1_310' title='bbox 82 3833 174 3883; x_wconf 75' lang='lat' dir='ltr'><strong>hutharl</strong></span> <span class='ocrx_word' id='word_1_311' title='bbox 188 3844 240 3887; x_wconf 82' lang='lat' dir='ltr'><strong>opp.</strong></span> <span class='ocrx_word' id='word_1_312' title='bbox 254 3833 282 3878; x_wconf 85' lang='lat' dir='ltr'><strong>V·</strong></span> <span class='ocrx_word' id='word_1_313' title='bbox 291 3834 319 3877; x_wconf 77' lang='grc' dir='ltr'><strong>Δ.</strong></span> <span class='ocrx_word' id='word_1_314' title='bbox 334 3835 364 3876; x_wconf 84' lang='lat' dir='ltr'><strong>ad</strong></span> <span class='ocrx_word' id='word_1_315' title='bbox 376 3834 419 3879; x_wconf 73' lang='grc' dir='ltr'><strong>τοί.</strong></span> <span class='ocrx_word' id='word_1_316' title='bbox 429 3834 480 3876; x_wconf 84' lang='lat' dir='ltr'><strong>hiat.</strong></span> <span class='ocrx_word' id='word_1_317' title='bbox 494 3835 510 3877; x_wconf 83' lang='lat' dir='ltr'><strong>t.</strong></span> <span class='ocrx_word' id='word_1_318' title='bbox 524 3845 547 3888; x_wconf 82' lang='lat' dir='ltr'><strong>p.</strong></span> <span class='ocrx_word' id='word_1_319' title='bbox 561 3832 670 3877; x_wconf 87' lang='lat' dir='ltr'>v01.v11.</span> <span class='ocrx_word' id='word_1_320' title='bbox 773 3801 814 3872; x_wconf 74' lang='lat'><strong>23</strong></span> 
     </span>
    </p>
   </div>
   <div class='ocr_carea' id='block_1_4' title="bbox 0 0 1181 4162">
    <p class='ocr_par' dir='ltr' id='par_1_7' title="bbox 0 0 1181 4162">
     <span class='ocr_line' id='line_1_44' title="bbox 0 0 1181 4162; baseline 0 0"><span class='ocrx_word' id='word_1_321' title='bbox 0 0 1181 4162; x_wconf 95' lang='lat' dir='ltr'><strong> </strong></span> 
     </span>
    </p>
   </div>
  </div>
 </body>
</html>
