2348 4162
209 225 276 296 270
451 228 495 289 Do
512 244 595 287 servo
613 228 731 289 arbitrio
749 231 785 287 D.
801 230 839 287 u.
857 231 889 290 L.

209 401 386 482 extolleris,
420 402 508 463 item:
531 399 631 461 Etiam
654 401 744 463 illisi
766 402 969 485 crediderint,
997 402 1134 469 iucem

210 492 258 546 tur
280 492 337 547 etc.
379 483 463 549 Nihil
491 484 571 545 enim
600 484 702 547 ibide
730 485 852 548 viribus·
866 487 1025 549 hominum
1051 485 1133 567 dicit,

210 568 265 629 sed
287 569 382 629 verbe
403 567 584 649 imperative
606 574 637 628 ct
659 569 856 631 coniunctim
873 569 1000 652 profert,
1022 567 1133 650 quibus

210 651 284 732 quid
308 651 473 728 efficietur,
503 669 597 731 eupre
618 652 692 711 setis
721 659 768 714 est
790 653 914 718 dietum.
962 654 1068 734 Atque
1088 653 1133 733 ip·

210 742 307 796 semet
319 733 436 798 Peulus
458 733 568 795 eodem
589 733 662 795 loeo
683 739 884 816 praeveniens
906 736 995 799 liberi
1017 736 1133 799 anicii

210 821 375 880 iectetores
398 838 460 879 non
484 816 567 896 dicit,
589 817 660 878 illos
682 838 776 899 poeee
797 820 931 898 eredere,
954 819 1009 881 ssd
1022 826 1133 902 potens

211 909 258 967 eet
292 900 423 984 (inquit)
457 899 541 963 Deus
574 900 643 961 illos
677 903 822 965 inserere.
865 903 1021 985 Breviter,
1054 902 1133 965 edec

209 984 329 1066 trepide
351 991 383 1046 et
411 989 590 1046 cunctanter
610 985 725 1047 incedit
746 985 873 1048 dietribe
901 987 931 1047 in
963 987 1032 1049 istis
1055 985 1133 1048 locis

210 1069 296 1131 Pouli
319 1068 486 1129 tremendis
493 1115 502 1148 ,
534 1074 567 1127 ιιι
589 1066 728 1129 videatur
749 1070 780 1130 in
803 1070 993 1131 conscientie
1016 1068 1132 1131 dissen-

210 1154 266 1221 tire
287 1153 351 1213 suis
373 1152 482 1215 verbis.
512 1150 588 1212 (lum
612 1152 691 1211 enim
716 1153 849 1214 mexime
868 1152 913 1214 illi
935 1152 1044 1214 luisset
1066 1172 1132 1234 per·

209 1234 343 1316 gendum
367 1243 398 1295 et
420 1233 629 1316 probandum,
650 1235 714 1296 fere
735 1255 857 1317 semper
878 1254 1056 1298 sermonem
1079 1234 1132 1297 ub-

210 1321 333 1400 rumpit,
355 1319 475 1379 dicens:
498 1316 559 1380 Sed
582 1317 621 1379 de
642 1319 688 1379 his
710 1320 802 1399 eutis,
828 1320 918 1381 item:
946 1318 1039 1381 Nune
1059 1317 1133 1379 illud

210 1421 273 1463 non
297 1404 465 1480 excutiem3
486 1401 576 1462 item:
597 1397 669 1463 Non
692 1408 739 1463 est
760 1403 848 1464 huius
869 1402 1016 1482 instituti5
1044 1403 1130 1465 item:

209 1485 257 1547 llli
280 1487 325 1546 sic
347 1485 494 1563 dicerent,
517 1490 548 1545 et
570 1484 665 1545 multe
686 1485 818 1566 similie,
840 1479 1049 1566 relinquitqu'e
1067 1503 1131 1547 rem

209 1569 240 1628 in
263 1569 376 1648 medio,
397 1576 431 1629 ιιι
453 1569 584 1646 nescies,
608 1587 646 1628 en
670 1567 772 1630 dicere
794 1588 851 1649 pro
875 1568 972 1631 libere
998 1567 1132 1648 arbitrio,

210 1651 260 1712 vel
283 1651 407 1713 eludere
430 1658 547 1712 tentum
578 1650 721 1714 inanibus
753 1652 855 1713 verbis
877 1651 1007 1713 Paulum
1036 1651 1131 1715 rideri

211 1735 359 1815 voluerit,
394 1735 486 1815 idque
507 1735 573 1795 iure
595 1740 626 1794 et
648 1754 733 1796 more
756 1752 830 1816 suo,
864 1741 897 1796 ιιι
931 1737 980 1796 cui
1002 1753 1068 1799 nou
1089 1740 1133 1795 est

211 1837 261 1881 res
282 1821 363 1880 serie
384 1820 414 1879 in
437 1819 496 1879 hec
517 1836 621 1881 oeuse.
651 1817 717 1879 Nos
739 1825 841 1881 eutem
865 1837 928 1880 non
950 1825 1076 1900 oportet
1093 1819 1132 1881 ite

211 1904 340 1984 frigere,
379 1921 472 1982 super
504 1902 613 1963 aristus
645 1902 805 1981 incedere,
841 1907 895 1963 eut
924 1903 1027 1963 ventis
1050 1901 1131 1985 uelut

210 1985 328 2048 arundo
351 1987 485 2065 moveri,
517 1983 571 2044 eod
596 1991 698 2064 certo,
730 1990 909 2047 constanter
936 1992 969 2047 et
991 1984 1130 2047 ardenter

210 2086 365 2145 asserere,
403 2076 465 2129 tum
487 2066 586 2128 solide
618 2074 648 2128 st
668 2068 776 2131 dextre
796 2087 835 2130 eo
856 2068 986 2149 copiose
1008 2068 1129 2131 demon·

160 2182 165 2193 ·
210 2159 307 2213 etrere
329 2150 411 2232 quod
435 2153 592 2213 docemus.

293 2235 358 2298 Iem
381 2254 454 2296 vero
464 2233 495 2316 ¹)
522 2254 613 2315 quem
629 2234 757 2314 pulchre
768 2231 940 2297 libertatem
956 2233 1049 2297 simul
1065 2253 1127 2296 oum

211 2321 395 2380 necessitate
417 2326 590 2399 conservet,
613 2319 737 2379 dicens:
759 2317 825 2379 Nec
847 2318 947 2378 omnis
963 2319 1127 2380 necessitus

212 2403 349 2465 excludit
376 2401 503 2464 liberem
536 2402 742 2481 voluntatem,
764 2399 1027 2480 quemadmodum
1049 2400 1128 2465 Deus

210 2487 301 2548 Peter
321 2486 419 2567 gignit
441 2486 615 2546 necessario
638 2484 756 2564 Filium,
779 2491 810 2546 et
832 2490 935 2546 tomen
958 2484 1071 2547 volens
1093 2501 1126 2546 eo

207 2571 306 2649 libere
327 2570 435 2650 gignit,
458 2570 613 2649 quianon
637 2575 773 2631 coactus.

295 2651 447 2732 Obsecro,
479 2672 518 2713 en
541 2653 730 2734 disputemus
752 2670 834 2712 nuno
855 2649 894 2713 de
917 2651 1127 2713 coactioneel

211 2735 262 2797 vi?
305 2737 416 2797 Nonne
449 2736 487 2796 de
521 2737 707 2798 necessitate
727 2734 982 2796 immutabilitatis
1010 2752 1069 2798 nos
1090 2732 1127 2795 lc

212 2820 274 2900 qni,
298 2827 343 2881 ιοι
365 2819 476 2880 libellis
499 2820 601 2880 testati
624 2818 750 2879 sumus?
780 2818 909 2897 Scimus,
932 2817 1017 2897 quod
1040 2816 1128 2882 Peter

211 2903 320 2964 volens
341 2904 454 2984 gignit,
492 2902 575 2982 quod
603 2902 691 2962 ludos
724 2901 860 2963 volendo
890 2900 1030 2982 prodidit
1052 2898 1126 2963 (iliri-

211 2993 303 3064 etum,
324 2986 378 3046 sed
400 2985 461 3046 hoo
482 2985 563 3046 velle
591 2987 622 3045 in
644 2986 713 3065 ipso
736 2983 811 3046 lude
833 2990 917 3047 certo
939 2990 972 3045 et
993 2981 1128 3046 infallibi-

210 3069 280 3130 liter
303 3070 433 3131 luturum
456 3069 550 3130 inisse
569 3067 709 3146 dicimus,
732 3069 758 3128 si
770 3066 855 3130 Deus
873 3068 1052 3149 praescivit.
1075 3066 1128 3129 Aut

212 3152 397 3228 sinendum
431 3152 643 3233 intelliguntur
664 3171 744 3231 quse
765 3152 851 3231 dico,
886 3150 980 3213 elium
1002 3148 1127 3212 necessi·

212 3243 305 3297 tatem
329 3237 495 3298 violentem
518 3235 556 3298 ed
581 3255 671 3317 opus,
693 3235 786 3298 eliam
810 3234 1028 3296 necessitatem
1050 3230 1128 3295 intet-

211 3319 327 3380 libilem
351 3320 391 3381 ed
413 3328 534 3401 tempus
555 3317 735 3398 referemus,
759 3320 797 3380 de
818 3317 993 3399 posteriore
1015 3336 1074 3379 nos
1090 3314 1126 3377 iu

96 3398 103 3411 ’
213 3405 264 3484 qui
285 3404 447 3485 intelliget,
470 3405 521 3483 qni
543 3421 600 3463 nos
617 3402 712 3485 audit,
734 3405 797 3464 non
814 3401 852 3463 de
869 3402 983 3483 priore,
1005 3401 1069 3463 hoe
1079 3400 1127 3473 est,

213 3505 276 3549 non
299 3486 507 3569 disputemus,
542 3506 581 3548 on
604 3486 693 3548 ludes
716 3487 830 3549 invitus
858 3491 914 3547 eut
934 3484 1047 3547 volens
1067 3498 1126 3565 pro·

287 3760 318 3825 1)
338 3757 369 3811 In
398 3754 443 3813 ed.
460 3753 518 3812 Ien.
536 3753 582 3810 hio
599 3752 718 3824 margini
737 3751 899 3823 inscriptum
918 3754 975 3809 ests
996 3750 1124 3809 Ειιιιιιιι
