2348 4162
193 238 256 307 612
439 236 482 295 Da
499 255 581 296 servo
600 238 714 296 arbitrio
733 241 767 296 D.
786 240 822 297 lt.
840 236 872 298 L.

191 411 469 473 eruditissimorum
498 412 652 486 virorum,
686 415 732 471 tot
760 409 936 471 seculorum
966 428 1123 473 consensu

196 493 448 578 approbatorum,
469 497 548 555 inter
570 513 648 574 quos
669 493 790 554 fuerunt
818 495 995 574 peritissimi
1021 512 1123 555 sacra-

156 617 158 623 ·
195 598 262 639 rum
274 579 440 657 literarum,
464 580 537 640 item
548 579 732 639 sanctissimi
746 577 839 657 aliqui
861 586 1022 658 martyres,
1035 579 1124 638 multi

100 676 105 687 ·
197 661 350 722 miraculis
373 661 457 742 clari,
479 661 558 725 adde
570 662 757 722 recentiores
779 661 955 742 theologos,
978 668 1025 722 tot
1053 680 1124 722 aca-

197 744 339 823 demias,
362 746 511 826 concilia,
536 746 709 825 episcopos,
732 742 906 824 pontifices,
928 762 1059 825 summa,
1081 763 1125 805 ex

196 830 255 890 lrac
277 836 365 909 parte
387 837 447 890 stat
469 828 610 910 eruditio,
631 828 805 908 ingenium,
835 828 1015 909 multitudo,
1037 846 1124 908 mag·

197 914 315 990 uitudc,
337 910 479 989 altitudo,
498 910 655 992 fortitudo,
667 913 889 990 sanctimonia,
911 911 1067 992 miracula,
1093 916 1125 971 et

199 995 272 1075 quid
293 995 378 1055 non?
400 995 450 1054 Ex
464 1014 533 1055 mea
555 1013 628 1055 vero
641 1000 729 1076 parte
750 1012 828 1053 unus
842 991 987 1074 Vuicleffi-
1003 1003 1036 1055 et
1045 995 1126 1055 alter

197 1078 376 1139 Laurentius
405 1079 495 1138 Valla
516 1080 708 1156 (quanquam
747 1087 777 1138 et
799 1079 1009 1158 Augustinus,
1031 1095 1124 1157 qnam

197 1161 363 1242 praeteris,
385 1179 471 1221 meus
494 1167 575 1222 totus
599 1170 677 1236 est),
711 1159 766 1221 sed
797 1161 841 1220 illi
868 1161 945 1221 nihil
976 1159 1124 1242 ponderis

197 1245 312 1306 habent
332 1263 407 1324 prae
428 1245 504 1323 illis3
526 1245 660 1323 reliquus
684 1249 730 1304 est
755 1243 904 1305 Lutherus
933 1263 1034 1327 nnus,
1065 1245 1125 1326 pri·

199 1334 298 1405 vatus,
320 1347 417 1408 nuper
438 1331 538 1408 natus,
561 1347 630 1388 cum
653 1329 715 1386 suis
737 1329 860 1409 amicis,
883 1329 915 1387 iu
938 1326 1047 1407 quibus
1069 1345 1125 1389 ne·

199 1430 258 1491 que
280 1417 366 1472 tanta
388 1408 527 1491 eruditi0,
550 1431 609 1472 neo
631 1416 748 1471 tantum
770 1412 943 1494 ingenium,
965 1429 1025 1472 uec
1048 1410 1126 1471 mul·
1162 1424 1165 1430 '

192 1494 306 1574 titudo,
329 1513 387 1554 nec
410 1495 598 1574 magnitudo,
620 1513 679 1554 uec
701 1497 927 1574 sanctimonia,
955 1512 1015 1555 uso
1035 1495 1125 1555 mira·

146 1632 154 1645 ,
199 1577 276 1658 cula,
294 1583 328 1638 ut
340 1579 391 1658 qui
404 1597 442 1637 ne
457 1576 600 1638 claudum
616 1576 737 1657 quidam
753 1596 865 1661 equum
880 1596 990 1639 sanare
1001 1586 1128 1658 queant,

199 1657 387 1741 Scripturam
412 1668 589 1740 ostentant,
612 1679 704 1740 quam
727 1668 831 1723 tamon
855 1660 977 1722 dubiam
999 1661 1126 1739 habent,

200 1764 297 1825 aeque
319 1754 351 1804 ut
372 1745 470 1805 altera
483 1758 573 1824 pars,
592 1745 706 1805 deinde
722 1745 860 1824 spiritum
884 1747 1009 1823 iactant,
1031 1762 1125 1824 quern

200 1846 350 1907 nusquam
373 1828 548 1910 ostendunt,
572 1834 602 1888 et
624 1829 684 1888 alia
692 1876 701 1909 ,
724 1846 804 1907 quae
826 1836 858 1888 tu
879 1828 1011 1908 plurima
1030 1827 1126 1889 fando

200 1930 379 1971 enumerare
401 1910 495 1976 vales.
554 1911 636 1971 Nihil
658 1914 750 1991 igitur
772 1911 853 1991 apud
875 1928 956 1990 uos,
978 1930 1073 1991 quarn
1094 1919 1128 1971 ut

200 1995 288 2074 lupus
312 1996 351 2053 ad
364 1994 541 2054 devoratam
553 1994 753 2075 philomelam
775 1994 868 2055 dixit:
889 1994 960 2055 Vox
972 2013 1016 2073 ea,
1037 2012 1126 2076 prae·

200 2076 401 2156 tereanihi13
424 2076 652 2159 dicuntenim,
685 2087 716 2138 et
748 2077 810 2139 hoc
849 2078 918 2139 solo
952 2074 1033 2161 (ais)
1066 2077 1124 2139 sibi

201 2162 284 2221 credi
306 2161 422 2222 volunt.

282 2243 404 2326 Fateor,
417 2246 467 2311 ¹mi
489 2243 633 2323 Erasme,
655 2262 718 2305 non
739 2245 891 2305 immerito
920 2250 950 2303 te
972 2244 1040 2305 istis
1063 2262 1127 2305 orn·

200 2327 289 2388 nibus
313 2329 446 2410 moveri,
469 2346 529 2407 ego
552 2328 629 2387 ultra
652 2327 832 2389 decennium
866 2327 932 2388 istis
956 2329 1001 2387 sic
1025 2334 1125 2389 motus

200 2430 289 2491 sum,
316 2422 349 2472 ut
369 2411 484 2471 nullum
508 2411 600 2473 alium
623 2411 750 2473 arbitrer
772 2429 866 2490 esse,
894 2412 945 2490 qui
969 2428 1069 2491 aeque
1088 2411 1127 2470 sit

199 2496 265 2555 istis
287 2503 464 2575 permotus,
498 2502 624 2575 eratque
647 2495 719 2555 mihi
740 2494 919 2555 incredibile
939 2495 1016 2574 ipsi,
1047 2495 1127 2555 hanc

200 2579 324 2639 Troiam
346 2585 482 2639 nostram
504 2583 590 2638 tanto
614 2586 768 2659 tempore,
803 2585 849 2639 tot
870 2577 958 2638 bellis
980 2579 1126 2639 invictam

200 2680 295 2743 posse
317 2662 482 2743 aliquando
507 2664 585 2742 capi.
633 2661 673 2723 Et
696 2670 792 2723 testor
815 2662 915 2724 Deum
937 2663 968 2721 in
991 2662 1125 2722 animam

202 2766 324 2824 meam,
353 2764 627 2826 perseverassem,
659 2745 760 2806 adhuc
787 2744 881 2805 hodie
908 2746 954 2805 sic
975 2763 1126 2824 moverer,
1164 2742 1168 2749 “

202 2830 260 2888 nisi
282 2836 410 2908 urgente
432 2831 621 2889 conscientia
653 2836 684 2889 et
716 2828 870 2890 evidentia
902 2844 1078 2889 rerumrne
1097 2830 1126 2887 in

202 2910 356 2971 diversum
379 2920 514 2992 cogeret.
563 2911 658 2973 Potes
680 2932 755 2973 sane
778 2914 937 2992 cogitare,
968 2930 1029 2973 nec
1053 2911 1124 2972 mihi

202 3013 331 3056 saxeum
354 3014 423 3056 esse
444 3004 562 3075 pectus,
585 3004 677 3075 atque
699 2998 725 3056 si
747 3015 876 3056 saxeum
899 3003 998 3074 esset,
1025 3004 1126 3057 lamen

203 3079 294 3139 tantis
316 3077 457 3140 fluctibus
481 3087 511 3139 et
532 3079 666 3140 aestibus
688 3079 837 3140 luctatum
858 3086 890 3140 et
911 3079 1056 3140 collisum
1073 3096 1126 3160 po·

203 3164 298 3223 tuisse
319 3162 499 3242 liquescere,
523 3163 593 3223 dum
616 3163 646 3222 id
670 3163 832 3245 auderem,
855 3180 917 3243 quo
940 3162 1024 3224 lacto
1048 3161 1127 3223 vide

203 3245 273 3305 bam
297 3263 419 3307 omnem
441 3246 564 3306 illorum
586 3248 799 3328 autoritatem,
830 3265 908 3326 quos
938 3246 1128 3323 recensuisti,

204 3349 296 3409 super
317 3339 409 3410 caput
423 3349 523 3390 meum
544 3332 626 3392 velut
648 3329 1034 3392 diluviuminundatnram.
1068 3329 1127 3391 Sed

203 3431 266 3472 non
289 3420 336 3473 est
357 3432 439 3472 nunc
462 3413 568 3494 locus,
593 3433 682 3475 meae
705 3416 785 3475 vitae
808 3422 860 3475 aut
882 3432 1011 3494 operum
1034 3414 1127 3474 histo·

203 3497 279 3556 riam
302 3503 426 3577 texere,
458 3516 540 3577 neo,
574 3506 606 3558 ut
627 3517 683 3559 nos
706 3499 790 3578 ipsos
830 3497 1126 3578 commendaremus,

203 3579 281 3639 haec
307 3587 450 3660 suscepta
477 3588 567 3664 aunt,
590 3582 644 3642 sed
666 3589 700 3643 ut
727 3584 856 3663 gratiam
880 3582 938 3642 Dei
966 3581 1126 3643 extollere·

204 3682 281 3723 mus.
325 3663 400 3740 Quis
422 3667 494 3747 sim,
517 3673 549 3727 et
570 3685 630 3746 quo
653 3668 761 3746 spiritu
783 3674 813 3728 et
835 3668 965 3730 consilio
995 3669 1028 3729 in
1055 3670 1126 3728 istas

97 3755 100 3763 '
203 3767 252 3807 res
274 3755 379 3827 raptus
402 3749 468 3819 aim,
490 3750 533 3809 illi
554 3753 748 3832 commendo,
771 3757 821 3832 qui
842 3757 901 3816 scit
921 3755 1005 3817 haec
1026 3753 1126 3817 omnic
