2348 4162
131 252 173 320 54
443 246 584 305 Adramus
602 248 744 307 armatum.

131 419 257 482 Paulum
293 419 419 480 nescire.
473 417 567 480 Serta
599 415 791 478 circumcisio
826 414 969 478 Abrahae
1000 415 1056 478 luit

132 504 280 585 optimum
304 521 382 584 opus
411 502 495 563 omni
525 497 578 580 (ut
598 498 680 580 dixi)
704 498 878 562 obedientia
902 506 1055 581 ornatum,

131 595 225 666 atque
255 585 334 648 adeo
366 587 427 647 iam
454 584 610 647 iustificati
631 583 789 661 Abrahae,
811 590 927 645 utnon
948 590 1058 666 posset

132 682 196 732 non·
218 688 337 731 summe
374 669 497 751 placare
529 669 613 752 Deo,
648 687 704 729 ceu
738 665 944 748 quodcunque
966 687 1056 748 opus,

131 753 213 833 quod
247 753 291 814 illi
325 753 440 816 bonum
470 750 605 812 audeant
636 750 772 832 delinire,
797 757 827 812 et
855 757 958 812 tumen
985 751 1057 814 huic

132 837 245 899 Paulus
268 836 375 898 adimit
395 834 652 898 iustificationem.

214 919 304 996 Quod
327 927 428 982 autem
441 919 549 979 Patrue
564 916 600 1000 ⁸)
625 917 787 1003 dicit,yuos
804 936 859 998 per
869 917 1054 1000 baptismum

131 1003 253 1079 salvari,
277 1004 344 1083 quis
367 1021 427 1063 non
450 1002 548 1075 videt,
576 1002 648 1061 hinc
669 1001 744 1062 nihil
766 1007 873 1062 contra
896 1022 946 1064 me
969 1005 1054 1085 strui,

131 1087 218 1166 quasi
240 1086 312 1147 hino
332 1086 443 1148 falsum
466 1087 521 1162 sit,
556 1084 623 1146 sola
649 1083 712 1145 flde
742 1083 926 1147 iusuficarit
964 1086 1056 1151 cerae

131 1171 299 1252 baptismus
322 1171 389 1230 sine
410 1168 471 1229 fide
491 1187 552 1229 non
575 1167 735 1245 iustificat,
764 1167 840 1228 fides
864 1175 966 1231 autem
988 1172 1055 1232 eine

131 1251 284 1334 baptismo
305 1251 466 1328 iustificat,
494 1251 565 1312 ideo
589 1269 651 1312 non
672 1258 776 1331 potest
795 1252 858 1329 ulla
878 1272 950 1332 pass
971 1255 1055 1315 iusti·

130 1335 283 1398 ficationis
305 1336 395 1398 tribui
424 1335 594 1415 baptism03
627 1335 743 1415 alioqui
773 1336 797 1394 si
821 1336 883 1396 ulla
904 1344 992 1417 parte
1011 1339 1055 1399 iu·

130 1419 286 1495 stificaret,
307 1439 370 1482 non
393 1420 501 1481 liceret
532 1436 646 1498 negare
684 1417 870 1498 baptismum
905 1421 975 1482 sinc
994 1419 1056 1483 lide

129 1502 303 1565 iustificare.
346 1503 422 1564 Cum
447 1509 549 1564 autem
564 1502 593 1562 ei
606 1500 784 1580 denegetur,
806 1503 863 1564 soli
887 1503 958 1564 fidei
971 1511 1055 1566 recte

128 1586 316 1667 relinquitur.
360 1586 433 1647 Vult
460 1604 536 1666 ergo
559 1584 665 1645 Petrus
695 1603 749 1665 per
784 1583 967 1666 baptismum
996 1607 1055 1650 ceu

129 1671 249 1750 siguum
272 1676 431 1731 externum
453 1668 545 1729 fldem
567 1667 730 1749 provocari
753 1674 785 1728 ct
805 1671 953 1750 exerceri,
974 1689 1056 1752 quas

130 1752 244 1828 salvet,
280 1754 359 1814 sicut
380 1770 438 1814 neo
460 1751 584 1813 verbum
607 1753 723 1832 ipsum,
746 1751 829 1832 quod
852 1753 946 1834 longe
969 1774 1056 1836 prae·

131 1835 213 1897 valet
234 1837 324 1916 signo
346 1835 467 1913 visibili,
491 1835 606 1895 nullum
629 1843 732 1896 tamen
755 1854 809 1915 per
830 1836 1056 1899 eeseiustidcat

129 1920 186 1979 uisi
209 1919 392 1982 credentem.
437 1917 488 1979 Sic
508 1917 648 1998 Epistola
678 1917 869 1980 Ehraeorum
886 1917 942 2004 **)
966 1920 1055 1983 dicit:

130 2001 212 2062 Nihil
233 2002 347 2083 proluit
373 2002 417 2062 eis
447 2019 548 2061 sermo
571 2000 692 2062 auditus
722 2019 783 2062 uon
807 2002 961 2066 admixtus
982 2003 1056 2066 ildei

130 2085 160 2145 in
183 2085 230 2146 his
253 2102 332 2164 quae
355 2083 544 2146 dicebantur.

212 2167 303 2244 Quod
335 2169 360 2228 si
392 2168 443 2250 qui
473 2173 544 2227 sunt
564 2186 603 2228 ex
625 2166 780 2245 Patribus,
810 2170 859 2248 qui
882 2177 1055 2250 senserunt,

130 2249 361 2313 Sacramentum
383 2269 439 2311 sua
460 2251 572 2312 virtute
594 2249 769 2328 iustificare,
792 2259 859 2314 esto
883 2253 974 2314 etiam
989 2253 1055 2315 Au·

129 2335 284 2414 guntinus,
316 2340 349 2395 ut
370 2333 503 2396 Occleus
526 2332 700 2410 contendit,
723 2333 796 2395 nihil
820 2355 934 2415 moror,
955 2337 1055 2399 homi-

128 2436 200 2477 uum
234 2423 306 2478 suut
333 2416 430 2497 dicta,
466 2415 524 2476 sibi
558 2416 632 2496 ipsis
655 2418 778 2497 saepius
800 2421 1002 2500 pugnantium
1025 2428 1057 2482 et

128 2500 277 2644 lesraque
299 2500 433 2561 humano
456 2519 549 2561 sensu
570 2504 658 2559 extra
673 2498 845 2580 Scripturas
867 2502 1054 2566 docentium.

160 2602 196 2644 os
227 2585 427 2645 certissimam
450 2582 637 2663 Scripturam
672 2583 843 2662 sequimur,
878 2590 965 2665 quee'
986 2588 1055 2648 sine

126 2665 188 2728 fide
209 2686 268 2728 nec
290 2666 416 2728 verbum
450 2684 509 2727 uec
536 2665 657 2745 signum
679 2664 828 2745 prodesse
850 2668 933 2729 dicit.
973 2669 1054 2731 Nam

128 2749 203 2828 lroc,
236 2749 318 2828 quod
339 2749 473 2810 maxime
495 2749 590 2807 iactat
612 2747 759 2823 Occleue,
791 2752 953 2830 parvulos,
983 2770 1053 2814 aum

15 2886 18 2891 .
126 2833 187 2892 sint
209 2833 275 2892 sine
296 2831 368 2909 fids,
413 2850 445 2890 er
465 2829 651 2909 baptismum
673 2831 841 2912 iustificari,
862 2834 982 2896 fortiter
1003 2855 1054 2896 ne·

128 2933 247 2993 gamus.
291 2911 351 2976 Sed
381 2850 509 2973 ddcimm
532 2929 600 2972 cum
625 2913 811 2994 Augustino:
854 2918 924 2978 Non
946 2917 1053 3001 Sacra·

127 3003 273 3077 mentum,
296 2995 350 3056 scd
373 2995 449 3056 fides
462 2995 653 3056 Sacrameuti
673 2998 827 3061 iustificat.
861 2999 901 3060 Et
923 3001 1057 3063 iterum:

125 3077 284 3160 laetificat,
304 3098 366 3140 non
390 3079 462 3157 quia
483 3077 534 3156 fit,
556 3077 610 3139 sed
634 3081 704 3157 quia
726 3081 869 3144 creditur.
913 3083 1054 3160 Quodsi

126 3162 315 3242 Augustinus
348 3161 422 3223 alibi
455 3161 640 3222 contrarium
663 3162 753 3242 dicit,
788 3166 944 3243 sequimur
970 3186 1052 3246 eum,

123 3246 175 3306 ubi
198 3263 265 3306 cum
289 3244 445 3325 Scriptura
466 3245 568 3324 sent-it,
597 3249 628 3304 et
649 3245 864 3326 relinquimus,
902 3248 953 3311 ubi
976 3251 1072 3313 citra*

124 3329 174 3389 vel
197 3335 305 3390 contra
329 3327 516 3407 Scripturam
538 3326 681 3406 loquitur.
723 3331 848 3391 Frustra
869 3331 972 3410 igitur·
983 3352 1051 3394 cor-

122 3412 197 3472 rasit
218 3418 263 3473 tot
278 3411 400 3472 Patrum
424 3410 505 3471 dicta
527 3411 613 3488 quasi
643 3429 700 3471 nos
722 3413 752 3472 in
774 3412 932 3474 hominum
957 3415 1051 3477 verba

123 3501 300 3573 coacturus,
329 3513 398 3555 cum
422 3493 512 3554 toties
535 3494 638 3552 testati
661 3496 765 3570 aimus,
788 3515 846 3557 nos
866 3498 896 3556 in
921 3517 955 3557 re
977 3517 1050 3560 con·

123 3579 317 3639 scientiarum
340 3576 451 3638 nullius
474 3575 623 3651 hominis,
646 3576 699 3637 ssd
722 3578 818 3640 solius
841 3579 898 3641 Dei
920 3581 1048 3644 verbum

197 3761 382 3835 ·)1Pstr.-3.
413 3762 463 3833 ⁸³²)
482 3759 583 3823 Ebrac.
603 3763 627 3819 3.
706 3754 711 3761 '
