2348 4162
123 266 128 273 ·
174 240 238 317 232
419 245 461 299 De
479 259 560 299 servo
578 243 694 298 arbitrio
714 243 747 297 Ι).
768 244 802 298 bl.
820 242 852 298 L.

176 435 235 495 que
268 421 367 477 totum
401 417 495 496 gratis
531 416 659 495 solaque
691 415 901 478 misericordia
920 416 977 477 Dei
999 414 1100 477 Patris

175 498 264 560 nobis
292 498 425 579 indignis
460 506 491 559 et
514 499 741 560 damnationem
776 499 961 560 merentibus
994 500 1099 580 potius

176 602 267 661 quam
304 582 418 660 aliquid
457 582 539 643 aliud
578 582 710 647 favente.
752 581 871 643 Deinde
909 582 1100 644 exhortatio·

176 684 231 725 nes
266 676 447 745 sequuntur,
490 685 569 745 quae
603 667 664 725 iam
696 664 877 726 iustificatos
913 672 945 726 el
979 665 1101 727 miseri-

177 748 313 809 cordiam
349 758 532 810 consecutos
565 751 717 823 excitent,
749 756 782 809 ut
820 750 937 809 strenui
969 749 1032 809 aiot
1069 749 1102 807 in

176 832 322 892 fructibus
358 829 492 893 donatae
527 833 660 892 iustitiae
682 840 713 892 et
749 832 888 913 spiritus,
927 832 1098 893 caritatem·

177 933 236 995 que
274 921 440 976 exerceant
472 915 561 976 bonis
597 914 755 995 operibus,
790 916 968 994 fortiterque
1000 914 1103 975 lerant

177 1016 298 1058 crucem
321 1003 352 1058 et
374 1015 482 1060 omnes
504 999 580 1059 alias
615 997 825 1058 tribulationes
861 996 974 1061 mundi.
1010 996 1102 1058 Haec

176 1087 223 1142 est
245 1100 364 1141 summa
386 1083 479 1140 totius
501 1082 574 1141 novi
596 1081 794 1144 Testamenti.
819 1080 865 1140 De
886 1099 990 1161 qnare
1007 1098 1101 1159 quam

176 1163 250 1223 nihil
272 1164 423 1243 intelligat
445 1163 584 1235 diatriba,
607 1166 681 1224 satis
703 1164 848 1242 declarat,
871 1163 953 1243 quod
966 1163 1041 1223 nihil
1054 1163 1103 1222 in·

176 1251 222 1308 ter
244 1254 332 1306 vetus
355 1253 386 1307 et
417 1266 529 1307 novum
552 1247 780 1308 Testamentum
805 1245 980 1308 discernere
1003 1246 1103 1324 novit,

176 1328 338 1408 utrobique
372 1331 451 1390 enim
486 1330 559 1390 nihil
592 1330 655 1391 iere
686 1332 744 1390 nisi
776 1329 861 1411 leges
883 1335 914 1391 et
933 1335 1104 1410 praecepta

176 1410 275 1491 videt,
309 1413 417 1491 quibus
451 1413 621 1473 formentur
642 1413 782 1476 homines
803 1412 842 1473 ad
865 1413 963 1474 bonos
986 1430 1103 1473 morea.

105 1514 115 1519 ··
177 1494 257 1570 Quid
279 1515 353 1557 vero
385 1497 425 1556 sit
458 1498 665 1575 renascentia,
697 1497 874 1575 innovatio,
906 1497 1103 1576 regeneratio

176 1586 207 1637 et
229 1583 326 1639 totum
350 1579 507 1658 negotium
531 1581 669 1659 spiritus,
700 1598 825 1660 prorsus
849 1578 921 1638 nihil
943 1577 1046 1657 videt,
1070 1585 1105 1639 ut

176 1660 249 1721 mibi
273 1666 380 1741 stupor
402 1668 433 1722 et
455 1662 632 1722 miraculum
655 1663 711 1740 sit,
744 1661 823 1723 adeo
856 1661 930 1722 nibil
968 1661 1050 1722 scire
1071 1662 1104 1720 in

176 1745 271 1804 sacris
292 1744 387 1804 literis
410 1744 581 1822 hominem,
603 1747 654 1824 qui
676 1750 761 1807 tauto
784 1750 925 1825 tempore
946 1751 977 1803 et
997 1742 1103 1805 studio

174 1826 204 1886 in
225 1825 285 1886 illis
307 1826 502 1890 laboraverit.

259 1908 334 1969 lllud
368 1910 475 1990 igitur:
508 1909 649 1971 Gaudete
684 1917 715 1971 et
743 1908 912 1988 exsultate,
952 1908 1103 1989 quoniam

176 2011 294 2052 meroes
322 2000 424 2053 vestra
456 1993 551 2053 multa
573 1995 671 2053 estin
694 1993 806 2073 coelis,
840 1998 902 2053 tam
925 1994 1005 2053 bene
1028 2010 1105 2073 qua-

176 2074 244 2136 drat
265 2075 362 2135 libero
385 2075 525 2154 arbitrio,
558 2095 648 2155 quam
681 2075 761 2137 bene
783 2076 928 2137 convenit
947 2075 1009 2135 luci
1032 2092 1105 2137 cum

175 2156 320 2222 tenebris.
355 2158 543 2220 Exhortatur
564 2160 644 2219 enim
667 2159 803 2220 Christus
824 2159 866 2217 ibi
888 2177 949 2219 non
972 2157 1105 2220 liberum

176 2238 343 2320 arbitrium,
367 2241 421 2302 sed
445 2242 615 2322 apostolos,
640 2244 774 2320 quinon
799 2241 891 2302 modo
914 2260 1007 2320 supra
1030 2240 1106 2302 libs·

174 2343 241 2383 rum
264 2324 420 2384 arbitrium
443 2326 472 2384 in
496 2326 594 2404 gratio
617 2331 705 2385 erant
726 2333 756 2385 et
777 2324 857 2406 iusti,
880 2324 934 2384 sed
957 2325 1055 2384 etiam
1071 2321 1103 2386 in

177 2406 347 2468 ministerio
370 2406 466 2484 verbi,
488 2407 549 2468 hoc
571 2415 630 2486 est,
653 2426 773 2470 summo
796 2407 866 2468 loco
890 2407 1007 2489 gratiae
1032 2425 1108 2468 oon-

176 2490 283 2567 stitnti,
305 2498 337 2549 ut
359 2490 471 2551 ferrent
493 2490 703 2551 tribulationes
727 2489 841 2551 mundi.
863 2490 905 2550 At
925 2509 984 2550 nos
1000 2488 1105 2571 dispu-

174 2577 274 2633 tamus
298 2572 336 2633 de
369 2573 464 2634 libero
503 2572 626 2634 arbitrio
666 2575 731 2634 sine
765 2574 864 2653 gratia
897 2573 1106 2653 potissimum,

175 2655 257 2735 quod
281 2654 399 2735 legibus
422 2663 452 2716 et
476 2658 564 2716 minis
586 2676 640 2717 seu
662 2658 757 2717 veteri
779 2655 977 2716 Testamento
1000 2655 1106 2716 erudi-

173 2744 223 2798 tur
244 2737 282 2799 ad
305 2741 512 2817 cognitionem
535 2741 596 2818 sui,
626 2748 658 2798 ut
693 2739 731 2799 ad
765 2740 985 2820 promissiones
1019 2737 1107 2800 obla·

174 2826 221 2881 tas
243 2839 326 2882 novo
349 2822 548 2883 Testamento
572 2828 673 2882 currat
691 2819 735 2904 ¹).

258 2902 397 2963 Meritum
421 2925 495 2965 vero
518 2924 572 2965 seu
606 2924 724 2965 merces
746 2906 925 2985 proposita,
959 2902 1108 2982 quidest

175 2985 256 3046 aliud
279 2987 337 3046 nisi
358 2990 521 3067 promissio
545 2987 719 3067 quaedam?
742 2986 801 3048 Sed
825 3007 863 3049 ea
878 2984 1108 3068 nonprobatur

177 3067 292 3147 aliquid
314 3088 371 3129 nos
394 3090 504 3150 posse,
541 3090 609 3131 oum
632 3070 706 3130 nihil
736 3090 774 3131 ea
795 3068 984 3152 significetur
1005 3068 1106 3151 aliud,

175 3170 265 3230 quam
288 3153 314 3212 si
337 3154 403 3230 quis
426 3154 486 3216 hoc
521 3153 569 3214 vel
598 3154 659 3214 boc
680 3154 802 3230 fecerit,
839 3161 903 3215 tum
927 3151 1106 3213 mercedem

173 3234 331 3295 habiturus
353 3237 417 3299 sits
442 3237 589 3313 Quaestio
620 3256 693 3297 vero
717 3245 823 3298 nostra
856 3243 921 3312 est,
951 3254 1015 3296 non
1040 3254 1106 3317 quo

174 3317 267 3379 modo
290 3318 338 3379 vel
361 3337 440 3398 quae
464 3339 581 3381 merces
603 3319 762 3398 reddatur,
795 3319 850 3380 sed
874 3339 911 3380 an
934 3318 1009 3379 talia
1032 3338 1107 3400 poe·

174 3402 267 3461 simus
290 3402 400 3479 lacere,
424 3403 533 3482 quibus
554 3421 672 3462 merces
693 3402 838 3466 redditur.
860 3401 1024 3463 Hocenim
1037 3410 1108 3465 erat

173 3483 377 3564 probandum.
400 3484 511 3546 Nonne
532 3485 660 3546 ridicula
674 3492 721 3546 est
737 3485 974 3565 consequentia:
997 3484 1106 3547 Omni-

174 3565 230 3627 bus
252 3568 282 3626 iu
305 3567 404 3628 stadio
419 3567 454 3645 l)
480 3570 662 3650 proponitur
683 3567 845 3645 brabeum,
878 3586 953 3649 ergo
992 3587 1107 3630 omnes

246 3754 278 3816 lt
298 3754 329 3807 In
348 3753 392 3808 od.
410 3755 483 3809 lem:
502 3759 637 3809 occumat.
676 3755 707 3825 ⁸)
728 3759 753 3811 1.
774 3754 836 3810 Cor.
856 3757 881 3812 9.
