2348 4162
513 276 552 340 Α.
571 218 651 343 nti.
983 275 1044 346 uti

121 453 253 536 Reliqua
273 460 304 514 tu
327 454 394 532 ipse
416 454 501 535 lege,
523 455 637 532 lentur,
659 452 735 513 dure
757 455 839 512 uerte
860 450 901 512 de
923 448 1046 512 Ruffiuo

123 548 155 600 et
176 536 309 598 Eusebio
332 537 536 617 Gesseriensi‚
557 540 583 599 si
605 553 679 597 vere
702 541 750 595 est
770 536 915 597 neuntio.

207 621 261 681 His
286 619 386 680 verbis
409 620 536 682 videtur.
552 619 583 683 fl.
605 619 812 699 Hieronymus
834 617 916 677 hune
937 615 1046 677 librum

126 705 288 764 nominare
321 708 354 763 et
381 703 472 784 plene
506 703 589 764 velut
631 701 727 782 digito
763 707 944 761 monstrare.
987 699 1046 775 Qui

124 789 151 846 ei
172 795 311 866 tempore
331 785 383 847 ilio
415 789 460 847 sie
478 787 535 846 tuit
555 793 716 865 eomuptus
745 789 776 844 et
797 783 943 845 confusus
961 781 1046 861 tinen·

125 867 198 949 quid
221 876 252 929 et
273 877 420 948 quantum
433 877 532 950 ‘putes
555 879 626 950 post
645 867 699 927 iile
720 873 861 947 tempore
882 867 1050 926 secesserit

125 951 295 1017 iebuierum
316 961 348 1011 et
370 951 623 1013 mendesiorum?
646 949 749 1030 quetis
769 949 907 1010 illesuut
929 949 968 1009 de
984 948 1048 1008 Me·

126 1037 204 1112 rino,
227 1034 443 1116 Euphrosyne,
466 1035 591 1096 Simone
613 1031 894 1115 supercommune,
917 1039 948 1092 et
969 1031 1050 1092 simi·

127 1118 167 1177 iis
189 1117 302 1192 multe,
324 1136 404 1197 quine
427 1120 535 1198 purtim
558 1119 683 1198 poetice
704 1122 796 1192 suut,
830 1115 939 1194 quibus
962 1115 1052 1175 veni·

128 1201 212 1279 loqui
245 1200 386 1261 hemines
410 1200 529 1262 Stoiees
558 1200 626 1260 illes
657 1199 797 1279 spathies
833 1197 997 1259 voluerunt
1017 1198 1050 1256 iu

127 1282 260 1345 eeclesia
280 1290 440 1361 superstes
463 1282 570 1364 videri,
592 1301 668 1363 ques
690 1290 792 1342 temen
814 1279 1050 1342 nuilusStoieus

126 1384 260 1444 unquam
285 1366 358 1424 vidit
390 1385 490 1445 neque
513 1368 625 1445 sensit,
659 1366 768 1446 purtim
797 1382 922 1444 prorsus
952 1365 1051 1444 tmpus

128 1449 306 1508 densissime
338 1447 499 1528 figmenta,
533 1449 643 1529 quibus
670 1449 757 1508 irrisa
784 1458 832 1508 eet
859 1447 991 1508 ecelesia
1018 1447 1050 1506 in

126 1533 191 1592 suis
214 1532 293 1592 veris
317 1531 480 1596 miraculis.

211 1613 272 1674 Sed
294 1613 323 1674 id
341 1613 566 1675 observandum
578 1620 626 1675 est
646 1615 677 1674 in
695 1613 795 1674 verbis
818 1613 849 1675 S.
862 1612 1051 1694 Hieronymi,

127 1698 178 1777 qui
202 1696 327 1757 damnet
348 1698 449 1759 inieto
471 1717 586 1778 genere
603 1697 822 1761 monachorum
845 1703 962 1757 tuntum
985 1715 1052 1772 eos,

127 1781 179 1860 qui
192 1778 349 1858 Peiegieui
360 1779 590 1860 etOrigenistee
601 1781 737 1861 fuerunt„
746 1789 776 1840 et
788 1798 857 1840 euin
870 1780 975 1860 negari
987 1797 1052 1840 non

127 1862 236 1944 possit,
248 1862 359 1922 multus
367 1863 462 1924 inisse
474 1864 609 1925 eiusdem
624 1865 764 1941 numinis,
776 1881 905 1943 quornm
917 1863 969 1923 elii
981 1863 1052 1923 hee·

128 1947 225 2026 setini,
243 1943 294 2006 elii
309 1945 472 2007 orthodoxi
486 1946 1052 2027 fuerint,iitistuennfuein‚musenius,

129 2031 206 2108 quie,
228 2026 327 2106 quetis
350 2029 446 2090 fuerit.
484 2030 562 2091 Nem
584 2032 610 2090 ei
633 2031 808 2091 universum
831 2028 1053 2090 monachorum

130 2131 227 2193 genus
254 2115 304 2190 (ut
324 2111 377 2177 ille
393 2118 533 2192 tempore
554 2111 624 2195 init)
636 2113 773 2191 damnes,
784 2114 884 2194 ipsum
895 2113 925 2175 S.
946 2111 1054 2172 Hieros

130 2214 254 2274 nymum
277 2195 427 2275 imprimis
451 2197 622 2276 demunbis,
643 2198 776 2277 quinon
797 2195 896 2256 sulum
915 2194 1054 2256 leudevii

130 2279 198 2358 pius
220 2278 314 2359 nimio
337 2278 398 2338 hoe
428 2280 510 2340 vitee
533 2299 649 2359 genus,
684 2287 717 2339 ut
738 2279 824 2340 vides
850 2280 882 2339 in
905 2278 1054 2356 Antonio,

130 2360 243 2437 Peulo,
264 2359 435 2438 Hilarionis,
458 2360 594 2436 Meieho,
625 2362 679 2423 sed
712 2363 779 2442 ipse
811 2380 935 2441 quoque
954 2361 1054 2421 iaetus

131 2441 272 2584 estlurbe
293 2443 399 2505 relicte
421 2445 601 2523 monachus,
624 2447 699 2506 setis
721 2445 894 2525 periculoso
908 2443 1053 2524 exemplo

132 2545 180 2587 mu
196 2530 303 2587 torum.

215 2608 282 2668 Fuit
303 2610 389 2669 istius
423 2610 626 2688 senuimus,
659 2611 684 2670 si
717 2629 783 2671 mos
811 2611 917 2671 vuueri
950 2615 1055 2691 potest

131 2698 232 2752 tentus
266 2692 348 2752 furor
369 2700 511 2774 estense,
542 2701 575 2755 ut
603 2694 773 2774 iuniperent
802 2713 915 2774 magno
937 2695 1054 2773 impetu

131 2793 235 2853 egere,
256 2775 339 2854 quod
354 2776 465 2836 Paulus
478 2777 630 2856 praedixit
647 2778 750 2839 1Tim.
766 2778 799 2838 4:
824 2776 1053 2837 Prohibentium

131 2855 249 2919 nubere
270 2862 301 2918 et
322 2857 397 2919 eibis
427 2859 581 2922 abstinere
604 2867 681 2940 ete,
710 2860 797 2939 quasi
828 2859 903 2920 nuiii
926 2865 1055 2939 possent

132 2958 204 3000 esse
224 2938 399 3020 Christiani,
421 2943 479 3003 nisi
501 2941 638 3008 coelibes
668 2950 771 3004 essent
794 2949 825 3003 et
847 2943 957 3004 Stoieis
980 2942 1055 3022 dog·

132 3021 264 3083 metibus
286 3023 509 3107 satisfacerent,
531 3028 574 3088 ite
596 3033 630 3087 ut
651 3027 742 3087 etiem
764 3026 859 3107 ipsius
874 3025 1055 3106 Hieronymi

132 3105 199 3166 iibri
222 3124 301 3187 opus
323 3105 458 3171 hebeent
480 3110 559 3171 serie
580 3109 683 3171 iudieii
706 3109 840 3190 lentore,
868 3108 920 3170 ubi
941 3108 1056 3189 nuptiis

131 3188 339 3269 iniquissimus
361 3197 415 3252 est·
429 3199 462 3253 et
482 3191 650 3269 seeundes,
683 3194 708 3253 ei
731 3193 880 3273 licuisset,
903 3190 1056 3274 prostibu-

131 3272 169 3332 lis
203 3281 425 3353 eumperssset,
478 3275 538 3338 eeu
569 3278 729 3338 revoeevit
759 3282 790 3338 et
818 3276 952 3337 surrexit
985 3293 1055 3336 eum

132 3363 242 3436 poetes
263 3358 479 3439 episcoporum
502 3358 638 3422 fidetium
662 3360 872 3438 ministerium,
894 3359 945 3439 qui
966 3357 1055 3419 Pele·

132 3440 242 3520 gisnes
271 3447 302 3500 et
325 3440 465 3522 Origenis
495 3462 615 3504 errores
645 3441 753 3523 (quem
781 3445 864 3524 prius
886 3461 948 3504 nnn
972 3441 1056 3502 dubis

132 3530 251 3583 teveret
272 3525 404 3585 seribere
426 3525 604 3606 Magistrum
627 3527 825 3588 eeclesiarum
848 3532 1055 3607 posteposto·

131 3604 198 3681 loe)
223 3605 454 3668 damnaverunt.

217 3687 304 3762 Ques
326 3708 394 3751 eum
417 3691 460 3750 ite
481 3710 515 3752 se
536 3689 686 3770 habeant,
715 3691 845 3753 utlibet
866 3692 925 3753 iste
947 3688 1055 3752 Vites

131 3772 289 3860 Petrum
311 3791 390 3861 opus
412 3773 526 3836 hebent
547 3776 702 3837 severiore
724 3793 864 3856 sensura,
885 3780 1053 3860 postquem
