2348 4162
197 214 262 285 200
440 213 484 270 Da
501 226 582 271 servo
601 211 715 269 arbitrio
733 210 768 267 D.
786 211 821 267 n.
840 210 871 265 L.

280 383 384 448 Tertia
405 382 459 444 illa
480 381 642 443 durissima
673 386 721 442 est
741 381 837 461 ipsius
860 378 990 443 Vuiclell
1013 384 1045 443 et
1060 360 1123 443 'Ln-

199 468 276 529 theri
296 466 338 551 ¹),
362 486 430 528 esse
452 466 578 526 liberum
592 464 747 527 arbitrium
762 468 854 525 inane
876 483 1000 540 nomen,
1023 464 1121 527 omni-

198 571 288 632 aque,
312 569 391 630 quae
413 548 506 616 flunt,
531 569 600 610 esse
624 568 725 609 merae
747 547 998 618 necessitatis²l.
1041 546 1122 611 Cum

198 635 245 695 bis
282 634 400 694 duabus
434 631 626 694 conflictatur
657 631 796 694 diatribe.
840 631 897 693 Hic
920 630 1007 711 dico,
1041 630 1124 693 tous

199 737 262 779 non
286 736 390 778 sumus
413 718 487 776 satis
509 715 594 776 latini
613 715 661 776 vel
685 715 847 796 Germani,
880 721 997 775 utrem
1019 714 1121 793 ipsam

198 820 260 861 nnn
284 800 473 882 potuerimus
496 798 675 860 edisserere.
718 798 778 860 sed
801 798 1015 870 testorDeum,
1037 795 1121 858 uliud

199 884 273 944 nihil
299 883 381 944 volui
407 881 510 943 dicere
542 902 600 944 nec
617 881 699 944 aliud
723 881 852 960 intelligi
875 900 930 961 per
950 879 1044 941 verba
1068 878 1122 941 du·

199 987 283 1028 arum
306 976 530 1047 postremarum
555 966 745 1046 opinionum,
769 978 860 1043 quam
882 965 924 1044 id,
945 962 1028 1042 quod
1047 961 1122 1024 dici·

198 1056 247 1111 tor
267 1050 298 1110 in
321 1050 418 1128 prima
440 1050 601 1129 opinione,
623 1068 682 1109 neo
702 1048 907 1129 Augustinum
930 1046 1011 1108 aliud
1036 1045 1122 1109 voln-

198 1134 260 1195 isse
283 1132 428 1209 arbitror,
463 1150 521 1193 neo
551 1132 639 1193 aliter
666 1132 822 1212 exipsius
846 1130 946 1191 verbis
968 1129 1121 1211 intelligo,

200 1234 291 1296 quam
315 1215 396 1295 quod
419 1216 517 1296 prima
539 1214 612 1276 dicit
635 1216 758 1297 opinio,
790 1215 833 1275 ita
864 1221 897 1275 ut
919 1222 980 1276 tres
1003 1214 1123 1294 opinio·

123 1320 128 1327 ·
198 1318 255 1359 nes
277 1317 296 1359 a
317 1298 446 1360 diatribe
467 1299 615 1360 recitatae
636 1298 716 1379 apud
741 1318 790 1358 me
811 1315 872 1358 non
895 1297 956 1358 sint
977 1297 1035 1357 nisi
1059 1314 1122 1357 nna

199 1381 253 1442 illa
275 1401 343 1443 mea
365 1383 527 1443 sententia.
570 1381 736 1462 Postquam
761 1382 841 1442 enim
878 1397 1061 1441 conoessum
1084 1398 1122 1441 an

199 1472 297 1526 ratum
311 1473 368 1545 est,
390 1465 514 1525 liberum
528 1464 682 1526 arbitrium
706 1466 820 1525 amissa
835 1463 974 1525 libertate
995 1481 1034 1523 oo
1060 1464 1067 1478 '
1089 1465 1122 1524 iu

199 1550 346 1609 servitute
379 1550 498 1629 peccati
536 1567 594 1608 neo
626 1567 720 1627 posse
748 1546 912 1627 quidquam
936 1545 1015 1608 velle
1059 1546 1122 1627 oni,

201 1650 260 1711 ego
275 1651 314 1693 ex
328 1630 376 1692 his
390 1631 489 1691 verbis
503 1631 576 1691 nibil
591 1631 674 1693 aliud
687 1650 812 1711 possum
831 1631 1006 1710 concipere,
1029 1648 1121 1709 quem

198 1714 326 1776 liberum
349 1715 504 1776 arbitrium
527 1733 596 1774 esse
617 1716 739 1775 inanem
767 1715 926 1790 voculam,
955 1712 1043 1774 cuius
1071 1730 1121 1773 res

198 1799 311 1858 amissa
337 1799 383 1860 sit.
427 1798 581 1859 Amissum
617 1797 786 1858 libertatem
823 1816 892 1857 mes
913 1795 1123 1857 Grammatico

198 1889 292 1940 vocat
313 1879 426 1940 nullam
461 1880 641 1946 libertatem.
683 1880 830 1941 ‘l'ribuere
847 1887 949 1941 sutem
972 1878 1122 1939 libertatis

199 1963 320 2024 titulum
339 1964 376 2031 ei,
399 1963 481 2042 quod
505 1964 618 2024 nullam
641 1963 735 2025 babet
756 1963 938 2038 libertatem,
961 1970 1008 2023 est
1030 1961 1121 2023 tribu·

200 2064 252 2107 ere
273 2046 365 2107 inane
388 2046 581 2107 vocabulum.
625 2047 656 2106 si
678 2047 729 2107 hic
750 2064 829 2124 erro,
852 2052 979 2107 revocet
998 2046 1051 2125 qni
1069 2063 1122 2125 po·

199 2130 276 2198 test,
310 2129 336 2188 si
358 2135 427 2188 sunt
449 2128 527 2189 baec
549 2129 679 2191 obscura
701 2136 732 2191 et
753 2129 917 2208 ambigua,
938 2128 1072 2190 illustret
1092 2135 1122 2189 ct

199 2210 334 2271 stabiliat
351 2212 400 2290 qui
424 2221 537 2291 potest,
560 2231 619 2289 ego
641 2214 802 2273 sanitatem
815 2214 959 2273 amissam
975 2230 1037 2273 non
1052 2229 1122 2292 pos·

199 2312 265 2354 sum
294 2294 455 2353 sanitatem
491 2295 668 2375 appellare,
704 2314 763 2356 neo
784 2296 809 2355 si
832 2304 960 2376 oegroto
982 2313 1052 2355 eam
1073 2294 1121 2355 tri·

199 2375 304 2447 buero,
328 2376 409 2437 aliud
434 2377 576 2439 tribuisse
598 2378 715 2459 videor,
739 2397 832 2458 quem
855 2380 948 2438 inane
970 2396 1096 2443 nomen.

283 2459 343 2521 sed
379 2460 534 2521 facessant
563 2471 701 2521 monstro
724 2462 904 2542 verborum,
938 2462 1006 2541 quis
1040 2461 1120 2521 enim

200 2543 278 2603 ferat
305 2543 395 2602 istum
429 2542 557 2603 abusum
592 2543 755 2624 loquendi,
788 2549 822 2604 ut
842 2544 997 2605 hominem
1032 2542 1120 2605 simol

199 2624 315 2686 babere
339 2626 465 2686 liberum
489 2625 643 2687 arbitrium
667 2627 820 2707 dicamus,
844 2634 874 2688 et
895 2626 985 2688 simul
1007 2628 1122 2689 omissa

200 2707 341 2769 libertato
374 2709 442 2786 cogi
466 2710 496 2768 in
530 2713 675 2770 servitute
713 2711 831 2790 peccati
869 2729 907 2771 an
940 2710 1016 2771 nihil
1048 2709 1120 2772 boni

199 2809 292 2870 posse
305 2791 384 2851 velle
406 2791 600 2854 asseramus?
621 2802 760 2874 pugnent
780 2792 859 2853 haec
880 2793 1036 2855 communi
1055 2811 1120 2854 sen·

202 2875 258 2947 sui,
281 2882 312 2933 et
333 2874 444 2934 tollunt
465 2894 591 2955 prorsus
612 2896 700 2936 usum
725 2876 886 2954 loquendi,
916 2875 1047 2938 diatribc
1067 2894 1120 2957 po·

199 2957 258 3016 tius
281 2956 455 3017 accusando
477 2964 539 3034 est,
562 2977 640 3036 quae
663 2959 864 3020 dormitanter
885 2978 941 3019 sua
962 2958 1057 3021 verba
1077 2955 1120 3021 el·

198 3038 267 3098 furit
289 3048 319 3098 et
341 3037 441 3100 aliena
458 3059 521 3101 non
545 3040 700 3104 observat.
742 3039 825 3122 Non,
847 3043 988 3122 inquam,
1022 3043 1120 3104 oonsi-

201 3120 300 3192 derat,
332 3122 404 3200 quid
436 3119 476 3184 sit
497 3129 528 3184 el
560 3135 706 3202 quantum
741 3125 843 3186 valeat
878 3125 997 3187 dicere:
1018 3125 1119 3187 Homo

200 3205 302 3265 amisit
323 3203 504 3284 libertatem,
529 3210 647 3288 cogitur
659 3209 773 3269 servire
786 3215 916 3288 peccato
938 3227 998 3270 neo
1019 3214 1119 3289 potest

200 3289 365 3368 quicquum
379 3290 460 3351 velle
481 3289 569 3370 boni3
592 3291 708 3352 sienim
722 3291 863 3373 vigilaret
878 3300 909 3355 st
933 3290 1118 3370 observarat,

198 3473 618 3487 m·-

271 3590 299 3657 t)
318 3588 349 3644 ln
373 3589 417 3646 ed.
435 3591 493 3648 len.
522 3591 622 3648 desunt
644 3590 744 3649 verbor
772 3590 861 3661 ipsius
879 3587 1000 3648 Vniclafi
1023 3597 1052 3650 st
1068 3593 1115 3648 ln·

198 3658 277 3715 thari.
314 3661 347 3731 2)
373 3661 479 3718 Ibidem
512 3663 583 3719 hacc
619 3664 660 3720 sic
686 3664 828 3734 leguntum
859 3663 1008 3734 omnisque
1046 3677 1114 3735 ques

199 3728 317 3788 tacimus
344 3748 406 3790 esse
424 3734 582 3792 necessario
601 3735 654 3792 sub
672 3735 806 3793 servitute
824 3736 941 3806 peccati.
