2348 4162
516 230 554 287 Δ.
572 232 653 291 1530.
980 226 1042 292 511

120 391 166 453 tii
189 391 479 471 expositionem
503 393 540 455 in
562 387 795 474 prophetam
818 392 942 472 Amos,
965 409 1044 471 quae

121 472 793 575 auno1530Wittembergaaaxeusaest
828 473 885 536 sub
917 474 976 537 hee
998 475 1044 535 iu·

120 641 155 703 lu
177 642 360 722 prophetem
383 567 708 708 Amosspplpuppeepffi
730 641 895 721 expositio.
919 640 1045 706 Witteb.

123 728 216 805 1530,
238 727 267 791 8.
290 722 345 809 (oi.
368 723 504 789 Walohii
524 726 636 791 introd.
658 724 689 784 in
713 723 793 804 Opp.
814 723 902 790 Loth.
923 724 959 787 Τ.
974 724 1045 786 XIV

123 891 299 953 Venerabili
322 892 352 951 in
375 891 497 954 christo
519 806 669 974 13111531).
691 889 822 950 Iohanni
843 891 979 972 Brentio,
1003 891 1047 951 di·

124 976 246 1056 soipulo
263 985 294 1036 et
307 975 477 1037 eoniessori
496 975 616 1055 Christi,
637 975 787 1036 eeclesiae
799 972 942 1036 Halensis
964 992 1047 1056 pres·

403 1058 512 1140 bytero
534 1059 713 1123 fidelissimo
725 1057 768 1136 ¹).

207 1222 345 1285 Gratiam
367 1230 397 1285 et
417 1243 526 1306 paoem
548 1227 580 1286 in
603 1225 724 1285 Christo
746 1222 815 1285 lesu
835 1223 968 1285 Domino
992 1241 1047 1285 uo·

122 1309 199 1369 stro.
242 1305 335 1367 Redit
355 1306 394 1367 ad
409 1315 449 1385 te,
473 1308 711 1390 optimeBrenti,
735 1307 831 1367 Amos
854 1315 933 1387 tuus,
956 1325 1047 1386 quem

122 1389 163 1453 ad
187 1409 236 1449 me
266 1391 327 1450 iam
357 1390 471 1451 dudum
509 1393 646 1455 miseras.
687 1390 755 1451 Non
787 1396 926 1450 estmoe
948 1390 1048 1471 culpa,

122 1471 208 1553 quod
230 1471 345 1534 tardius
368 1474 466 1535 editus
489 1483 553 1555 est,
576 1473 630 1536 sed
654 1473 795 1535 voluntas
819 1474 897 1550 eius,
918 1474 966 1533 oui
989 1474 1048 1534 do-

123 1557 215 1620 nasti.
260 1555 329 1631 Qua
350 1559 507 1618 rationeis
529 1558 692 1632 motussit‚
714 1558 863 1616 insertum
877 1562 932 1618 est.
957 1554 1048 1632 Quod

124 1656 200 1702 vero
224 1645 255 1699 tu
276 1658 333 1720 pro
354 1640 526 1703 humilitate
548 1642 670 1723 spiritus
693 1641 845 1701 tuitotum
860 1639 942 1699 huns
964 1657 1048 1700 oom-

124 1723 308 1784 meutarium
331 1741 401 1786 meo
423 1722 538 1786 iudioio
562 1724 702 1805 subiiois,
723 1730 758 1784 ut
778 1728 904 1801 mutem,
926 1721 1048 1800 addam,

123 1805 303 1887 detraham,
338 1825 419 1886 quae
440 1806 582 1869 videntur
604 1806 694 1886 mihi,
728 1804 849 1867 absita
871 1823 939 1883 ma,
963 1811 995 1864 ut
1018 1805 1049 1865 in

123 1889 186 1951 hoe
209 1896 239 1949 te
260 1888 394 1951 audiam.
438 1891 514 1952 (ium
537 1893 619 1952 euim
642 1891 721 1951 inter
738 1889 884 1970 profanos
906 1887 1048 1949 odiosum

123 1973 179 2053 sit,
215 1973 244 2032 in
280 1971 382 2033 alieno
405 1972 483 2035 libro
505 1975 700 2055 ingeniosum
723 1991 808 2049 esse,
831 1970 927 2033 multo
951 1972 1048 2052 magis

122 2057 203 2117 inter
225 2055 415 2117 Christianos
447 2057 642 2119 intolerabile
664 2063 727 2137 est,
759 2055 816 2116 sibi
839 2055 1049 2136 magisterium

124 2158 219 2220 super
241 2138 378 2200 eiusdem
412 2141 535 2221 spiritus
569 2139 737 2222 disoipulos
769 2157 924 2220 arrogare.
968 2137 1050 2199 Satis

124 2230 174 2285 ast
194 2222 326 2303 probare
347 2224 487 2306 spiritus,
522 2244 560 2285 an
584 2245 623 2285 ex
645 2223 715 2286 Deo
738 2224 815 2303 sint,
853 2221 904 2284 ubi
928 2221 1051 2302 probati

123 2306 247 2383 fuerint,
270 2311 331 2366 tum
356 2325 430 2367 mox
453 2310 592 2370 venerari
615 2315 646 2368 et
657 2306 790 2368 oseulari
814 2323 851 2365 ao
870 2306 973 2384 posito
990 2322 1051 2364 ma-

124 2389 241 2471 gisterii
278 2389 442 2469 supersilio
477 2389 659 2470 discipulum
691 2390 793 2470 potius
826 2385 900 2450 fieri.
943 2386 1050 2466 Neque

125 2473 209 2534 anim
232 2476 337 2552 potest
358 2470 441 2552 fieri,
475 2474 558 2554 quin,
581 2473 631 2535 ubi
654 2472 782 2552 Spiritus
805 2478 930 2531 sanetus
952 2469 1049 2549 loqui-

125 2564 185 2634 tur,
208 2554 283 2617 talia
304 2555 460 2636 loquatur,
496 2575 576 2636 quae
603 2574 725 2618 omnem
749 2555 904 2615 hominem
926 2555 1050 2614 venien·

124 2646 188 2700 tem
210 2640 241 2699 in
274 2638 355 2699 huno
378 2639 522 2700 mundum
545 2640 602 2700 sibi
624 2638 787 2701 subiieiaot
814 2644 845 2698 et
867 2636 1048 2717 disoipulum

125 2722 257 2802 saniant,
279 2721 430 2803 siquidem
454 2724 624 2804 sapientiae
651 2724 717 2784 eius
739 2740 801 2781 non
825 2726 872 2780 est
893 2739 1048 2781 numerus.

209 2805 278 2886 Ego
300 2824 375 2867 vero
398 2813 520 2886 praeter
540 2805 600 2868 hoo
621 2805 766 2887 generale
788 2805 962 2866 eneomium
985 2802 1050 2882 Spi-

126 2890 203 2951 ritus
226 2889 265 2949 de
287 2889 345 2949 tuis
369 2891 491 2970 seriptis
513 2890 558 2950 sio
579 2893 689 2970 sentio,
710 2894 745 2949 ut
767 2887 840 2949 mihi
853 2887 1051 2948 vehementer

126 2970 273 3034 sordeant
295 2990 373 3053 mee,
396 2971 447 3033 ubi
471 2973 527 3033 tuis
550 2974 655 3053 tuique
666 2972 810 3034 similium
832 2971 953 3051 seriptis
968 2987 1050 3031 eom·

125 3064 283 3138 parantur.
324 3054 395 3117 Non
418 3056 536 3127 adulor,
558 3056 766 3136 nequeiingo‚
788 3052 842 3115 sed
865 3052 1050 3133 nequeiudo

125 3157 229 3223 neque
260 3138 359 3203 fallor.
401 3138 471 3200 Non
494 3139 666 3222 Brennum,
698 3138 752 3200 sed
785 3137 930 3218 Spiritum
965 3156 1052 3218 prae·

127 3223 218 3305 dieo,
252 3223 356 3302 quiin
380 3228 410 3284 te
432 3225 569 3302 suavior,
603 3222 754 3304 plaoidior
786 3227 818 3282 et
839 3222 971 3301 quietior
993 3224 1050 3284 est.

127 3305 247 3369 Deinde
268 3324 370 3368 sermo
393 3305 514 3368 dicendi
536 3306 651 3369 artibus
672 3308 837 3368 instructus
859 3306 983 3387 purius,
1005 3304 1052 3364 lu·

128 3608 211 3666 Isieb.
242 3607 274 3678 ΙΙ,
303 3625 330 3679 p.
352 3611 415 3679 ii,
444 3608 742 3679 alternitatis,
770 3609 846 3680 Lips.
866 3609 933 3677 XII,
962 3625 990 3678 p.
1009 3610 1054 3667 83.

128 3683 160 3754 1)
182 3683 260 3738 Haeo
278 3681 380 3737 desunt
400 3683 429 3737 in
447 3682 645 3754 supplemento
663 3682 850 3752 Epistolarum
868 3681 979 3737 Lutheri
1009 3682 1053 3738 ad.

127 3752 290 3822 aBuddeo‚
312 3753 424 3811 reddita
442 3761 507 3811 sunt
524 3753 676 3811 seeundum
695 3754 870 3812 deWettium.
