2348 4162
339 268 376 327 ad
395 272 428 329 D.
447 272 591 329 Erasmum
608 270 836 331 Rotsrodamum.
986 270 1046 340 361

128 442 301 522 ignoratum
334 459 436 521 aeque
457 460 495 503 ao
517 440 679 519 Christum,
701 448 734 503 nt
755 443 838 521 quod
861 445 966 524 spiritu
1000 464 1048 507 ar·

127 532 240 605 guenta
261 524 426 599 reveletur,
446 525 639 586 manifestum
662 533 718 601 est,
743 524 868 587 liberum
891 528 1047 589 arbitrium

128 627 197 668 oum
218 627 275 668 sua
297 608 455 669 voluntate
483 616 513 667 et
541 609 660 669 ratione
690 608 750 669 hoo
771 616 902 689 peeoato
925 616 1047 690 captum

128 700 158 751 et
177 691 356 751 damnatum
389 693 506 752 censeri
540 710 643 752 eoram
671 691 748 755 Deo
793 691 911 770 Quare,
949 693 1049 756 donee

127 774 280 835 Christum
304 775 426 854 ignorat
448 794 505 834 neo
525 776 554 835 iu
578 794 647 835 eum
670 774 775 851 eredit,
799 775 871 835 nihii
894 740 965 838 boni
991 795 1048 857 po·

127 863 187 918 test
209 856 289 917 veile
311 864 363 918 aut
384 860 505 937 conari,
529 858 582 918 sed
606 860 699 919 servit
721 854 896 919 necessario
919 866 1047 939 peooato

125 940 353 1021 iltoignorato.
398 939 622 1019 Summanum
648 941 804 1020 Scriptura
830 941 943 1021 ubique
965 941 1048 1004 Chri·

126 1030 206 1083 stum
240 1042 296 1103 per
325 1024 554 1083 contentionem
578 1031 609 1085 et
630 1024 793 1085 antithesin
817 1025 974 1105 praedicet
997 1022 1049 1106 (ut

126 1105 221 1187 dixi),
245 1114 293 1185 ut,
325 1106 468 1186 quiequid
497 1108 563 1167 sine
587 1107 696 1168 Christi
727 1108 835 1189 spiritu
856 1108 961 1185 suerit,
987 1107 1049 1169 hoo

126 1152 278 1264 Sotades,
299 1190 459 1269 impietati
482 1191 592 1265 errori,
615 1190 763 1267 tenebris,
786 1198 929 1271 peceato,
958 1191 1047 1255 morti

125 1272 182 1333 et
173 1291 238 1332 rrae
261 1272 316 1333 Dei
339 1272 489 1349 subiiciat,
514 1280 621 1333 eontra
644 1273 769 1333 liberum
793 1274 949 1335 arbitrium
973 1293 1047 1355 pug-

125 1354 243 1415 nabunt
266 1357 456 1430 testimonia,
487 1362 639 1434 quotquot
666 1356 704 1415 de
726 1355 846 1417 Christo
875 1357 1049 1437 loquuntur,

125 1446 157 1499 at
179 1457 218 1499 aa
237 1446 309 1498 sunt
329 1439 603 1514 innumerabilies
595 1458 658 1499 imo
680 1446 743 1499 tota
750 1438 930 1519 Scriptura.
973 1440 1047 1501 ideo

125 1522 150 1581 si
173 1520 331 1602 Soriptura
352 1521 453 1582 iudioe
476 1541 599 1581 oausam
623 1524 759 1602 agimus,
782 1522 924 1583 omnihus
949 1524 1047 1585 modis

125 1606 247 1679 rioero,
272 1612 365 1665 utne
387 1607 450 1665 iota
475 1624 566 1665 unum
590 1613 642 1664 aut
663 1624 742 1683 apex
766 1606 804 1665 sit
826 1605 974 1685 reliquus,
997 1606 1048 1685 qui

125 1706 188 1747 non
211 1686 337 1749 damnet
359 1688 473 1768 dogma
489 1688 574 1748 liberi
597 1687 721 1749 arbitrii.

210 1770 300 1846 Quod
323 1780 423 1831 autem
446 1770 601 1851 Scriptura
620 1771 772 1832 Christum
801 1790 855 1850 per
876 1770 1048 1831 eontentio-

127 1874 197 1916 nem
222 1861 253 1915 et
273 1855 437 1917 antithesin
462 1854 632 1934 praedicet,
668 1854 724 1914 etsi
760 1853 789 1913 id
825 1855 968 1932 ignorent
995 1860 1048 1915 aut

105 1938 205 1999 'seire
228 1937 421 1999 dissimulent
457 1939 559 2017 magni
597 1937 733 2017 theologi
769 1944 799 1997 et
827 1936 911 1996 liberi
934 1935 1049 1997 arbitrii

125 2028 259 2099 tutores,
293 2024 393 2082 seiont
424 2028 526 2081 tamen
560 2027 591 2081 et
620 2020 803 2082 confitentur
832 2020 925 2100 vulgo
948 2020 1049 2080 ounoti

126 2104 300 2167 Christiani.
344 2104 459 2178 Sciunt,
480 2106 615 2184 inquam,
638 2105 698 2165 duo
722 2124 790 2165 esse
803 2122 900 2184 regna
920 2105 951 2163 in
964 2122 1048 2164 mun·

126 2187 166 2249 do
189 2195 295 2249 mutuo
318 2189 569 2267 pugnantissima,
593 2189 622 2247 in
647 2188 744 2249 altero
771 2186 916 2247 Seianam
938 2205 1048 2266 regna·

127 2290 174 2347 re,
209 2272 260 2351 qui
283 2271 323 2332 ob
346 2272 377 2331 id
409 2273 551 2351 prinoeps
583 2271 686 2330 mundi
714 2270 875 2331 sChristo
909 2277 940 2331 et
964 2270 1047 2331 Deus

125 2318 214 2415 huius
236 2354 332 2415 seouli
355 2375 373 2414 a
398 2356 492 2415 Paulo
515 2354 633 2429 dieitur,
657 2355 708 2432 qui
730 2361 857 2414 ounotos
881 2360 1049 2433 tenetoap-

126 2438 206 2499 tivos
240 2437 278 2498 ad
313 2438 503 2498 voluntatem
534 2457 638 2515 suam,
678 2437 727 2514 qui
762 2455 822 2495 non
845 2441 916 2496 sunt
938 2436 1048 2497 Christi

126 2522 232 2602 spiritu
255 2522 293 2582 ab
318 2540 355 2582 eo
380 2523 475 2600 rapti,
510 2527 587 2581 teste
610 2519 719 2580 eodem
745 2518 857 2594 Paulo,
888 2537 947 2579 neo
977 2520 1048 2579 sinit

126 2623 180 2665 eos
202 2601 260 2665 sibi
283 2605 347 2684 rapi
369 2605 438 2665 ullis
461 2602 584 2679 viribus,
606 2603 664 2662 nisi
687 2604 794 2681 spiritu
812 2601 887 2677 Dei,
911 2609 943 2662 ut
965 2602 1047 2663 Chri-

126 2694 190 2748 stus
212 2688 374 2749 testatur
366 2708 396 2748 ιιι
420 2686 567 2767 parabola
599 2685 728 2746 detorti
768 2688 876 2745 atrium
905 2685 1046 2745 suumin

126 2788 203 2851 paoa
224 2777 377 2834 servante.
421 2771 453 2831 In
477 2771 573 2830 altero
596 2776 706 2849 regnat
729 2768 875 2846 Christus,
899 2767 980 2848 qnod
1001 2786 1047 2829 as·

126 2854 213 2914 sidue
234 2854 346 2914 resistit
368 2861 398 2914 et
420 2864 536 2933 pugnat
551 2872 619 2913 eum
637 2852 770 2913 Satanae
793 2871 899 2931 regno,
922 2854 951 2912 in
965 2849 1047 2931 quod

126 2937 343 3013 transferimur,
366 2957 428 2999 non
453 2943 558 2998 nostra
582 2938 620 3011 vi,
642 2936 696 2995 sed
719 2937 816 3016 gratia
840 2936 906 3011 Dei,
929 2953 991 3013 qua
1013 2933 1047 2994 li-

126 3017 267 3080 beramur
299 3021 491 3098 apraesenti
523 3019 628 3079 secuto
651 3039 782 3098 nequam
812 3026 843 3079 et
864 3020 1008 3099 eripimur
1028 3037 1048 3078 a

126 3110 279 3180 potestate
312 3102 514 3167 tenebrarum.
579 3102 706 3162 Istorum
745 3121 907 3181 regnorum
942 3108 1047 3161 mutuo

126 3186 218 3246 tantis
242 3185 353 3245 viribus
383 3192 414 3245 et
434 3187 543 3246 animis
573 3189 722 3264 perpetuo
750 3186 951 3265 pugnantium
976 3203 1046 3264 aog-

125 3269 199 3329 nitio
224 3274 255 3328 et
277 3269 430 3330 confessio
461 3272 528 3329 sola
555 3269 629 3327 satis
657 3274 738 3327 esset
767 3268 805 3327 ad
828 3267 1047 3328 confutandum

125 3351 239 3431 dogma
260 3351 346 3412 liberi
369 3351 498 3427 arbitrii,
531 3350 612 3431 quod
636 3351 666 3409 in
690 3370 785 3429 regno
809 3348 943 3412 Satanae
966 3350 1048 3429 eogi-

126 3454 191 3494 mur
213 3436 344 3509 servire,
377 3436 434 3495 nisi
467 3437 576 3494 virtute
611 3434 713 3493 divina
736 3435 908 3513 eripiamur.
951 3432 1047 3510 Haeo,

125 3518 265 3598 inquam,
289 3519 397 3599 vulgus
421 3519 519 3596 novit,
542 3525 574 3577 et
595 3524 657 3577 tum
681 3516 867 3597 proverbiis,
895 3515 1046 3595 precibus,

125 3601 233 3661 studiis
256 3608 382 3681 totaque
405 3602 467 3661 vita
490 3565 563 3661 sitis
588 3600 758 3661 confitetur.

207 3683 323 3746 Omitto
347 3684 420 3745 illud
444 3704 543 3745 meum
568 3703 639 3744 vere
661 3683 849 3759 Achilleum,
879 3680 961 3761 quod
984 3681 1049 3744 dia·

125 3768 202 3829 triba
236 3768 355 3830 fortiter
376 3769 517 3829 transivit
538 3769 701 3849 intaotum,
725 3767 861 3845 soilioet,
882 3765 965 3847 quod
986 3764 1048 3829 Ro·
