2348 4162
37 201 40 208 Ι
122 232 185 299 308
359 232 404 291 De
421 240 505 291 servo
523 228 637 289 arbitrio
655 232 690 289 D.
709 233 743 288 ll.
764 224 796 290 L.

204 404 280 466 Illud
296 403 330 482 ¹)
352 402 462 464 eodem
486 405 602 484 capitaz
624 400 736 467 Omnia
755 409 883 484 propter
904 402 1046 484 semetip-

123 508 190 550 sum
212 495 356 568 operatus
378 492 425 547 est
446 487 610 567 Dominus,
637 488 732 547 etiam
753 489 881 568 impium
903 486 943 547 a'd
966 485 1045 546 diem

124 571 247 649 malum,
271 572 361 631 etiam
393 572 455 630 suis
478 571 580 631 verbis
602 572 729 650 l'ormat,
757 588 911 631 excusans
932 560 1046 647 Deum,

124 654 206 735 quod
229 654 342 714 nullam
367 660 536 714 creaturam
559 654 671 713 malam
692 652 873 719 condiderit.

207 737 301 814 Quasi
324 737 361 797 de
382 738 539 797 creatione
561 736 690 797 dixerim
712 755 783 817 ego,
805 755 842 796 ac
864 754 928 797 nan
950 736 1046 815 magis

125 820 163 881 de
187 822 367 901 operatione
388 819 440 880 illa
462 818 586 880 assidua
598 820 654 880 Dei
676 821 706 879 in
730 819 821 880 rebus
843 820 967 896 creatis,
989 834 1047 898 qua

124 905 306 984 operatione
328 902 411 962 Deus
444 905 508 982 agit
541 908 571 963 et
594 902 745 982 impium,
778 905 858 963 siout
888 921 984 983 supra
1011 901 1047 961 da

58 1020 61 1025 ·
125 987 285 1047 Pharaone
308 985 439 1046 diximus
453 984 497 1066 ²).

207 1069 273 1130 Neo
294 1067 368 1129 illud
384 1067 414 1151 ¹)
445 1087 484 1128 ex
507 1067 605 1147 Capit.
627 1070 668 1134 20
699 1070 757 1148 ipsi
785 1067 907 1129 videtur
930 1087 1046 1149 urgere,

48 1180 57 1199 ·
125 1152 187 1215 Gor
207 1153 287 1233 regis
309 1153 341 1212 in
364 1171 455 1212 manu
478 1151 612 1228 Domini,
634 1169 819 1230 quocunque
843 1152 984 1229 voluerit,
1006 1154 1046 1212 in-

125 1237 221 1297 clinat
241 1235 325 1295 illud.
368 1233 440 1298 Non
463 1236 565 1294 statim
592 1232 670 1316 (ait)
694 1237 787 1314 cogit,
809 1236 861 1314 qui
883 1234 1021 1298 inclinat.

208 1318 303 1394 Quasi
325 1337 382 1378 uos
406 1318 444 1377 de
465 1320 628 1378 coactione
649 1318 825 1396 loquamur,
846 1337 885 1378 ac
909 1336 972 1378 non
995 1336 1047 1399 po·

126 1404 185 1464 tius
208 1403 246 1461 de
268 1402 451 1462 necessitate
484 1400 748 1463 immutabilitatis.
792 1400 838 1461 Ea
860 1400 1047 1480 significatur

125 1506 180 1567 per
200 1484 431 1545 inclinationem
454 1484 528 1563 Dei,
563 1502 643 1563 qnae
664 1503 727 1544 non
750 1490 797 1544 est
818 1503 867 1544 res
892 1496 954 1544 tam
978 1495 1046 1547 ster·

125 1581 193 1631 tens
214 1574 245 1629 et
265 1569 362 1648 pigra,
384 1573 417 1626 ut
437 1564 675 1647 fingitdiatribe,
697 1566 751 1627 sed
765 1572 813 1628 est
834 1569 1046 1629 actuosissima

125 1653 179 1714 illa
201 1653 340 1731 operatio
364 1649 436 1727 Dei,
470 1668 560 1729 quam
584 1652 681 1718 vitare
703 1657 733 1710 et
755 1655 872 1710 mutare
894 1669 958 1711 non
982 1671 1047 1732 pos·

4 1736 24 1781 -'
50 1738 53 1743 '
127 1737 181 1815 sit,
215 1732 271 1794 sed
294 1751 354 1812 qua
393 1733 454 1793 tale
486 1733 567 1793 velle
598 1732 692 1795 habet
726 1734 919 1813 necessario,
961 1735 1048 1815 quale

38 1834 41 1840 ·
124 1820 168 1879 illi
190 1814 277 1879 Deus
301 1814 400 1896 dedit,
435 1822 466 1876 et
497 1814 587 1894 quala
618 1818 699 1896 rapit
720 1834 776 1878 suc
800 1823 896 1896 motu,
932 1826 965 1879 ut
987 1818 1045 1880 dixi

15 1918 19 1925 ·
71 1908 74 1915 '
124 1920 227 1983 supra.

208 1981 328 2044 Deinde
350 2000 419 2041 cum
442 1980 590 2042 Salomon
621 1981 659 2041 de
681 1981 775 2042 corde
796 1983 877 2071 regis
901 1983 1049 2064 loquatur,

126 2070 215 2150 putat
236 2064 365 2125 diatribe
397 2083 466 2124 eum
496 2064 598 2124 locum
624 2082 685 2124 non
707 2072 791 2125 recte
812 2065 852 2125 ad
873 2066 1048 2146 generalem

127 2151 310 2213 sententiam
334 2147 422 2227 trahi,
444 2147 498 2207 sed
521 2146 595 2207 illud
618 2147 708 2226 velle,
731 2146 813 2227 quod
836 2149 914 2210 alias
937 2149 994 2211 Iob
1014 2149 1050 2210 di·

22 2228 26 2235 '
128 2237 184 2314 cit,
217 2250 347 2312 regnare
368 2230 442 2292 facit
462 2229 655 2312 hypocritam
688 2239 813 2312 propter
849 2242 981 2312 peccata
1003 2251 1050 2313 po·

127 2318 198 2398 puli.
241 2314 378 2375 'landem
409 2315 551 2375 concedit
587 2315 725 2375 inclinari
756 2315 864 2377 aDeo
886 2335 994 2397 regem
1015 2314 1048 2376 ad

128 2400 251 2481 malum,
274 2397 328 2459 sed
351 2397 404 2478 sic,
428 2396 511 2476 quod
522 2398 602 2457 sinat
623 2416 727 2478 regem
746 2399 796 2477 agi
818 2397 993 2478 affectibus,
1015 2397 1048 2459 ad

129 2481 340 2562 castigandum
364 2480 522 2561 populum.
899 2535 908 2547 ,

211 2565 414 2645 Respondeu:
439 2562 511 2623 Sive
533 2565 624 2643 sinat,
647 2564 713 2625 sive
734 2563 860 2625 inclinet
881 2560 985 2641 Deus,
1012 2564 1048 2644 ip·

129 2669 195 2710 sum
218 2650 319 2709 sinere
340 2647 389 2706 vel
406 2647 554 2708 inclinare
576 2666 638 2707 non
660 2645 694 2706 fit
716 2648 774 2706 nisi
792 2646 917 2708 volente
939 2654 1048 2726 etope·

130 2738 216 2793 rante
237 2733 315 2808 Deo,
338 2730 409 2809 quia
431 2730 574 2791 voluutas
596 2732 682 2810 regia
705 2750 767 2790 non
791 2735 895 2811 potest
917 2729 1048 2811 effugere

129 2817 280 2876 actionem
316 2814 536 2956 omnipotentis
559 2814 632 2894 Dei,
667 2813 738 2892 quia
768 2813 884 2893 rapitur
918 2815 1047 2873 omnium

129 2898 284 2973 voluntas,
307 2901 340 2955 ut
362 2915 399 2956 ve

131 2981 222 3058 Quod
244 2997 318 3041 vero
339 2979 514 3059 generalem
536 2980 718 3041 sententiam
747 2978 874 3040 fecimus
898 2997 939 3039 ex
962 2979 1047 3061 parti·

131 3061 226 3125 cula'ri
248 3064 409 3155 uoluntate
429 3063 521 3143 regis,
543 3068 618 3144 puto
641 3081 742 3142 neque
764 3064 867 3143 inepte
890 3079 992 3142 neque
1012 3062 1047 3122 in·

412 2898 436 2956 it
458 2904 489 2957 et
508 2896 610 2977 faciat,
633 2898 697 2956 sive
720 2899 759 2956 sit
780 2896 862 2957 bona
875 2896 942 2956 sive
965 2896 1047 2957 mala.

202 3374 230 3442 1)
250 3373 281 3427 In
300 3371 344 3428 ed
363 3373 420 3426 Ien.
439 3370 484 3426 hic
502 3369 530 3424 in
548 3368 672 3439 margine
689 3369 804 3439 legitur:
824 3364 1047 3437 erasmiana

18 3424 50 3449 “’
130 3444 252 3501 ed.1en.
280 3442 325 3499 hic
343 3443 441 3498 addita
464 3442 593 3512 leguntur
621 3441 704 3496 haec:
742 3439 784 3496 At
809 3440 922 3510 impium
952 3438 1047 3503 condit,

131 3514 186 3570 non
206 3516 329 3572 creando
361 3514 494 3569 malitiam
527 3519 576 3569 aut
594 3513 695 3568 malam
715 3518 886 3580 creaturam,
916 3511 993 3581 quod
1011 3513 1047 3565 aa

131 3588 314 3656 impossibile,
346 3588 395 3643 sed
415 3604 449 3643 ax
467 3586 573 3642 vitiato·
585 3586 701 3653 semine,
729 3585 794 3640 dum
818 3590 952 3653 oporatur
970 3585 1046 3649 Dana,

130 3656 351 3787 liutapearliapreatur
369 3660 457 3715 malus
477 3658 574 3728 homo,
593 3674 648 3713 non
668 3658 751 3728 culpa
769 3656 897 3725 lactoris,
916 3656 968 3712 scd
986 3652 1047 3710 vitid
