2348 4162
201 235 266 302 &32
445 235 489 291 De
505 250 589 291 nervo
606 235 723 290 arbiola
739 236 775 290 D.
791 236 829 291 Ι.
846 236 879 291 L.

203 404 318 483 laturn,
351 405 430 464 aient
459 403 498 465 ad
521 405 683 486 apoatoloa
708 406 797 467 dicit:
840 407 909 487 Ego
931 405 986 466 tuli
1008 424 1066 466 roa
1087 404 1124 466 (le

203 488 334 565 mundo,
366 496 397 548 et
422 490 513 568 posui
546 508 604 549 voa
626 500 684 551 eto.
727 489 760 551 Si
794 509 876 550 nuno
904 496 1012 551 eaaent
1033 489 1125 569 aliqui

201 574 233 632 in
255 571 380 649 mundo,
403 572 455 651 qui
469 574 498 631 ri
510 572 597 633 liberi
618 573 734 633 arbitrii
745 586 932 634 conarentur
948 573 988 634 ad
1001 572 1125 649 bonum,

202 656 282 716 aient
303 653 369 715 fieri
396 666 569 735 oporteret,
600 657 627 715 ai
658 656 788 717 liberum
821 657 978 717 arbitrium
1013 656 1125 736 aliquid

202 738 1125 903 lllltiltlzlltl‚tt‘tgtltl‘tlt‘tsttll

203 915 288 965 reret
309 913 356 965 tot
368 904 467 981 malis,
489 905 598 984 quibua
613 907 758 967 mundum
770 918 904 969 accusat
948 905 1042 982 Quod
1058 924 1125 967 cunr

203 1008 266 1051 non
288 988 390 1067 laniat,
411 987 538 1048 eridane
560 996 617 1065 eat,
638 989 721 1068 quod
743 989 871 1050 liberum
892 989 1124 1051 arbitriumorn·

203 1071 293 1131 nibus
325 1070 428 1130 mundi
457 1073 632 1133 nominibus
653 1092 739 1133 reum
761 1074 850 1151 lacit,
871 1093 953 1154 earn,
982 1071 1125 1153 quioquid

204 1154 335 1215 mundus
357 1162 447 1234 agat,
467 1173 523 1235 per
543 1157 606 1215 rim
626 1155 716 1218 liberi
736 1156 863 1234 arbitrii,
884 1157 947 1217 boo
967 1166 1017 1216 eat
1037 1158 1125 1217 ratio

204 1258 274 1382 gem
296 1246 328 1297 et
337 1238 538 1402 rogantum,
560 1252 663 1318 partes
683 1240 731 1300 aui
752 1241 1124 1320 pmeatantiaaimaaagat

227 1322 348 1401 equitur
405 1343 413 1381 ε

287 1402 447 1483 Quotquot
469 1412 653 1484 receperunt
673 1426 753 1488 euru,
777 1406 861 1467 dedit
877 1407 923 1466 eia
941 1412 1123 1487 potestatem

204 1486 285 1548 filios
307 1487 364 1547 Dei
387 1487 462 1567 lieri,
483 1489 531 1563 iia,
552 1490 604 1567 qui
626 1490 755 1549 eredunt
775 1491 807 1550 in
826 1491 953 1550 nomina
974 1490 1055 1567 eiua,
1076 1489 1124 1573 qni

206 1590 268 1631 non
290 1590 330 1631 ex
350 1570 560 1650 sanguinibus,
581 1590 683 1652 neque
705 1592 747 1633 ex
761 1573 919 1633 voluntate
941 1574 1054 1653 narnia,
1078 1590 1124 1633 ne

205 1674 265 1734 que
287 1674 328 1714 ex
350 1654 509 1715 voluntate
531 1656 596 1735 viri,
619 1655 674 1715 aed
696 1675 738 1716 ex
760 1656 827 1717 Deo
846 1657 911 1716 nati
931 1664 1016 1719 aunt

288 1738 355 1797 Hae
375 1739 540 1818 partitione
569 1739 707 1819 patienta
738 1741 836 1800 reiieit
854 1758 875 1799 a
895 1758 995 1820 ragno
1017 1736 1123 1799 Christi

205 1823 380 1901 sanguinea,
403 1822 592 1881 volunlatem
616 1825 727 1901 narnia,
749 1823 939 1884 voluntatem
961 1824 1029 1885 riri.
1051 1820 1123 1885 sar-

204 1906 314 1985 guinea
335 1903 428 1965 eredo
449 1905 581 1966 Iudaeoa
603 1924 687 1986 esee,
720 1905 782 1966 hoo
801 1914 863 1985 eat,
896 1910 949 1985 qui
983 1905 1124 1966 volebant

205 1987 260 2048 lilii
281 1988 368 2067 regni
390 2007 469 2066 eane,
491 1987 576 2068 quod
597 1998 700 2049 essent
720 1988 775 2049 lilii
790 1989 932 2050 Abrahae
954 1998 986 2049 et
998 1989 1123 2063 Petrum,

205 2071 324 2131 aeilieet
357 2070 396 2130 de
417 2072 567 2151 sauguine
584 2072 769 2152 glorianlea3
803 2073 995 2133 voluntalem
1029 2072 1123 2133 narnia

205 2153 344 2234 intelligo
367 2153 469 2215 studia
491 2156 613 2235 populi,
643 2157 752 2236 quibus
774 2157 805 2216 in
834 2156 902 2236 lege
930 2166 962 2215 et
985 2154 1123 2235 operibus

205 2239 365 2298 exercitati
387 2248 465 2301 sunt.
510 2238 590 2299 Caro
622 2241 704 2299 enirn
737 2239 787 2300 bio
814 2239 952 2299 earnalea
976 2237 1123 2318 signifieat

204 2323 272 2382 aine
293 2322 417 2402 spiritu,
444 2329 478 2381 ut
498 2323 550 2400 qui
572 2322 761 2382 voluntatem
784 2323 906 2402 quidem
929 2329 961 2383 et
984 2330 1121 2382 nonatum

205 2406 350 2483 babeant,
372 2404 426 2464 aed
448 2404 521 2484 quia
542 2406 665 2485 spiritua
687 2424 749 2466 non
772 2406 870 2484 adeat,
892 2405 1061 2465 carnaliter
1080 2405 1121 2463 ba·

207 2491 310 2549 beant.
356 2488 552 2549 Voluntatem
581 2489 637 2548 viri
663 2490 846 2570 generaliter
868 2490 1008 2549 omnium
1031 2486 1121 2548 studia

205 2572 354 2652 intelligo,
376 2573 442 2632 eive
463 2572 576 2631 sintin
599 2572 678 2652 lege,
701 2575 844 2634 aireaine
866 2573 946 2653 lege,
970 2582 1047 2654 puta
1059 2589 1121 2651 gen·

206 2659 280 2717 tiunr
302 2662 334 2715 et
367 2654 573 2734 quorumlibet
593 2656 763 2734 hominum,
796 2663 828 2716 ut
849 2658 888 2717 ait
908 2675 1043 2735 aenaua,
1074 2668 1121 2714 nen

206 2741 365 2799 nativitate
387 2740 498 2818 earnis,
520 2757 579 2799 neo
600 2739 701 2801 studio
723 2740 812 2819 legia,
833 2759 892 2800 neo
913 2739 978 2800 ullo
995 2739 1119 2801 alioatu·

206 2822 257 2883 dio
279 2822 414 2881 humano
437 2820 514 2882 fiunt
534 2822 587 2881 lilii
608 2823 684 2901 Dei,
705 2822 760 2883 aed
782 2824 881 2884 nolum
904 2821 1067 2884 nativitate
1087 2818 1120 2880 di·

207 2907 287 2967 rina.
330 2903 363 2964 Si
385 2906 476 2984 igitur
497 2923 560 2966 non
577 2913 743 2967 naseuntur
754 2926 857 2987 earne,
880 2926 940 2967 nee
961 2905 1120 2967 adunantur

206 2988 286 3067 lege,
308 3006 366 3046 neo
394 2996 540 3069 parantur
563 2989 626 3051 ulla
647 2991 781 3050 hominia
802 2990 982 3071 disciplina,
1014 2988 1070 3049 aad
1089 3002 1119 3047 ex

206 3071 274 3131 Deo
297 3080 505 3149 renaseuntur,
528 3074 719 3133 manifestum
742 3080 798 3155 eat,
820 3074 951 3134 liberum
974 3073 1118 3134 arbitrium

206 3152 257 3215 bio
278 3155 354 3214 nihil
377 3156 490 3217 valere.
531 3156 637 3216 Virum
659 3160 740 3217 enim
762 3165 837 3239 puto
859 3158 920 3219 hoe
935 3157 1009 3219 loeo
1032 3150 1118 3232 aooipi

206 3237 340 3299 Ebraioo
363 3258 448 3301 more
469 3258 526 3320 pro
539 3240 676 3319 quolibet
697 3241 745 3302 rel
760 3261 816 3321 pro
833 3260 1032 3321 quoeunque,
1052 3240 1118 3300 aioul

205 3323 1117 3471 titilltltll‘llllbllllltlttl'llltll

205 3507 262 3569 pro
290 3490 451 3571 prineipali
472 3427 560 3571 pitto
582 3491 670 3553 liberi
691 3491 819 3555 arbitrii.
986 3459 995 3490 '
1087 3424 1103 3485 Ρ

280 3744 311 3813 ’)
331 3745 428 3803 Iohan.
450 3751 472 3803 1.
