2348 4162
242 288 265 337 ·,
332 350 335 355 ⁴
372 264 429 320 ·in
448 266 534 323 libros
553 268 655 324 veteris
673 268 751 326 Test.
987 265 1039 334 85-
1084 338 1087 343 ἢ

139 460 153 469 ·’
178 437 254 498 lam
277 443 379 499 autem
402 435 462 497 hoc
484 435 666 515 videamus,
688 455 778 518 quam
803 443 946 517 potenter
967 439 1029 500 hoc

29 549 32 553 ·
101 541 193 581 snum
219 520 355 582 officium
378 519 481 580 llioses
504 526 700 600 exsequatur.
748 521 827 580 Nam
850 524 884 583 ul
905 522 1029 583 confun-

102 603 158 665 dat
175 606 327 665 rationem
351 610 381 664 et
394 604 531 682 peccatis
548 603 689 663 homines
707 603 825 679 obruat,
847 622 909 664 non
928 604 1027 665 solum

105 688 193 767 leges
215 687 273 748 fert
296 687 334 747 de
355 687 414 765 iis,
438 704 517 764 quae
540 692 663 746 vereat
686 705 741 746 sua
770 699 877 746 natura
899 693 1029 766 peecata

103 776 177 830 sunt
202 768 324 849 (qualia
347 775 418 829 sunt
450 769 503 829 illn
526 770 556 829 in
580 768 759 848 decalogo),
792 788 896 829 verum
931 769 969 831 de
992 771 1029 830 iis

104 871 240 933 quoque,
264 871 344 931 quae
365 871 474 912 revera
496 858 527 912 et
549 852 672 931 proprie
696 871 757 913 non
781 859 869 913 erant
890 859 1039 932 peccata*

102 936 184 1013 Nam
207 934 385 1012 diffidentia,
408 935 480 998 item
503 936 752 1014 concupiscentia
782 954 889 995 revera
911 941 941 994 et
961 954 1029 1015 pro-

102 1020 171 1098 prie
193 1026 263 1078 sunt
285 1026 415 1098 peccata
435 1025 535 1078 morte
556 1017 721 1098 punienda.
764 1018 820 1078 llla
846 1025 964 1096 aulem,
997 1019 1028 1077 in

103 1101 256 1162 Paschate
277 1121 339 1163 non
364 1102 445 1160 vesci
467 1101 649 1162 fermentato
673 1120 763 1180 pane,
788 1120 849 1162 non
865 1101 1028 1162 comedere

99 1184 273 1258 immunda,
297 1203 358 1247 non
380 1186 502 1244 inurere
525 1190 628 1244 notam
653 1186 796 1265 corpori,
827 1191 858 1244 et
880 1184 951 1261 ,alia
982 1184 1029 1244 his

106 1267 230 1348 similia,
254 1286 343 1348 quae,
367 1267 534 1328 Leviticum
559 1266 764 1328 sacerdotium
797 1275 927 1346 peccata
959 1285 1029 1327 esse

104 1349 232 1425 indicat,
250 1352 379 1430 proprie
400 1368 462 1411 non
486 1355 555 1409 sunt
577 1357 716 1430 peccata,
740 1368 798 1409 nec
819 1357 956 1421 suntsua
977 1370 1030 1410 na-

108 1442 177 1494 tura
200 1434 291 1497 mala
334 1432 525 1494 ldeoautem
548 1432 631 1494 mala
653 1440 683 1493 et
698 1434 828 1512 peccata
849 1433 934 1510 fiunt,
958 1434 1031 1512 quia

104 1516 228 1596 legibus
251 1523 338 1577 erant
360 1515 523 1597 prohibita,
546 1517 686 1594 quamvis
710 1516 781 1576 illae
803 1516 888 1596 leges
910 1516 977 1576 tolli
999 1523 1031 1577 at

101 1599 249 1679 abrogari
272 1598 439 1679 aliquando
462 1604 600 1678 possent.
652 1598 721 1658 Alia
752 1606 854 1658 autern
890 1597 1028 1678 decalogi

99 1684 184 1742 ratio
207 1689 272 1757 est,
308 1684 357 1762 qni
397 1684 441 1741 ita
468 1681 534 1742 tolli
557 1701 618 1742 non
642 1688 767 1760 potest,
798 1683 848 1759 qui
887 1682 967 1740 enirn
998 1682 1028 1740 in

103 1765 289 1845 decalogum
302 1764 461 1843 delinquit,
482 1771 601 1844 peccat,
625 1765 743 1824 etiamsi
761 1765 903 1843 scriptam
927 1763 1027 1842 legem

102 1867 166 1910 non
191 1848 304 1919 habeat
325 1866 427 1927 neque
449 1867 483 1907 sa
505 1867 652 1926 peccasse
675 1849 768 1928 sciat,
806 1848 885 1908 sicut
907 1865 1030 1926 quoque
1089 1910 1094 1919 ,

102 1916 270 1991 infidelitas
292 1932 322 1991 in
346 1930 489 2012 gentibus
513 1937 560 1991 est
577 1926 752 2010 peccatum,
775 1925 914 2010 quamvis
933 1929 963 1989 id
986 1930 1029 2008 ig·
1088 2000 1090 2005 Ι

102 2021 215 2089 notent
238 2033 337 2094 nequa
359 2016 518 2094 peccalum
540 2033 611 2084 ,esse
632 2013 776 2074 iudicent.

190 2097 337 2157 Videmus
359 2098 451 2176 igitur
473 2114 535 2156 non
565 2097 635 2158 ideo
659 2096 758 2156 solum
781 2102 841 2156 tam
867 2094 965 2155 varias
987 2094 1030 2154 le-

101 2199 160 2261 gas
183 2200 201 2241 a
224 2180 310 2240 Mose
333 2198 403 2240 esse
426 2179 584 2256 conditas,
610 2199 655 2243 ,ne
678 2180 749 2258 quid
777 2180 835 2256 ipsi
858 2179 1030 2238 invenirent

103 2271 136 2324 at
157 2261 329 2343 deligerent
353 2263 392 2322 ad
415 2261 599 2343 placandum
618 2263 716 2322 Deum
741 2262 831 2322 etad
855 2260 933 2321 bene
956 2279 1030 2340 ope·

104 2346 256 2422 randum,
279 2364 383 2405 verum
406 2345 445 2405 ob
468 2345 548 2405 hanc
563 2346 760 2424 *potissimum
792 2345 941 2404 rationem
955 2382 972 2418 ,·
998 2351 1029 2403 ut

50 2480 54 2489 .
103 2437 279 2489 crescerent
312 2436 344 2489 et
372 2435 557 2507 augerentur
591 2436 739 2507 peccata,
775 2435 805 2486 at
838 2427 1028 2487 conscientia

102 2519 301 2592 peccatorum
325 2507 518 2571 multitudine
536 2513 633 2589 magis
655 2516 843 2590 gravaretur.
876 2508 923 2569 lta
946 2510 1026 2567 enim

100 2595 236 2655 futurum
260 2601 344 2671 erat,
368 2599 402 2654 nt
423 2601 628 2675 agnoscerent
655 2612 740 2652 suam
763 2590 971 2651 infirmitatem
996 2597 1027 2650 et

102 2678 263 2751 sentirent,
287 2696 378 2757 quam
401 2695 462 2736 non
486 2683 614 2756 possent
628 2675 741 2756 aliquid
765 2674 837 2737 boni
859 2674 971 2752 facere,
993 2682 1027 2733 ut

103 2760 229 2822 tandem
260 2780 315 2840 per
345 2759 446 2840 legem
468 2766 652 2839 cogerentur
675 2760 772 2819 mains
801 2755 904 2836 alind,
935 2775 1026 2835 quam

102 2843 153 2903 vel
176 2843 254 2902 Mosi
280 2843 364 2922 leges
388 2843 436 2901 val
461 2844 603 2922 propriae
626 2845 705 2925 vires
729 2847 847 2915 essent,
871 2858 1028 2923 quaerere,

101 2945 216 3005 nempe
238 2928 368 3005 gratiam
390 2924 448 2986 Dei
471 2929 502 2991 in
527 2932 654 2986 venturo
679 2925 800 2986 Christo
833 2925 1027 3004 promissam.
1073 2991 1075 2996 ,

102 3009 174 3070 Hoc
195 3010 276 3069 enirn
299 3009 425 3068 omnino
441 3027 543 3068 verum
557 3016 612 3085 est,
636 3008 717 3088 quod
740 3027 847 3068 omnes
870 3005 956 3085 leges
970 3007 1028 3066 Dei

83 3099 168 3153 'tum
192 3090 312 3167 bonae,
329 3097 398 3151 tum
422 3092 515 3150 etiam
538 3091 639 3152 iustae
664 3093 749 3169 sint,
784 3091 904 3169 etiamsi
931 3091 957 3149 is
983 3088 1029 3149 vel

101 3174 249 3254 stipulam
272 3193 312 3234 cx
338 3193 413 3254 agro
438 3174 569 3234 evellere
590 3174 768 3254 praecipiat.
811 3170 876 3233 Iam
908 3172 1024 3250 siquis
1070 3217 1072 3222 .

103 3258 162 3318 Dei
186 3258 270 3337 leges
293 3263 346 3316 ant
367 3268 492 3337 prorsus
516 3275 577 3316 non
619 3264 672 3318 aut
699 3257 812 3316 inritos
845 3263 966 3330 servet,
999 3255 1025 3313 is

101 3339 285 3401 iudicandus
309 3346 356 3399 est
378 3340 475 3400 malus
498 3349 528 3400 et
548 3340 715 3419 improbus.
760 3339 835 3400 Cum
858 3339 948 3416 igitur
971 3355 1024 3396 no-

102 3430 168 3484 stra
189 3430 299 3483 natura
319 3440 382 3483 non
404 3424 503 3502 possit
525 3422 583 3501 legi
608 3423 664 3482 Doi
687 3422 804 3498 subiici,
827 3421 961 3481 etfaciat
982 3419 1025 3478 in·

102 3503 177 3585 vit'a,
200 3524 403 3586 quaecunque
426 3505 549 3566 tandem
572 3506 666 3583 facit,
689 3524 818 3565 necesse
840 3510 909 3579 est,
940 3509 973 3562 ut
994 3503 1024 3561 in
1057 3531 1060 3535 ·

101 3589 194 3650 bonis
218 3589 274 3649 Dei
298 3587 418 3668 legibus
440 3589 586 3650 malitiam
605 3608 702 3648 suam
725 3594 877 3668 agnoscat
898 3605 936 3646 aa
958 3604 1029 3645 sen-

102 3675 176 3754 tiat,
199 3679 293 3750 atque
319 3670 419 3746 adeo,
441 3679 475 3731 ut
495 3672 624 3752 gratiam
647 3673 678 3732 in
701 3671 821 3732 Christo
843 3670 1037 3750 promissam¹

104 3752 270 3818 exanimo
294 3754 447 3815 desideret
469 3764 499 3815 et
522 3761 659 3835 oxoptet.
