2348 4162
276 276 314 336 ad
331 281 364 337 D.
382 260 526 337 Eradmum
544 280 769 339 Rotorodamnm.
926 281 987 347 147
1003 365 1006 369 ¹

145 449 189 511 At
211 448 301 511 simul
329 451 361 511 io
384 452 512 516 caritate
540 453 626 513 iuxta
657 452 837 513 tolerandae
869 457 899 513 et
922 471 987 513 ser-

56 531 182 595 vandae
206 533 291 614 leges
313 533 517 618 Pontificum,
550 537 575 595 si
598 537 643 596 sic
664 534 744 598 forte
766 537 832 596 sine
858 536 988 596 tumultu

58 624 206 677 constare
227 617 326 697 possit
346 624 377 678 et
398 625 524 680 aeterna
544 619 627 680 salus
662 638 717 700 per
737 619 861 680 verbum
877 619 936 680 Dei
958 625 989 680 et

57 717 122 779 pax
145 699 260 762 mundi.

143 782 216 843 Dixi
239 802 341 864 supra,
363 783 428 844 lieri
450 784 480 844 id
502 804 564 846 non
586 802 690 866 posse,
713 786 856 866 princeps
881 784 984 845 mundi

58 864 176 946 Papam
200 871 231 927 et
251 864 416 928 Pontifices
438 886 511 929 suos
535 886 597 929 non
620 869 692 928 sinit
714 887 820 930 eorum
843 868 928 949 leges
951 867 984 928 li·

58 947 134 1009 bere
156 951 291 1032 servari,
313 950 368 1011 sed
391 952 597 1012 conscientias
621 957 746 1032 captare
769 959 800 1012 et
823 952 918 1032 ligare
952 952 983 1011 in

57 1031 289 1111 animo'habet,
312 1033 372 1094 hoc
393 1034 477 1094 Deus
499 1054 589 1095 verus
610 1034 689 1095 ferre
711 1046 772 1096 non
795 1041 907 1115 potest.
940 1033 987 1094 lta

56 1114 248 1196 implacabili
271 1115 424 1177 discordia
445 1117 570 1178 verbum
594 1118 650 1177 Dei
675 1124 706 1179 et
728 1117 908 1180 traditiones
932 1116 985 1177 ho·

59 1198 176 1258 minum
198 1205 347 1280 pugnant,
371 1219 432 1260 non
455 1200 543 1262 aliter
565 1207 656 1280 atque
680 1201 761 1262 Deus
789 1204 855 1282 ipse
879 1206 911 1262 et
932 1199 985 1262 Sa·

57 1286 112 1341 tan
134 1280 193 1342 sibi
213 1282 346 1358 invicem
369 1282 579 1366 adversantur,
603 1290 634 1344 et
649 1285 727 1344 alter
748 1283 873 1345 alterius
891 1302 986 1364 opera

57 1363 203 1425 dissolvit
224 1371 255 1426 et
276 1364 421 1446 dogmata
443 1366 569 1444 subruit,
591 1369 736 1447 tanquam
766 1369 790 1427 si
814 1366 873 1427 dno
895 1385 984 1447 reges

56 1447 136 1508 alter
158 1447 283 1508 alterius
305 1469 432 1529 regnum
453 1450 626 1534 populetur.
684 1449 743 1525 Qui
765 1469 828 1511 non
853 1456 900 1510 est
921 1469 983 1510 me·

56 1548 139 1613 cum,
162 1531 205 1591 ait
226 1530 417 1615 Christus*),
440 1540 547 1593 contra
569 1552 617 1593 me
639 1540 694 1594 est.

142 1611 233 1690 Quod
255 1632 329 1675 vero
353 1623 451 1676 metus
474 1618 531 1689 sit,
554 1615 694 1696 multos,
723 1616 774 1695 qui
807 1613 845 1675 ad
867 1613 984 1694 flagitia

55 1698 147 1778 proni
169 1704 249 1776 sunt,
271 1697 420 1760 abusuros
443 1719 481 1759 ea
502 1699 665 1779 libertate,
698 1698 758 1758 hoc
778 1697 927 1758 referetur
943 1696 982 1757 ad

56 1779 205 1840 tumultus
226 1780 308 1858 illos,
330 1785 476 1862 tanquam
498 1801 569 1862 pars
591 1782 693 1862 leprae
721 1781 808 1841 istius
830 1786 984 1860 tempora-

56 1863 96 1927 lis¹
117 1863 299 1925 tolerandae
332 1871 364 1925 et
390 1866 461 1926 mali
483 1865 626 1941 ferendi,
659 1883 719 1926 nec
752 1865 828 1925 tanti
850 1861 983 1923 habendi

56 1952 137 2028 sunt,
160 1952 194 2008 ut
215 1954 342 2028 propter
366 1951 503 2028 ipsorum
531 1947 659 2009 abusum
688 1945 893 2008 cohibendum
916 1965 981 2006 ver·

56 2029 128 2091 bum
150 2029 210 2091 Dei
232 2031 367 2094 tollatur.
423 2031 454 2092 Si
477 2050 539 2092 non
569 2050 676 2092 omnes
705 2032 819 2091 servari
842 2036 981 2110 possunt,

55 2112 150 2194 aliqui
171 2118 274 2174 tamen
304 2121 481 2195 servantur,
514 2123 639 2196 propter
672 2132 749 2194 quos
776 2113 902 2174 verbum
925 2113 981 2173 Dei

56 2199 149 2275 venit,
171 2196 202 2257 hi
215 2204 320 2258 amant
341 2216 380 2258 eo
402 2197 568 2258 ferventius
581 2204 612 2258 et
625 2199 821 2259 consentiunt
834 2197 979 2258 sanctius.

56 2278 136 2354 Quid
160 2280 241 2341 enim
255 2280 405 2341 malorum
429 2287 460 2340 et
480 2287 572 2342 antea
592 2299 655 2341 non
672 2281 808 2341 lecerunt
828 2280 913 2360 impii
924 2278 980 2339 ho·

56 2364 170 2441 mines',
194 2381 262 2425 cum
285 2362 401 2424 nullum
423 2363 549 2425 verbum
574 2363 679 2424 esset?
709 2366 771 2424 imo
800 2362 870 2443 quid
907 2361 981 2422 boni

54 2445 219 2509 feceruut?
262 2448 310 2508 An
339 2465 402 2507 non
426 2465 549 2528 semper
575 2445 706 2507 mundus
729 2445 830 2524 bello,
864 2444 980 2522 fraude,

55 2530 214 2609 violentia,
237 2529 391 2590 discordia
423 2537 453 2590 et
475 2530 617 2591 omnibus
651 2529 817 2590 sceleribus
855 2526 980 2588 inunda-

55 2612 122 2674 vit?
144 2613 200 2695 ita,
222 2620 256 2673 nt
276 2612 473 2690 Micheas**)
512 2615 660 2694 optimum
689 2613 768 2672 inter
796 2629 850 2672 eos
873 2611 980 2690 spinae
1101 2666 1107 2681 ,

56 2701 226 2778 comparet,
248 2697 320 2776 quid
343 2702 433 2777 putas
455 2696 590 2776 reliquos
613 2694 761 2757 vocaret?
793 2694 883 2755 Nunc
903 2711 978 2754 vero

54 2780 190 2841 venienti
212 2779 383 2860 Evangelio
406 2775 548 2860 imputari
574 2780 700 2859 incipit,
730 2777 812 2858 quod
835 2775 979 2836 'mundus

55 2863 153 2924 malns
176 2863 239 2941 sit,
272 2881 340 2923 cum
363 2865 463 2923 verius
496 2862 667 2943 Evangelio
700 2861 783 2923 bono
815 2860 980 2940 elucescat,

55 2963 146 3025 qnam
172 2945 269 3007 malus
290 2945 391 3024 fuerit,
413 2945 485 3006 dum
508 2947 574 3007 sine
597 2945 768 3026 Evangelio
789 2945 820 3004 in
845 2944 979 3005 tenebris

55 3031 115 3090 suis
139 3035 256 3112 ageret.
310 3027 364 3092 Sic
394 3029 527 3090 illiterati
560 3030 655 3090 literis
690 3025 875 3108 tribuant1),
896 3025 979 3107 quod

54 3113 111 3174 illis
134 3111 316 3174 florentibus
339 3132 444 3174 eorum
466 3113 587 3173 inscitia
608 3112 781 3173 innotescit.
825 3111 911 3172 Haec
932 3116 980 3170 cst
1050 3108 1054 3113 ’

53 3197 163 3279 gratia,
187 3215 277 3277 quam
300 3193 538 3279 rependimus2)
573 3195 668 3257 verbo
691 3196 772 3256 vitae
804 3200 835 3254 st
861 3193 978 3255 salutis.

55 3279 209 3356 Quantum
222 3299 297 3341 vero
310 3287 453 3360 putamus
470 3279 565 3340 fuisse
583 3281 722 3340 timorem
736 3277 816 3358 apud
837 3276 979 3352 Iudaeos,

55 3381 123 3424 cnm
160 3362 363 3444 Evangelium
397 3362 572 3424 absolveret
609 3381 717 3424 omncs
739 3381 759 3422 a
788 3361 858 3442 lege
880 3358 979 3420 Mosi?

124 3662 153 3733 *l
172 3663 266 3721 Lucae
285 3667 327 3721 11.
363 3663 412 3734 ”l
432 3662 513 3720 Mioh.
532 3665 558 3721 7.
589 3663 620 3734 1)
644 3664 675 3717 in
692 3662 737 3718 ed.
756 3664 826 3718 len:
845 3661 978 3720 tribuunt.

53 3735 204 3864 {meod
224 3751 252 3795 a.
272 3738 354 3796 1526:
386 3735 630 3806 reprehendimus,
659 3735 687 3789 in
706 3733 751 3791 ed.
771 3736 856 3791 1525:
879 3738 979 3806 rspon-

709 3877 769 3950 10*
