2348 4162
302 262 391 319 emico
410 261 520 318 cuidam
538 261 735 333 praescriptae.
895 260 978 326 -383
1093 280 1096 286 '

54 453 151 496 cesse·
167 440 223 516 est,
246 453 314 496 eum
337 435 431 495 inisse
443 434 597 514 abaliquo
611 434 798 514 hospitatum
815 439 846 495 et
859 432 977 519 alitum..

27 558 32 565 -
54 518 112 580 Hic
133 519 262 598 cogitari
285 525 402 598 potest,
431 537 499 578 oum
522 517 666 578 habuisse
688 516 805 596 aliquot
827 526 977 599 cognatos

54 604 85 662 iu
107 599 288 681 Ierusalem,
309 603 381 662 item
410 601 492 681 quod
528 600 799 678 manducaveritlj
823 601 904 681 apud
927 603 978 662 eli·

55 704 147 765 quem
175 686 266 747 viiem
304 687 401 746 civem
429 684 583 764 hospitum
596 683 649 765 ²);
682 682 755 744 item
784 684 867 763 quod
896 684 977 764 apud

55 769 192 848 aliquem
214 768 353 829 Levitam
375 769 426 828 vel
448 767 641 828 sacerdotem
664 767 767 846 fuerit3
799 769 871 827 item
895 767 978 846 quod

55 853 86 912 in
110 852 225 931 templo
248 851 330 931 apud
352 850 495 912 custodes
518 859 548 912 et
570 850 743 930 praefectos
765 851 979 930 tempiituerit.

55 934 135 995 Nam
169 937 200 994 in
233 932 344 1013 plateis
367 954 435 994 cum
460 935 625 1014 mansisse,
659 935 726 1013 quis
748 932 873 994 eredat?
914 934 978 994 lam

56 1036 149 1098 quem
170 1018 261 1078 facile
282 1023 330 1078 est
349 1018 381 1078 in
403 1036 499 1098 parve
521 1018 645 1077 civitate
666 1016 762 1077 filium
784 1019 814 1076 in
837 1017 904 1077 eliis
928 1016 980 1077 do·

56 1099 157 1161 mibus
179 1119 317 1179 manere,
339 1102 453 1180 ignaris
475 1099 667 1180 parentibus,
691 1106 806 1180 quanto
829 1101 927 1180 magis
948 1101 978 1159 in

56 1184 116 1245 hac
138 1191 201 1244 tem
224 1203 337 1263 magna
358 1184 492 1244 civitate.

140 1283 295 1363 Secundo,
318 1303 386 1345 oum
410 1283 542 1365 quibus?
584 1283 663 1344 Nam
686 1283 802 1364 absque
824 1282 916 1346 dnbio
930 1303 979 1346 co·

56 1373 206 1430 aemneos
228 1367 435 1430 habuitsicut
457 1368 638 1447 olimpum,
660 1372 692 1426 et
712 1367 791 1428 forte
813 1387 881 1428 cum
894 1370 980 1431 socio

57 1469 115 1512 suo
136 1452 168 1511 iu
191 1450 318 1511 alicuius
340 1451 464 1512 alterius
487 1450 572 1530 pueri
595 1449 718 1511 domum
738 1452 870 1529 intravit,
893 1452 981 1511 sicuti

57 1533 162 1595 solent
181 1535 276 1614 pueri.
319 1534 395 1594 Nam
430 1534 604 1594 communie
626 1532 788 1614 puerorum
820 1553 882 1594 non
912 1544 982 1594 sunt

57 1615 202 1699 neganda
225 1616 355 1678 christo.
397 1616 466 1678 Nou
484 1619 567 1678 enim
588 1616 645 1677 fnit
665 1616 744 1696 lapis
765 1618 981 1698 interpueros,

58 1701 113 1761 sed
135 1700 242 1761 similis
263 1701 333 1784 illis,
356 1700 467 1760 similia
487 1701 613 1778 faciens,
634 1701 767 1780 peticus,
788 1700 863 1760 citra
875 1718 980 1780 pecce-

58 1791 134 1865 tum,
156 1783 226 1843 lusit
247 1802 316 1844 cum
340 1785 394 1862 eis,
415 1785 471 1844 ivit
492 1802 561 1844 cum
584 1785 638 1864 eis,
661 1790 692 1843 et
714 1784 774 1844 alia
794 1783 924 1863 puerilia
937 1783 979 1844 se-

59 1868 110 1947 cit,
133 1867 213 1927 sicut
233 1886 322 1929 verus
344 1867 438 1928 homo
462 1873 604 1948 etvetus
627 1886 712 1948 puer.

139 1984 255 2065 Tertio,
277 1985 435 2068 quomodo
457 1986 559 2066 potuit
579 1985 680 2049 sciens
703 1987 761 2047 iste
777 1985 887 2065 facere,
912 2003 980 2047 cum
1004 2034 1007 2039 .

57 2068 149 2129 sciret
171 2070 259 2129 metri
281 2069 342 2130 hoe
363 2069 468 2131 dolere
490 2068 711 2130 vehementer?
753 2069 822 2130 Hoc
844 2071 982 2130 enimest

56 2158 166 2212 eontra
187 2150 393 2213 obedientiam
415 2161 585 2233 parentum,
605 2152 686 2212 sieut
708 2161 738 2213 et
759 2160 857 2213 meter
878 2155 904 2213 ei
929 2153 981 2215 ob·

58 2235 123 2295 iicit
147 2233 264 2300 dicens:
295 2234 374 2310 Quid
399 2236 497 2297 iecisti
519 2235 608 2296 nobis
630 2235 696 2296 sic?
739 2236 799 2297 Sed
810 2235 908 2297 Lucas
924 2239 982 2297 ieta

58 2316 164 2378 scribit
194 2337 250 2398 pro
273 2326 470 2400 argumento,
506 2318 588 2398 quod
613 2318 749 2379 christus
782 2337 845 2379 uon
881 2319 981 2379 solum

58 2411 142 2461 esset
162 2401 275 2480 bomo,
309 2402 363 2463 sed
387 2403 478 2464 etiam
501 2402 600 2482 Deus,
630 2403 753 2481 utqui,
787 2420 855 2463 cum
878 2401 980 2483 vellet,

58 2484 157 2565 potuit
178 2503 241 2546 non
265 2485 400 2566 obedire,
423 2484 478 2545 sed
500 2485 651 2564 imperare
664 2485 852 2564 perentibus,
874 2505 914 2545 ne
938 2488 981 2546 vi·

59 2567 182 2629 deretur
215 2587 284 2629 esse
321 2569 500 2650 simpliciter
535 2569 639 2630 homo.
681 2566 755 2627 Ideo
786 2568 892 2628 scribit
920 2568 979 2649 hic,

58 2650 233 2730 quodcum
257 2651 300 2712 eis
323 2652 482 2714 descendit
508 2658 538 2712 et
560 2649 697 2712 subditus
718 2651 775 2711 fuit
795 2650 872 2732 iilis,
895 2655 981 2730 quesi

58 2735 190 2796 diceret:
232 2732 268 2796 In
301 2735 363 2797 hoc
396 2738 465 2797 ioco
488 2753 552 2796 non
584 2735 640 2795 fuit
669 2737 712 2794 eis
735 2728 889 2813 subditus,
927 2736 981 2795 sed

58 2817 223 2898 praetatus,
247 2827 318 2899 post
341 2826 442 2880 eutem
466 2817 600 2879 subdidit
621 2836 690 2878 sese
713 2820 767 2898 eis,
791 2818 981 2879 ettalenihil

59 2901 192 2982 amplius
213 2901 285 2962 fecit
308 2905 456 2982 usquein
481 2902 561 2962 diem
583 2901 792 2982 baptismatis,
818 2901 868 2962 ubi
893 2920 982 2962 voea-

58 2992 107 3045 tus
129 2985 185 3045 init
206 3004 225 3046 a
247 2985 390 3046 Petreio
412 2985 554 3049 Iordane.

55 3144 59 3149 -
130 3103 261 3164 Tertius
283 3103 370 3164 locus
389 3104 522 3183 moralis,
544 3103 653 3183 plenus
666 3102 816 3184 exemplis
829 3102 980 3163 bonorum

59 3205 198 3268 operum,
221 3188 352 3247 scilicet:
389 3187 501 3267 Primo,
524 3185 605 3266 quod
623 3186 662 3246 ad
685 3186 850 3248 leruselem
874 3205 981 3246 escen-

59 3270 103 3329 dit
123 3270 163 3330 ad
186 3271 300 3331 cultum
324 3279 354 3331 et
376 3270 581 3331 obedientiam
604 3268 674 3348 Dei,
696 3272 814 3331 scilicet
835 3276 868 3330 ut
888 3269 983 3330 liben-

57 3361 105 3434 ter
127 3353 254 3415 verbum
268 3354 324 3414 Dei
345 3353 514 3416 audiamus.
559 3352 711 3434 Secundo,
734 3347 816 3433 quod
839 3348 983 3433 disputat,

48 3432 179 3516 'quaerit
201 3445 232 3498 et
254 3436 349 3515 audit,
368 3443 403 3497 ut
423 3455 654 3517 perseveremus
666 3438 697 3495 in
709 3437 803 3499 verbo
825 3436 981 3497 discendo.

57 3520 174 3599 Tertio,
198 3520 280 3601 quod
304 3522 394 3582 etiarn
408 3529 549 3603 parentes
573 3520 711 3581 oblivisci
732 3529 763 3581 et
784 3522 880 3581 amitti
894 3538 982 3600 opor-

130 3746 165 3858 1)Ι
184 3791 216 3845 In
234 3789 279 3846 ed.
298 3791 368 3845 Iena
386 3789 591 3847 mendicavcrit.
629 3792 662 3861 2)
683 3789 766 3848 ibid:
788 3789 946 3863 hospitium.
