2348 4162
202 262 267 329 430
404 262 609 320 Ocnduncuiaa
626 260 763 332 quaem
781 261 816 317 D.
835 261 871 318 ti.
893 262 925 318 L.

204 433 243 495 ad
265 435 386 514 nuptias
405 431 448 516 ¹).
490 430 538 494 Ilii
566 438 668 494 autem
702 432 906 514 neglexerunt
926 439 957 496 et
978 433 1121 511 abierunt,

203 516 281 578 alius
330 520 360 577 in
403 517 506 578 villam
548 535 650 596 suam,
682 517 760 578 alius
805 535 878 578 vero
913 516 953 577 ad
987 518 1122 598 negotia·

204 602 319 662 tionem
343 621 447 681 suam,
468 601 576 678 reliqui
599 617 673 661 vern
693 606 857 661 tenuerunt
878 619 987 663 servos
1010 603 1077 661 cius
1098 608 1123 660 et

204 683 397 745 contumeliis
433 682 561 746 affectos
598 681 786 744 ecciderunt.
828 682 896 744 Rex
931 691 1123 745 autemeam

204 766 357 845 audisset,
390 769 484 828 iratus
507 772 571 844 est,
593 773 624 827 et
644 768 745 828 missia
767 766 953 828 exercitibus
976 768 1041 827 suia
1063 786 1124 847 per-

182 850 280 917 ,didit
299 850 470 911 homicidas
491 849 561 911 illos
584 855 615 910 et
636 851 791 910 civitatem
813 850 936 911 illorum
958 850 1123 911 succendit.

202 935 290 995 Tunc
311 936 354 994 ait
376 935 471 995 servis
494 934 571 993 suis:
593 930 728 1013 Nuptiae
750 932 872 1012 quidem
895 940 1026 1013 paratae
1048 940 1122 1011 sunt,

202 1016 259 1078 sed
280 1019 331 1096 qui
352 1017 470 1079 invitati
493 1022 589 1097 crant,
612 1035 675 1076 non
696 1016 818 1077 fuerunt
848 1015 941 1097 digni.
986 1017 1034 1078 lte
1055 1036 1122 1097 erga

203 1101 242 1161 ad
264 1102 362 1160 exitus
384 1101 513 1177 viarum,
536 1106 567 1159 et
589 1117 789 1179 quoscunque
805 1100 996 1181 inveneritis,
1018 1108 1122 1161 vocate

203 1184 242 1243 ad
266 1184 396 1262 nuptias.
440 1183 479 1243 m
511 1183 627 1263 egressi
650 1183 730 1243 servi
751 1183 817 1243 ains
850 1184 881 1243 in
905 1184 972 1243 vias
1002 1201 1121 1264 congre

203 1275 355 1347 gaverunt
376 1284 500 1342 omnes,
523 1284 601 1345 quoa
623 1266 816 1345 invenerunt,
838 1266 936 1327 maios
959 1273 993 1328 et
1013 1264 1119 1346 bonna,

202 1357 233 1410 et
259 1349 405 1429 impietae
437 1358 507 1410 aunt
529 1350 654 1428 nuptiae
689 1348 956 1413 discumbentium.
998 1349 1121 1411 intrari

201 1439 303 1493 autam
326 1452 391 1513 rex,
414 1441 447 1492 ut
469 1431 589 1492 videret
601 1430 839 1512 discumbentes,
861 1438 893 1494 et
914 1432 992 1494 vidit
1011 1432 1056 1495 ibi
1075 1434 1120 1493 hc

202 1516 315 1576 minem
353 1534 414 1577 non
446 1517 589 1575 vestitum
622 1522 708 1576 vesta
747 1515 884 1595 nuptiali.
926 1515 969 1577 Et
999 1518 1045 1577 ait
1072 1515 1119 1577 iili:

204 1600 325 1680 Amice,
358 1598 514 1679 quomodo
547 1597 609 1657 huc
641 1600 761 1659 intrasti
782 1616 846 1659 nnn
867 1598 986 1659 habens
1009 1605 1119 1660 restam

202 1682 392 1763 nuptialem?
434 1684 476 1742 At
510 1681 563 1741 ille
591 1681 751 1743 obmutuit.
793 1681 880 1742 Tunc
901 1681 977 1743 dicit
997 1702 1055 1743 rex
1076 1684 1119 1743 mi·

202 1767 320 1825 nistris:
363 1765 477 1846 Ligatis
511 1765 652 1824 manibus
686 1772 717 1826 et
747 1764 875 1845 pedibus
908 1767 975 1826 eius
1018 1768 1119 1826 mittite

202 1867 272 1910 eum
294 1851 324 1909 in
347 1849 489 1910 tenebras
511 1849 689 1929 exteriores,
710 1848 753 1909 ibi
775 1849 833 1909 erit
851 1847 940 1909 fletus
964 1856 996 1910 at
1017 1849 1120 1910 strider

202 1931 346 1993 dentium.
404 1932 488 1993 Multi
528 1932 609 2015 anim
648 1938 720 1992 aunt
756 1933 876 2011 vocati,
914 1935 1007 2012 pauci
1054 1950 1118 1993 vara

202 2016 300 2076 eiecti.

285 2098 385 2179 Pingit
405 2097 571 2177 imaginem
583 2098 733 2159 ecclesiae
744 2106 775 2159 et
786 2097 870 2158 verbi
886 2098 942 2159 Dei
956 2099 987 2158 in
1000 2098 1118 2159 mundo.

202 2181 335 2242 Primum
369 2182 399 2240 in
421 2180 536 2241 ludaen
559 2181 691 2261 populo,
726 2183 777 2242 ubi
806 2181 964 2262 distinguit
986 2182 1118 2263 duplicas

201 2265 368 2346 discipulos
391 2264 491 2341 verbi,
525 2263 658 2342 scilicet,
691 2267 762 2345 quia
796 2267 898 2325 vocati
925 2265 965 2325 ad
1003 2267 1117 2347 nuptias

200 2348 323 2430 quidam
346 2354 598 2428 contempserunt
619 2347 744 2410 verbum
767 2352 799 2409 et
818 2349 881 2409 suis
901 2349 1011 2411 intenti
1034 2349 1117 2410 lucris

201 2438 378 2493 manserunt
400 2432 492 2510 domi,
513 2431 635 2510 quidam
659 2434 750 2494 etiam
763 2433 915 2513 persecuti
939 2442 1011 2493 aunt
1033 2440 1118 2493 etoc·

200 2515 339 2578 ciderunt
360 2516 529 2593 ministros,
561 2514 617 2575 sed
638 2515 773 2576 vindicta
801 2522 848 2576 est
869 2522 986 2597 secuta,
1009 2516 1119 2577 scilicet

201 2601 343 2662 vastatio.
386 2599 426 2658 Et
448 2598 527 2659 haec
547 2598 670 2677 quidem
692 2598 814 2660 ludaeis
848 2600 1047 2680 contigerunt
1073 2618 1118 2659 vn·

200 2692 279 2744 stata
301 2681 425 2743 tandem
435 2680 610 2761 ierusalem,
628 2682 679 2743 ubi
693 2690 754 2743 tam
766 2688 1007 2763 contemptores,
1032 2700 1116 2764 quam

200 2773 414 2847 persecutores
436 2764 544 2845 perditi
569 2772 648 2831 sunt.

283 2850 351 2910 Hcc
373 2849 487 2908 factum
520 2856 566 2908 est
600 2849 776 2929 exemplum
805 2849 948 2910 omnibus
970 2849 1117 2929 gentibus,

202 2935 273 3013 quia
303 2939 333 2993 et
355 2933 442 3012 ipsae
478 2933 577 3011 primc
600 2939 853 3013 contempserunt
882 2942 912 2992 et
942 2942 1118 3013 persecutae

200 3022 286 3093 sunt,
309 3015 419 3075 deinde
441 3016 611 3095 perierunt,
633 3025 666 3075 ut
687 3016 801 3094 Roma,
829 3015 962 3076 Graecia
984 3024 1044 3077 ete.
1085 3014 1119 3077 m

200 3108 378 3180 perseverat
412 3099 601 3179 exemplum,
634 3106 664 3158 et
698 3099 751 3160 fiet
779 3099 871 3159 etiam
894 3100 1010 3160 nestris
1033 3099 1119 3161 bodie

199 3184 337 3263 tyrannis
352 3190 383 3243 et
396 3183 667 3263 contemptoribus.
711 3182 813 3258 Quare
824 3183 944 3263 beatus,
967 3184 1019 3263 qui
1041 3184 1120 3244 timet

200 3267 365 3327 Dominum
399 3271 429 3326 ct
461 3274 616 3328 reveretur
638 3266 764 3328 verbum
787 3269 869 3346 eiua,
901 3266 976 3328 licet
997 3268 1039 3329 sit
1060 3267 1119 3327 avia

199 3369 268 3411 rara
290 3352 321 3410 in
342 3350 438 3411 terris.

281 3431 440 3512 Secundo,
473 3434 544 3513 quia
577 3434 669 3495 etiarn
691 3435 721 3495 iu
755 3432 897 3515 gentibus
928 3434 1051 3497 iuturus
1070 3435 1119 3496 init

270 3703 302 3773 1)
324 3704 354 3757 In
374 3702 418 3760 ed.
437 3704 506 3775 orig.
525 3702 611 3761 verba
628 3702 775 3776 Evangelii
793 3702 930 3761 hactenus
940 3710 1049 3763 tantum
1062 3700 1116 3762 rad·

199 3768 308 3843 duntur,
328 3775 435 3845 reliqua
450 3790 468 3830 a
486 3777 567 3832 nobis
585 3777 787 3846 repetitarum
804 3792 838 3831 ex
857 3777 902 3833 ed.
921 3778 979 3834 lan.
