2348 4162
276 274 301 314 c.
321 272 386 329 pap.
406 263 435 315 et
451 261 523 328 port
541 253 589 311 int.
608 260 696 311 const.
716 250 876 311 asserenda.
983 246 1068 318 473*

124 431 251 493 niiestos
274 435 464 510 peccatores,
486 426 651 489 sedetiam
673 426 851 507 hypocritas
872 423 1046 504 prosternit,

124 514 269 592 damnat,
297 522 328 572 et
350 517 496 573 terrorem
520 511 828 591 desperationemque
860 509 965 590 affert,
1000 514 1047 568 est

122 598 173 659 iiie
208 596 346 671 ma'iieus,
368 596 406 655 de
429 614 490 674 quo
512 593 657 655 Ieremias
680 595 738 653 ait:
774 592 907 653 Verbum
943 612 1044 652 meum

124 681 253 741 malleus
274 686 322 740 est
343 688 507 739 conterens
531 685 640 758 petras.
686 677 770 736 Haec
792 695 853 735 non
877 684 923 736 est
945 677 1047 736 activa

125 764 280 840 contritio,
303 769 356 823 aut
378 762 536 839 accersita,
560 760 613 821 sed
633 762 755 840 passiva
779 761 931 837 contritio,
954 759 1045 818 reris-

123 848 219 907 simns
249 848 401 906 cruciatus
436 844 555 921 cordis,
591 844 694 924 passio
723 851 754 903 et
784 862 892 902 sensus
929 844 1046 907 mortis.

123 930 226 1010 Atque
249 929 309 989 hoo
331 936 377 989 est
398 948 501 988 veram
524 927 744 1008 poenitentiam
766 927 922 1001 inchoare,
945 933 975 986 et
996 943 1046 985 co·

122 1016 203 1095 gitur
232 1013 325 1072 homo
360 1012 464 1071 audire
494 1011 583 1070 tatem
620 1011 817 1070 sententiam:
853 1010 965 1071 Actum
999 1014 1047 1069 est

121 1114 191 1157 cum
220 1096 361 1156 omuibus
395 1094 499 1170 vobis,
529 1095 595 1153 sive
623 1100 728 1173 aperte
757 1101 951 1173 peccatores,
980 1093 1045 1152 sive

122 1176 302 1259 iiypooritae
317 1180 400 1256 estis,
424 1184 545 1258 oportet
567 1195 623 1238 vos
644 1177 839 1237 omnesaiios
856 1176 931 1257 fieri,
954 1192 1045 1255 quam

123 1280 206 1323 nunc
227 1263 310 1336 estis,
332 1272 362 1321 et
384 1262 503 1341 operari
530 1260 621 1340 iouge
644 1260 742 1337 aliter,
765 1269 951 1339 atquenuno
973 1277 1046 1339 ope·

121 1345 242 1407 remini.
292 1345 365 1405 Utut
387 1345 460 1404 estis
485 1344 605 1422 magni,
643 1344 815 1422 sapientes,
850 1349 992 1421 potentes
1015 1349 1046 1402 et

121 1430 239 1507 sancti,
263 1447 354 1488 nemo
380 1435 424 1487 est
446 1429 553 1487 iustus.
602 1425 661 1486 Sed
685 1425 723 1485 ad
751 1425 812 1485 tale
835 1425 968 1485 officium
992 1443 1045 1485 no·

121 1531 194 1571 vum
224 1510 454 1571 Testamentum
482 1509 569 1570 addit
601 1508 838 1569 consolatoriam
871 1509 1046 1589 promissio·
1087 1522 1090 1527 '

122 1614 194 1655 nem
217 1596 334 1673 gratiae
367 1613 421 1674 per
444 1593 656 1673 Evangelium,
680 1611 769 1670 quam
793 1590 853 1651 fide
874 1591 1045 1671 apprehen·

121 1678 195 1738 dere
209 1677 366 1753 debemus,
390 1676 648 1754 quemadmodum
663 1675 800 1735 Christus
824 1677 874 1749 ait,
897 1675 989 1734 Marci
1018 1677 1044 1737 1:

121 1761 215 1839 Agite
236 1761 470 1840 poenitentiam,
494 1767 525 1818 et
547 1756 661 1819 credite
683 1757 872 1837 Evangelio,
906 1758 966 1818 hoo
987 1764 1045 1836 est,
1133 1772 1136 1777 ·

122 1844 347 1920 convertimini,
370 1843 539 1923 operamini
558 1842 645 1902 aliter
667 1845 698 1901 et
721 1841 834 1901 credite
851 1840 1046 1921 promissioni

124 1945 222 1990 meae.
277 1926 315 1986 Et
337 1933 409 1985 aute
433 1925 584 1986 Christum
607 1926 738 1986 loannes
774 1932 902 1985 vocatur
924 1921 1044 2004 praedi·

123 2016 211 2070 cator
233 2010 455 2089 poenitentiae,
480 2019 581 2069 tamen
608 2008 646 2068 ad
670 2008 881 2067 remissionem
905 2014 1046 2088 peccato·

121 2111 206 2172 rum,
245 2092 306 2153 hoc
344 2102 405 2170 est,
442 2092 575 2154 Ioannes
616 2091 720 2152 debuit
773 2110 880 2151 omnes
917 2108 1046 2170 arguere

120 2187 152 2235 et
174 2175 296 2252 docere,
319 2194 426 2235 omnes
445 2182 623 2256 peccatores
648 2194 726 2250 esse,
749 2177 916 2252 utscirent,
939 2173 1045 2253 quales

121 2265 227 2318 essent
248 2276 351 2319 coram
376 2258 452 2332 Deo,
475 2267 506 2319 et
527 2266 731 2338 agnoscerent
758 2277 791 2316 se
813 2278 883 2318 esse
905 2259 1045 2318 homiues

121 2340 279 2422 perditos,
309 2349 401 2420 atque
434 2344 475 2400 ita
498 2352 675 2420 pararentur
698 2340 823 2401 domiuo
853 2340 891 2400 ad
914 2339 1045 2419 amplec-

121 2424 245 2487 tendam
269 2427 397 2504 gratiam
437 2431 468 2483 et
500 2422 739 2504 exspectandam
773 2422 1046 2503 accipiendamque

120 2528 141 2569 a
164 2507 285 2571 Christo
307 2509 517 2567 remissionem
554 2513 759 2586 peccatorum.
804 2506 849 2566 Ita
871 2508 937 2586 ipse
960 2505 1045 2565 Chri-

122 2596 189 2650 stus
210 2590 282 2652 Luc.
309 2592 377 2650 uit:
411 2590 539 2670 Oportet
573 2589 751 2649 innomine
783 2608 852 2649 meo
877 2588 1045 2667 praedicari

122 2675 346 2753 poenitentiam
371 2681 401 2732 et
422 2674 633 2733 remissionem
662 2679 857 2752 peccatorum
880 2673 959 2733 inter
982 2690 1044 2731 om·
1070 2688 1072 2694 ·

122 2776 179 2817 nes
202 2763 321 2837 gentes.
371 2755 402 2816 Si
425 2776 498 2816 vero
522 2758 571 2815 tex
599 2755 667 2816 sola
690 2753 824 2815 officium
848 2774 935 2814 suum
959 2772 1045 2813 exer·

121 2847 192 2899 ceat
212 2847 332 2899 remoto
352 2838 535 2918 Evangelio,
557 2847 680 2919 praesto
703 2844 751 2897 est
774 2856 873 2914 mors,
900 2838 1045 2914 infernus,

122 2928 154 2982 et
175 2924 295 3002 cogitur
316 2923 408 2983 homo
432 2923 605 3002 desperare,
629 2927 663 2983 ut
684 2920 756 2981 Saul
781 2928 813 2981 et
833 2919 947 3000 ludas,
968 2922 1046 2980 sicut

120 3006 219 3084 inquit
242 3006 272 3067 S.
297 3005 423 3065 Paulus:
447 3005 510 3066 Lex
532 3025 587 3084 per
610 3010 769 3084 peccatum
798 3004 932 3082 occidit3
954 3023 971 3063 e
1003 3003 1045 3063 di·
1116 3051 1122 3061 .

121 3107 213 3148 verso
249 3088 452 3169 Evangelium
487 3108 548 3149 nou
585 3108 644 3149 uno
681 3094 798 3147 tanturn
834 3087 926 3148 modo
959 3085 1047 3147 affert
1146 3132 1150 3139 .

122 3172 371 3234 consolationem
395 3181 425 3231 et
447 3173 658 3233 remissionem
682 3179 890 3250 peccatorum,
913 3170 966 3230 sed
990 3189 1045 3249 per

122 3253 268 3335 verbum,
304 3263 513 3333 sacramenta,
542 3261 573 3314 et
595 3254 705 3315 similia
740 3254 836 3328 (sicut
858 3253 1046 3331 audiemus),

121 3347 153 3397 ut
177 3340 304 3417 copiosa
324 3338 404 3417 apud
423 3359 490 3398 eum
507 3338 677 3417 redemptio
701 3338 748 3413 sit
774 3343 807 3396 ut
826 3337 959 3396 aitPsal.
975 3338 1045 3414 130,

121 3421 272 3482 adversus
303 3441 444 3502 magnam
481 3423 688 3500 captivitatem
722 3421 849 3499 peccati.
903 3419 1043 3479 Ceterum

121 3504 311 3565 conferenda
339 3512 386 3564 est
415 3504 495 3566 falsa
521 3504 713 3585 poenitentia
742 3502 952 3582 sophistarum
976 3521 1044 3562 curu

121 3606 197 3651 vera
220 3588 425 3669 poenitentia,
455 3607 515 3668 quo
540 3597 667 3667 utraque
697 3593 783 3647 tanto
807 3586 914 3646 melius
936 3585 1046 3646 intelli·

119 3677 221 3753 gater.
