2348 4162
128 269 191 335 412>
325 256 531 327 colorandas
549 271 687 343 quasnam
704 272 741 325 n.
758 272 796 326 rr.
814 271 843 325 n

209 448 383 512 Secundum
407 447 540 509 officium
563 452 620 522 est,
642 445 786 525 audaces,
808 446 913 518 fortes,
933 443 1043 504 animo·

125 551 179 593 sos
200 533 302 594 lacere
322 538 353 593 et
373 533 533 614 impellere
554 529 593 591 ad
616 529 840 612 confitendum,
870 527 1045 609 praedican-

42 670 45 675 .
126 614 209 692 dnm,
231 616 403 678 docendum
427 615 580 677 christum
602 615 692 695 loris,
721 622 830 676 contra
851 611 998 674 mundum
1018 616 1047 672 et

52 766 55 771 ,
125 700 294 780 principem
317 701 398 780 eius,
430 699 491 760 hoc
514 704 577 777 est,
601 698 719 780 erigere
742 699 837 761 corda
857 716 933 776 erga
953 695 1047 756 bomi-

59 798 63 803 ·
125 802 181 844 nes
204 790 236 845 et
257 803 380 845 emnem
403 785 479 845 iram
503 781 628 845 diaboli.
672 782 758 844 Sicut
778 784 862 863 prior
872 781 987 844 erectio
1003 784 1048 838 est

126 886 230 930 eoram
253 868 320 928 Dee
345 872 451 949 contra
474 868 540 927 eius
561 867 637 927 iram
660 873 691 928 et
710 867 823 948 legem,
844 865 984 927 ita'haeo
1004 866 1047 922 est

125 953 240 1013 erectio
263 968 366 1011 soram
390 949 520 1025 mundo,
552 957 661 1011 contra
692 951 757 1011 eius
779 952 855 1011 iram
878 955 910 1010 et
931 948 1046 1027 sapien·

126 1035 210 1099 tiam.
254 1036 293 1095 Et
315 1036 467 1114 posterior
488 1032 635 1095 fortitudo
658 1036 795 1114 seqnitur
807 1034 943 1114 priorem
965 1034 1046 1092 natu·

125 1117 245 1192 raliter,
268 1118 354 1196 quia,
376 1125 540 1198 postquam
563 1116 692 1199 Spiritus
714 1124 839 1179 sanctus
861 1135 912 1176 me
935 1120 1046 1176 certum

124 1201 198 1262 lecit
219 1201 384 1263 defesore
405 1202 473 1277 Dei,
495 1203 555 1263 iam
580 1220 654 1262 mox
674 1201 779 1263 infert:
822 1199 904 1275 Quid
929 1196 1047 1279 ergo-ti·

126 1304 191 1345 mes
213 1284 392 1346 hominem?
434 1284 465 1347 Si
488 1285 572 1346 Deus
606 1304 663 1364 pro
686 1290 731 1365 te,
769 1285 836 1365 quis
866 1289 976 1345 contra
997 1280 1046 1343 tel

126 1364 249 1450 Audil)
274 1373 306 1428 et
326 1369 368 1429 sis
388 1370 498 1443 lortis3
521 1369 546 1429 si
572 1369 628 1429 Dei
650 1369 726 1430 iram
749 1366 913 1446 superasti,
935 1368 1045 1445 quanto

124 1452 223 1532 magis
246 1450 403 1513 hominum
425 1453 501 1513 iram
524 1450 693 1531 superabis,
717 1458 750 1512 ut
771 1450 848 1512 dixit
869 1448 999 1531 angelus
1010 1446 1045 1507 ad

123 1534 217 1596 laeob
239 1537 270 1597 in
294 1534 409 1597 Genesi
432 1536 481 1600 32.

411 1627 414 1634 '
486 1618 533 1678 De
554 1618 692 1680 veritate.

208 1700 351 1781 Spiritum
373 1702 511 1763 veritatis
533 1707 625 1763 vocat
636 1707 762 1782 propter
777 1699 954 1777 antithesin,
977 1717 1044 1760 eon·

124 1791 171 1844 tre
195 1803 302 1845 omnes
326 1786 449 1865 spiritus
471 1784 647 1846 mendaces.
690 1784 771 1861 Quia
792 1804 847 1860 ea,
881 1801 963 1863 qnae
983 1783 1045 1862 ipse

126 1866 217 1929 docet
239 1874 271 1930 et
292 1869 485 1941 consolatur,
520 1867 660 1929 videntur
689 1866 900 1946 toti'mundo,
934 1865 998 1926 imo
1019 1869 1046 1926 et

125 1953 211 2013 carni
233 1972 271 2012 ao
291 1951 491 2013 imbecillitati
502 1957 636 2026 nostrae,
659 1971 728 2013 esse
750 1951 819 2033 plus
841 1948 1045 2030 quamdecies

125 2033 296 2099 mendacia.
340 2034 456 2097 (luntre
476 2034 695 2096 istascandala
717 2040 891 2096 vocateum
906 2032 1045 2113 Spiritum

124 2118 273 2195 veritatis,
297 2118 382 2198 quasi
405 2117 534 2179 diceret:
571 2117 653 2181 Nihil
677 2138 734 2180 vos
761 2117 899 2180 offendat
919 2114 1045 2175 mundus

125 2220 194 2262 eum
218 2207 283 2262 tota
296 2202 456 2282 sapientia,
478 2203 627 2282 potentia,
651 2202 852 2281 multitudine,
876 2218 936 2261 neo
949 2204 1046 2260 vestra

123 2283 328 2358 imbecillitas,
351 2286 440 2364 quasi
461 2284 546 2348 sallat
560 2304 617 2347 vos
635 2284 763 2365 Spiritus
784 2287 843 2346 iste
856 2281 1045 2355 consolator,

125 2369 229 2430 omnia
251 2367 434 2430 videbuntur
454 2367 514 2428 illis
537 2375 567 2429 et
587 2367 674 2429 vobis
696 2371 771 2448 ipsis
794 2367 888 2439 laisa,
912 2364 967 2426 sed
989 2383 1044 2425 non

124 2450 220 2526 fallet,
242 2457 333 2530 stete,
355 2457 566 2532 perseverate,
594 2453 731 2513 sentietis
754 2453 853 2533 ipsum
876 2469 948 2512 esse
967 2467 1045 2510 vera·

126 2554 192 2595 eem
216 2555 274 2595 sua
295 2535 520 2598 consolatione.

436 2617 522 2679 Haec
544 2616 607 2677 dixi
631 2617 729 2693 vebis.

208 2699 277 2761 Duo
299 2707 370 2762 sunt
391 2699 539 2761 scandala
560 2706 667 2761 contra
689 2701 748 2761 ista
770 2699 830 2760 duo
854 2697 938 2759 dona
960 2695 1045 2777 Spiri-

67 2834 71 2849 .
123 2790 188 2862 tus,
209 2776 317 2844 codtra
340 2784 586 2845 consolationem
609 2789 673 2861 est,
704 2782 785 2862 quod
811 2780 942 2842 mundus
966 2779 1045 2841 dam·

124 2866 210 2928 nabit
233 2886 288 2928 eos
310 2872 455 2947 tanquam
486 2865 600 2928 diaboli
623 2867 779 2928 ministros
802 2871 832 2927 et
853 2864 962 2925 hostes
984 2862 1045 2937 Dei,

124 2951 174 3029 qui
198 2969 259 3011 nou
282 2948 417 3011 habeant
437 2951 602 3031 propitium
625 2950 735 3028 Deum,
758 2948 811 3010 sed
834 2947 1046 3027 blasphement

125 3035 240 3106 Deum,
274 3032 375 3113 digni,
408 3034 460 3113 qui
484 3035 790 3095 excommunicentur
811 3052 830 3092 a
852 3030 972 3111 populo
995 3027 1046 3089 Dei

124 3122 156 3176 et
177 3114 215 3175 ab
238 3115 378 3181 ecclesia.
422 3116 480 3177 Hic
501 3136 592 3191 sane,
620 3118 692 3196 quia
711 3116 796 3195 impii
820 3113 974 3175 ecclesiae
996 3130 1047 3173 no·

123 3217 193 3260 men
216 3199 347 3273 iactant,
382 3201 557 3262 necessaria
579 3201 634 3261 luit
656 3199 826 3261 admonitio
848 3195 980 3271 Christi,
1011 3212 1046 3254 ne

124 3282 368 3344 consolationem
391 3282 520 3363 Spiritus
542 3282 743 3345 abiiceremus
766 3278 1046 3342 eteoncederemus

123 3385 181 3427 nos
204 3385 272 3427 esse
293 3365 373 3427 tilios
396 3367 476 3441 irae,
507 3367 586 3427 sicut
612 3368 670 3446 ipsi
694 3366 831 3427 iudicant
853 3366 885 3424 et
907 3361 1046 3425 clamant.

209 3449 324 3510 Contra
363 3451 572 3511 testimonium
607 3469 661 3511 seu
694 3448 902 3510 fortitudinem
932 3443 1046 3525 praedi·

123 3530 213 3593 candi
238 3539 398 3612 opponunt
419 3534 480 3593 vim
503 3539 535 3594 et
554 3533 700 3615 gladium.
743 3533 801 3594 Hic
821 3532 931 3593 iterum
945 3546 1044 3589 neces

196 3783 224 3852 1)
243 3781 274 3837 In
294 3781 339 3841 ed.
357 3782 427 3838 lenc
446 3782 526 3839 aude.
