2348 4162
293 253 340 309 ad.
360 253 385 308 D
404 255 548 307 Erasmum
567 250 792 306 Roterodsmum.
945 247 1003 312 121

76 425 278 507 celebratius,
310 445 401 505 quam
424 425 564 488 assertio.
619 422 708 483 Tolle
736 427 943 505 assertiones,
973 430 1004 486 et

77 509 347 570 Christianismum
379 508 481 572 tulisti.
542 506 621 582 Quin
655 506 777 587 spiritus
812 517 935 570 sanctus
965 507 1003 569 de

77 591 167 653 coelo
191 590 250 652 illis
269 592 378 669 datur,
401 595 435 653 ut
456 590 603 657 clarificet
625 589 777 651 Christum
800 598 831 653 et
859 590 1003 653 conlitea-

77 681 124 735 tur
147 675 306 753 usquead
335 682 483 751 mortem,
512 672 571 734 nisi
598 671 659 733 hoc
689 680 821 735 nonest
854 693 1002 752 asserere,

77 757 119 818 ob
155 757 387 818 confessionem
423 762 454 818 et
486 756 686 817 assertionem
725 759 811 818 mori.
863 757 1003 836 Denique

78 840 158 900 adeo
183 842 293 902 asserit
314 841 455 922 spiritus,
478 846 511 900 ut
534 840 625 900 etiam
649 838 727 899 ultro
750 839 876 901 invadat
906 845 936 900 et
956 859 1000 899 ar-

77 931 154 1002 guat
175 923 324 984 mundum
347 923 385 983 de
409 928 549 1004 peccato,
573 920 657 982 velut
678 921 835 984 lacessens
858 942 1003 1003 pugnarn,

78 1017 107 1067 et
129 1005 244 1067 Paulus
270 1007 455 1067 Timotheou
486 1005 589 1066 iubeat
633 1005 792 1086 inerepare
825 1007 1003 1085 iustareque

78 1091 263 1169 importune.
308 1087 407 1169 Quam
431 1108 504 1148 vero
530 1088 602 1149 mihi
625 1087 753 1151 festivus
775 1089 866 1151 luerit
886 1088 939 1152 ille
960 1089 1003 1148 in-

78 1177 231 1252 crepator,
254 1173 306 1250 qui
328 1173 406 1252 ipse,
430 1169 670 1251 qnodiucrepat,
694 1191 796 1252 neque
816 1177 916 1233 certus
934 1190 1003 1248 cre·

78 1255 253 1333 datusque
275 1260 453 1316 constanter
478 1260 605 1332 asserat,
628 1255 667 1314 ad
691 1256 870 1336 Anticyram
886 1255 1004 1315 scilicet

78 1337 162 1398 illum
186 1338 347 1403 mitterem.

162 1419 224 1481 Sed
247 1419 311 1501 ego'
330 1421 422 1501 longe
443 1419 659 1500 stultissimus,
682 1421 786 1499 qui'in
809 1439 842 1480 re
864 1418 1003 1499 clariore,

80 1522 169 1581 quam
192 1502 242 1563 sol
265 1509 325 1583 est,
353 1502 448 1563 verba
470 1509 500 1562 et
522 1509 642 1583 tempus
666 1502 770 1580 perdo.
822 1502 896 1578 Quis
920 1501 1003 1562 Chri-

80 1588 248 1646 stianorum
285 1587 377 1662 ierat,
415 1586 600 1646 assertiones
636 1604 705 1645 esse
741 1584 1003 1646 contemnendas?

82 1668 145 1732 Hoc
168 1677 250 1728 esset
273 1669 356 1729 aliud
370 1668 455 1747 nihil,
479 1687 571 1747 quam
595 1668 689 1728 semel
703 1675 799 1728 totam
822 1667 1003 1748 religionem

82 1754 285 1832 mpietatem
308 1746 441 1833 negasse
476 1758 528 1811 aut
560 1751 745 1828 asseruisse,
772 1749 846 1811 nihil
870 1769 938 1810 esse
960 1769 1003 1810 re·

83 1833 226 1915 ligionem
265 1841 317 1895 aut
358 1835 502 1914 pietatem
537 1842 589 1895 aut
625 1833 719 1900 ullum
755 1832 878 1914 dogma.
922 1832 1003 1908 Quid

83 1936 153 1998 ergo
178 1925 210 1977 tu
232 1934 358 1998 quoque
380 1918 501 1988 asseris,
527 1936 590 1977 non
612 1916 749 1977 delector
771 1915 1006 1996 assertionibus,

83 2008 108 2059 et
129 2001 191 2060 hoc
212 2001 369 2080 ingenium
392 2006 422 2059 te
445 2000 537 2060 malle
560 2018 651 2078 quam
674 1999 850 2060 diversum?

47 2126 51 2135 .
161 2083 276 2144 Verum
308 2089 340 2143 tu
364 2081 406 2142 'de
435 2081 613 2143 confitendo
643 2081 764 2144 Christo
794 2089 826 2143 et
854 2080 1003 2161 dogmati·

83 2163 134 2226 bus
158 2167 224 2226 eiua
247 2165 296 2226 hic
318 2165 391 2226 nihil
414 2165 500 2225 voles
523 2165 656 2242 dixisse,
678 2172 761 2226 reeta
782 2183 922 2228 moneor.
965 2164 1005 2224 Et

83 2267 137 2330 ego
168 2247 359 2328 ingratiam
386 2249 428 2307 tui
451 2267 521 2309 meo
542 2250 600 2308 iuri
622 2251 653 2308 et
675 2249 752 2310 mori
775 2249 873 2327 cedo,
901 2266 938 2308 ao
967 2248 1004 2308 de

83 2333 183 2392 animo
206 2337 259 2392 tuo
298 2332 369 2392 uolo
397 2329 548 2411 iudicare,
574 2331 667 2410 inque
693 2331 776 2391 aliud
798 2339 919 2411 tempus
954 2330 1004 2390 vel

81 2415 144 2474 aliis
168 2413 200 2474 id
223 2433 367 2491 reservo;
398 2415 535 2491 interim,
569 2419 601 2473 ut
622 2413 758 2494 linguam
791 2421 822 2474 et
851 2413 1003 2473 calamum
1084 2466 1087 2471 .

82 2499 216 2577 corrigas
239 2503 270 2556 et
291 2496 437 2576 deinceps
462 2497 513 2558 tibi
537 2502 688 2577 temperes
716 2516 735 2557 a
757 2496 870 2557 talibus
893 2494 1003 2575 verbis,

81 2599 203 2658 moneo,
225 2599 296 2640 uam
328 2586 483 2657 utcunque
517 2581 636 2639 animus
670 2580 709 2639 sit
731 2580 850 2658 integer
878 2586 908 2638 et
931 2596 1003 2637 can-

80 2662 176 2742 didus,
201 2665 302 2724 oratio
327 2669 439 2744 tamen,
463 2681 542 2740 quae
565 2662 657 2722 animi
689 2661 847 2722 character
869 2679 938 2721 esse
962 2660 1004 2720 di·

81 2747 165 2822 citur,
189 2764 251 2806 non
275 2745 347 2806 talis
370 2752 426 2808 est.
475 2744 505 2806 ei
529 2746 608 2805 enim
632 2764 755 2805 causam
776 2743 863 2805 liberi
887 2743 1003 2804 arbitrii

81 2848 140 2889 uon
162 2829 372 2889 neeessariam
405 2825 483 2888 scitu
518 2847 576 2888 uec
607 2828 644 2888 ad
668 2827 822 2889 Christum
851 2827 1004 2908 pertinere

80 2911 244 2987 arbitraris,
267 2919 350 2972 recte
379 2911 524 2989 loqueris,
547 2918 579 2971 at
600 2913 692 2992 impie
715 2919 816 2972 tamen
839 2910 1003 2971 arbitraris.

80 2993 108 3054 Si
133 3013 208 3054 vero
238 2992 443 3054 necessariam
466 2995 645 3073 arbitraris,
680 2995 774 3076 impie
795 2993 951 3073 loqueris,
974 3001 1004 3054 et

80 3084 161 3137 recte
186 3075 352 3137 arbitraris.
394 3077 460 3138 Nec
483 3084 548 3138 tum
570 3078 628 3137 fuit
650 3077 736 3137 loeus
748 3124 757 3158 ,
788 3076 826 3137 de
848 3075 1005 3136 inutilibus

81 3159 299 3220 assertionibus
322 3164 352 3221 et
375 3161 448 3220 rixis
470 3165 556 3220 tanta
578 3159 729 3239 querulari
760 3167 790 3219 et
811 3159 1003 3240 exaggerari,

82 3243 153 3322 quid
177 3244 257 3302 enim
280 3243 358 3303 haec
380 3243 417 3302 ad
440 3249 552 3303 statum
576 3243 709 3303 causae?

160 3324 221 3387 Sed
244 3325 316 3406 quid
338 3326 420 3386 dices
443 3324 481 3386 de
503 3327 567 3386 istis
589 3329 647 3386 tois
671 3325 781 3406 verbis,
806 3324 855 3386 ubi
879 3344 940 3384 non
965 3323 1003 3383 de

80 3427 139 3468 una
162 3408 247 3469 liberi
281 3408 394 3469 arbitrii
419 3428 533 3486 causa,
568 3409 621 3470 sed
657 3407 695 3469 de
717 3410 809 3470 totius
845 3407 1002 3487 religionis

81 3490 274 3571 dogmatibus
297 3491 481 3572 generaliter
503 3491 594 3572 dicis,
619 3491 650 3553 si
672 3491 778 3552 liceret
799 3511 853 3572 per
876 3489 1002 3550 inviola-

51 3579 58 3593 '
81 3572 170 3634 bilem
199 3576 394 3636 autoritatem
418 3574 586 3636 divinarum
617 3575 771 3636 literarum
800 3579 831 3634 et
852 3573 1003 3634 ecelesiae

81 3655 212 3734 decreta,
236 3656 440 3719 discessurum
468 3663 499 3718 te
521 3660 552 3717 in
575 3657 787 3738 Sceptieorum
809 3657 1002 3734 seutentiam,

82 3738 157 3801 adeo
180 3760 241 3801 non
265 3740 428 3801 delecteris
451 3739 692 3803 assertionibus?
