2348 4162
204 266 207 271 ⁵
288 280 325 337 ad
342 280 376 337 D.
395 281 539 337 Erasmum
557 278 784 338 Rotsrodarnum.
839 278 843 283 '
936 272 995 342 171
1100 335 1104 343 .

70 448 130 512 bus
151 449 195 529 id,
218 450 300 530 quod
322 450 498 512 infirmitate
520 452 620 512 camis
643 453 722 533 lapsi
751 471 807 532 pro
830 450 926 514 libero
950 471 997 512 ar·

73 532 168 596 bitrio
185 532 337 612 dixerunt,
351 536 394 596 ita
415 535 657 616 apprehendunt,
680 543 712 596 ut
726 536 817 596 etiam
840 541 999 616 opponant

72 619 112 694 ei,
136 618 220 698 quod
242 618 304 679 alio
326 618 397 679 loco
425 619 505 678 idam
530 617 673 692 Patres1)
709 619 884 680 fortitudine
911 619 999 698 spiri·

70 702 150 761 ritus
174 709 283 763 contra
305 700 431 761 liberum
455 701 610 762 arbitrium
630 703 782 777 dixerunt,
805 708 867 762 tum
891 708 1001 781 urgent

72 804 150 845 mox
172 790 204 845 et
225 791 360 864 cogunt,
393 791 428 844 ut
449 784 557 846 melius
580 786 670 846 cedat
692 786 844 847 deteriori.
888 785 933 845 lta
955 784 998 864 fit,

72 874 107 929 ut
128 869 325 929 autoritatem
350 867 552 929 deterioribus
577 869 665 930 dictis
687 868 837 944 tribuant,
861 870 932 948 quia
957 868 1000 927 f-

73 948 161 1011 ciunt
181 949 221 1012 ad
243 971 365 1011 sensum
389 952 491 1012 caruis
513 971 608 1032 suae,
639 959 668 1012 et
699 952 835 1013 adimant
868 951 999 1012 meliori·

71 1034 142 1114 bus,
165 1035 238 1114 quia
257 1035 372 1096 faciunt
396 1040 503 1096 contra
524 1054 647 1096 sensum
673 1038 771 1096 carnis
794 1054 877 1099 suae.

158 1117 221 1179 Cur
241 1137 302 1179 non
326 1119 429 1198 potius
453 1117 593 1198 eligimus
615 1119 765 1180 meliora?
807 1118 895 1179 Talia
919 1118 998 1178 enirn

72 1200 171 1262 multa
193 1207 265 1261 sunt
285 1202 314 1261 in
338 1200 487 1263 Patribus.
545 1202 584 1262 Et
606 1208 639 1262 ut
660 1202 793 1282 exempli
822 1200 935 1280 aliquid
959 1201 1000 1261 af·

72 1284 181 1363 feram,
206 1284 278 1364 buid
302 1284 480 1346 carnalius?
501 1285 565 1345 imo
588 1285 659 1364 quid
678 1287 777 1366 magis
799 1287 936 1366 impium,
953 1303 999 1344 sa·

72 1367 221 1448 orilegum
245 1374 276 1428 et
289 1367 503 1447 blasphemum
526 1368 584 1427 dici
605 1374 717 1448 potest,
740 1368 893 1449 quamid,
917 1367 998 1447 quod

71 1450 280 1531 Hieronymus
295 1450 393 1512 solet:
416 1451 583 1530 Virginitas
596 1452 726 1529 coelum,
750 1453 923 1531 coniugium
942 1459 999 1511 ter·

72 1552 139 1594 ram
161 1532 284 1614 replet?
306 1535 393 1614 quasi
412 1534 598 1595 'Patriarohis
622 1541 654 1595 et
675 1534 834 1615 Apostolis
858 1553 894 1594 ac
916 1534 1000 1593 Chri·

72 1617 182 1678 stianis
204 1616 387 1697 coniugibus
409 1622 507 1696 terra,
535 1637 596 1678 non
621 1618 742 1678 coelum
765 1617 926 1692 debeat-ur,
948 1623 1001 1676 aut

72 1698 242 1780 virginibus
267 1699 440 1762 Vestalibus
462 1702 493 1760 in
523 1700 665 1782 gentibus
700 1701 766 1760 sina
789 1700 911 1760 Christo
931 1717 1000 1760 coe·

72 1783 135 1843 lum
160 1782 316 1848 debeatur.
366 1783 407 1845 Et
428 1789 531 1844 tamen
555 1784 632 1844 haec
660 1790 691 1844 et
712 1784 822 1844 similia
845 1803 884 1851 ex
907 1783 1001 1843 Patri·

72 1864 129 1926 bus
153 1865 305 1945 colligunt
326 1865 508 1946 Sophistae,
532 1866 602 1927 dum
625 1886 753 1927 numero
783 1868 885 1947 potius
909 1884 1000 1944 quam

72 1948 188 2010 iudicio
212 1955 340 2030 certant,
363 1956 395 2008 ut
418 1951 616 2011 autoritatem
631 1950 692 2010 illis
714 1958 836 2030 parant,
856 1948 1000 2030 quemad·

73 2030 201 2094 modum
224 2031 295 2092 fecit
317 2032 450 2092 insulsus
472 2033 525 2095 ille
547 2031 647 2096 Faber
668 2033 923 2112 constantiensis,
948 2033 999 2111 qui

72 2114 271 2197 Margaritum
294 2115 368 2176 illud
397 2136 507 2194 suum,
539 2117 569 2175 id
594 2123 658 2195 est,
694 2116 813 2198 Augias
847 2116 998 2176 stabulum

71 2205 172 2279 nuper
193 2197 322 2260 donavit
341 2198 489 2280 publico,
519 2205 552 2259 ut
574 2206 673 2280 esset,
697 2199 779 2281 quod
802 2200 859 2280 piis
883 2206 913 2259 et
935 2219 996 2259 eru·

72 2280 142 2342 ditis
165 2301 314 2342 nauseam
339 2283 433 2342 cieret
454 2289 485 2342 et
506 2282 663 2347 vomitum.
752 2318 758 2325 ·

153 2363 216 2426 Per
235 2364 315 2425 hacc
337 2364 375 2425 ad
397 2364 471 2425 illud
494 2366 684 2445 respondeo,
709 2365 759 2426 ubi
784 2364 879 2444 diois,
901 2366 1000 2424 incre·

72 2446 166 2509 ornile
189 2467 258 2508 esse
272 2446 317 2526 ²),
342 2454 374 2508 ut
396 2448 480 2508 Deus
503 2448 654 2509 ecclesiae
686 2467 760 2508 suae
784 2467 917 2509 errorem
942 2448 998 2506 dis·

71 2530 224 2591 simularit
243 2536 290 2591 tot
311 2530 432 2604 seculis,
455 2551 514 2592 neo
530 2532 583 2591 ulli
604 2538 781 2592 sanctorum
804 2550 926 2591 suorum
950 2549 997 2590 re-

70 2614 243 2692 velaverit,
265 2612 296 2673 id
319 2613 402 2693 quod
424 2634 482 2676 nos
513 2613 726 2676 contendimus
749 2633 818 2674 esse
840 2613 998 2675 doctrinae

72 2696 284 2775 Evangelicaa
307 2703 409 2777 caput.

36 2847 38 2851 y
152 2779 289 2840 Primum
321 2799 384 2841 non
429 2779 557 2840 dicimus
588 2798 721 2840 errorem
755 2781 837 2841 hunc
870 2801 937 2842 esse
964 2783 994 2841 in

70 2862 205 2923 ecclesia
227 2881 282 2922 sua
297 2862 459 2923 toleratum
483 2864 594 2943 aDeo‚
619 2882 676 2924 nec
696 2865 727 2924 in
746 2865 809 2925 ullo
832 2884 887 2925 suo
911 2884 999 2924 sano·

69 2950 125 3026 to,
158 2944 292 3006 ecclesia
314 2947 395 3006 enim
419 2947 523 3026 spiritu
546 2947 603 3008 Dei
626 2948 758 3027 regitur,
782 2949 880 3009 sancti
903 2968 997 3028 agun-

35 3048 38 3053 ·
69 3033 115 3088 tur
136 3029 247 3108 spiritu
271 3028 345 3108 Dei,
368 3029 456 3093 Rom.
480 3032 528 3110 8.‚
552 3036 582 3090 et
604 3030 782 3104 Christus*)
810 3050 878 3092 cum
901 3031 996 3092 acole-

68 3112 112 3172 sia
134 3131 193 3172 sua
229 3116 333 3171 manet
355 3131 452 3192 usqua
487 3112 525 3174 ad
553 3115 850 3175 consummationem
881 3114 996 3194 mundi,

69 3199 98 3253 et
119 3192 255 3254 ecclesia
276 3193 396 3270 netu)
422 3203 468 3256 est
481 3195 705 3257 firmamentum
729 3203 760 3257 et
780 3198 924 3259 columna
947 3218 996 3258 ve·

68 3277 174 3342 nitatis.
219 3276 321 3356 Haeo,
343 3279 486 3358 inquam,
509 3280 667 3358 novimus,
689 3298 761 3340 nam
785 3281 829 3340 sio
850 3280 942 3341 habet
965 3287 996 3340 et

68 3356 248 3440 Symbolum
264 3362 399 3420 omnium
422 3368 574 3423 nostrum:
603 3361 703 3423 Credo
721 3364 883 3424 ecclesiam
906 3383 995 3423 sanc·

67 3448 127 3504 tam
162 3443 374 3522 catholicam,
409 3451 442 3505 ut
473 3444 663 3525 impossibile
696 3447 758 3526 sit,
787 3447 869 3506 illam
894 3463 994 3507 errare

137 3725 170 3795 1)
193 3726 226 3780 In
248 3725 382 3782 ad.1en.=
406 3726 493 3784 iidem
515 3726 624 3783 Patres.
669 3729 697 3797 2)
720 3727 994 3799 lnad.15261egi·

68 3800 123 3852 tur:
142 3796 307 3855 incredibile
325 3806 368 3857 ast
386 3813 456 3855 aare.
492 3798 527 3870 *l
540 3800 635 3856 Mattb.
655 3801 697 3859 28.
744 3799 790 3869 “l
810 3802 836 3859 2.
855 3800 925 3856 Tim.
944 3802 970 3861 3.
