2348 4162
198 230 264 297 240
428 230 571 289 Desarvo
589 226 703 287 arbitrio
723 231 756 287 D.
775 228 811 286 u.
832 227 863 287 t.
984 203 992 211 ⁶

198 403 283 463 cuius
306 402 351 461 vis
374 401 458 462 nulla
481 407 528 462 est
547 401 619 479 alia,
642 420 732 481 quam
755 408 789 462 ut
808 405 958 482 regnante
980 418 1075 481 super
1084 400 1128 479 ip·

198 505 265 546 sum
288 484 403 547 Satana
425 485 517 545 etiam
545 486 675 564 gratiam
699 494 729 546 ει
750 486 902 566 spiritum,
940 484 993 564 qui
1026 483 1129 563 legem

198 568 333 648 impleat,
361 577 495 648 respuat.
538 567 627 628 Adeo
659 568 785 648 pulchra
818 568 901 629 velat
936 573 1069 628 conatus
1098 572 1129 626 et

198 650 330 712 studium
354 652 419 712 eius
442 649 594 730 adlegem
613 650 810 731 implendam.
852 649 913 713 Sed
934 649 1015 711 infra
1035 649 1129 711 latius

199 734 345 814 dicemus,
369 733 459 812 quale
480 733 594 794 fulmen
617 735 656 795 sit
677 733 727 795 bic
749 732 994 795 locuslohannis
1016 730 1130 793 adver-

200 837 251 878 sus
281 818 407 878 liberum
441 816 606 880 arbitrium.
649 816 720 877 Non
755 823 856 879 tamen
880 822 986 878 movet
1005 834 1056 877 me
1077 833 1130 895 pa

138 944 144 955 .
199 921 276 977 rum,
299 900 380 980 quod
403 900 462 960 toci
484 908 547 960 tam
568 900 653 978 clari,
675 908 737 960 tam
760 907 902 979 potentes
925 906 1033 960 contra
1055 897 1130 959 libs·

198 1003 264 1045 rum
276 984 444 1060 arbitrium,
466 982 658 1043 adducantur
679 1002 734 1063 pro
756 983 854 1044 libero
877 982 1004 1044 arbitrio
1025 1001 1046 1043 a
1068 981 1132 1042 dia·

199 1066 286 1144 tribe,
307 1068 391 1126 cuius
414 1074 498 1126 tanta
519 1072 566 1127 est
588 1065 761 1146 hebetudo,
784 1075 818 1127 ut
839 1066 914 1126 nihil
935 1083 1062 1146 prorsus
1083 1065 1130 1125 in·

199 1156 244 1210 tsr
266 1150 479 1229 promissionis
503 1149 631 1230 attegia
655 1149 749 1210 verba
770 1149 933 1228 discernat,
957 1165 1039 1227 quse
1058 1166 1130 1209 cum

199 1252 253 1312 per
276 1233 352 1311 legis
376 1233 671 1311 verbaineptissime
692 1232 820 1294 liberum
833 1231 989 1294 arbitrium
1002 1236 1130 1311 statuat,

199 1324 262 1376 tum
285 1314 378 1395 longe
400 1315 617 1381 absurdissime
639 1335 694 1395 per
708 1316 920 1395 promissionis
943 1313 1039 1375 verba
1055 1331 1132 1375 con-

199 1396 308 1462 firmet.
351 1398 412 1460 Sed
434 1398 562 1459 solvitur
585 1397 663 1458 baec
686 1399 857 1460 absurditas
878 1398 985 1476 facilc,
1006 1398 1033 1457 si
1056 1414 1132 1458 con·

200 1481 363 1558 oderetur,
403 1500 494 1560 quam
516 1482 617 1541 alieno
641 1483 744 1542 auimo
767 1488 798 1543 et
820 1488 1035 1562 contemptore
1064 1480 1132 1540 dia·

201 1564 277 1625 triba
309 1563 456 1644 disputet,
494 1563 533 1624 ad
565 1582 657 1643 quam
692 1564 766 1625 nibil
788 1567 913 1642 attinet,
946 1563 1049 1645 grstia
1069 1570 1133 1624 stet

115 1709 118 1713 .
200 1649 250 1711 vel
271 1656 353 1725 runt,
392 1647 519 1708 liberum
542 1647 697 1708 arbitrium
729 1650 831 1709 iaceat
852 1648 902 1709 val
924 1646 1042 1723 sedeat,
1065 1653 1133 1707 tan·

200 1739 274 1811 tum,
297 1737 330 1791 ut
352 1731 493 1792 inanibus
523 1729 623 1791 verbis
650 1732 681 1791 in
711 1731 814 1792 odium
842 1749 955 1792 causae
976 1730 1133 1791 serviatur

201 1815 350 1876 trannin.

203 1836 234 1945 ,γ
283 1894 455 1957 Post-baec
469 1894 498 1979 1]
525 1897 645 1957 venitur
666 1904 697 1956 ει
718 1896 758 1957 ad
780 1896 918 1975 Paulum,
940 1895 1028 1957 liberi
1052 1894 1132 1957 arbi·

203 1982 251 2040 trii
273 1980 393 2040 bostem
417 1980 713 2058 pervicacissimum,
746 1981 927 2059 cogiturque
950 1988 982 2041 et
1001 1980 1030 2040 is
1055 1977 1132 2041 libs·

201 2084 268 2123 rum
289 2064 442 2123 arbitrium
478 2068 613 2123 statuere
634 2062 743 2125 Roma.
765 2064 799 2126 2:
828 2065 876 2123 An
899 2061 1020 2123 divitias
1043 2061 1132 2123 boni-

202 2148 272 2206 tatis
295 2153 324 2206 et
339 2147 506 2225 patientiae
527 2155 557 2206 et
578 2145 820 2226 longanimitatis
845 2148 909 2207 eius
931 2143 1132 2207 contemnis?

203 2232 251 2289 An
273 2230 408 2309 ignoras,
431 2229 513 2307 quod
535 2228 707 2308 benignitas
721 2231 786 2291 sius
809 2236 839 2290 ts
855 2229 893 2290 ad
905 2230 1131 2310 poenitentiam

203 2311 347 2373 adducit?
390 2311 572 2394 Quomodo,
610 2314 724 2393 inquit,
746 2315 913 2392 imputatur
933 2318 1131 2393 contemptus

202 2396 374 2476 praecepti,
408 2395 457 2454 ubi
480 2414 541 2456 non
565 2402 612 2456 est
633 2394 729 2456 libera
752 2395 918 2456 voluutas?
961 2392 1130 2471 Quomodo

204 2481 286 2541 Deus
309 2480 416 2538 invitat
437 2476 476 2537 ad
499 2480 736 2556 poenitentiam,
759 2479 811 2558 qui
833 2484 922 2539 autor
943 2489 992 2539 cst
1013 2479 1130 2560 impos

203 2560 371 2623 nitentiae?
413 2559 579 2634 Quomodo
600 2563 682 2622 iusta
703 2570 750 2623 est
772 2561 939 2643 damnatio,
963 2561 1016 2622 ubi
1039 2562 1130 2622 iudex

205 2647 289 2727 cogit
310 2645 348 2705 ad
372 2642 576 2707 maleficium?

285 2726 489 2808 Respondeo:
521 2727 567 2788 De
589 2729 655 2789 istis
677 2728 907 2808 quaestionibus
928 2726 1041 2790 viderit
1071 2726 1130 2787 dia

88 2834 93 2843 ·
206 2812 292 2873 tribe.
336 2809 416 2886 Quid
438 2810 477 2870 ad
501 2810 581 2871 nos?
623 2808 696 2891 Ipsa
718 2813 799 2872 enim
815 2810 892 2871 dixit
903 2811 1131 2891 opinionepro·

205 2893 313 2974 babiti,
351 2892 478 2956 liberum
511 2892 667 2954 arbitrium
692 2913 754 2955 nou
789 2912 881 2974 posse
915 2892 994 2953 veile
1016 2892 1130 2955 bonum

205 2978 337 3058 cogique
359 2977 533 3037 necessario
546 2977 578 3037 in
600 2978 776 3037 servitutem
790 2978 919 3057 peccati.
964 2973 1130 3051 Quomodo

205 3062 295 3140 igitur
327 3061 492 3139 imputatur
524 3061 566 3143 ci¹
583 3066 777 3140 contemptus
806 3061 979 3140 praecepti,
1016 3060 1042 3121 si
1070 3076 1131 3119 non

204 3149 308 3224 potest
330 3142 410 3204 velie
432 3144 545 3205 bonum
575 3162 633 3203 nec
655 3151 702 3203 est
722 3144 764 3205 ibi
787 3141 927 3221 libertas,
961 3141 1017 3203 sed
1042 3140 1132 3205 sarri·

206 3241 253 3287 tns
275 3229 396 3306 peccati
426 3228 610 3287 necessaria.
654 3225 819 3301 Quomodo
853 3227 964 3286 invitat
985 3225 1071 3287 Deus
1096 3222 1133 3286 ad

205 3311 443 3390 poenitentiam,
476 3310 527 3388 qui
548 3318 638 3370 autor
660 3316 723 3386 est,
758 3327 819 3388 quo
842 3310 941 3369 minus
963 3308 1133 3389 poeniteat,

206 3393 278 3453 dum
302 3392 415 3452 deserit
437 3391 485 3452 vel
509 3411 571 3452 non
589 3393 706 3453 confert
719 3392 849 3472 gratiam
872 3393 911 3469 si,
934 3393 986 3472 qui
1008 3410 1045 3452 se
1066 3390 1133 3452 solo

206 3495 268 3536 non
292 3481 395 3556 potest
416 3475 529 3536 bonum
552 3474 652 3536 vallo?
696 3474 860 3553 Quomodo
885 3482 933 3535 est
953 3475 1036 3537 iusta
1053 3473 1134 3535 dam·

207 3643 314 3654 -..-.--

279 3744 310 3809 ι)
332 3742 363 3795 In
382 3741 426 3796 ed.
446 3744 499 3797 ten.
516 3739 562 3796 hic
580 3740 698 3809 margini
715 3740 878 3811 inscriptum
896 3746 955 3799 est:
974 3741 1117 3799 &samua
