2348 4162
112 254 175 322 202
353 257 396 314 De
414 273 496 327 servo
514 256 629 314 arbitrio
647 257 682 314 D.
701 258 736 315 bi.
754 259 785 315 L.

115 427 190 490 dicit
209 426 332 490 Moses:
352 427 514 490 Faciamus
536 427 709 510 bominem,
733 429 784 509 qui
805 428 922 511 praesit
943 429 1042 510 piaci·'

113 512 170 573 bus
194 512 294 577 maris.
336 509 404 575 Nec
426 511 507 573 aliud
531 512 652 572 existis
675 511 776 575 verbis
798 514 896 574 evinci
919 518 1035 595 potest.

113 593 158 656 Ib'i
182 596 262 655 enim
284 594 378 656 bomo
401 597 502 676 potuit
523 596 552 655 in
575 594 666 656 rebus
688 615 744 657 suo
773 595 895 658 arbitrio
929 615 1035 679 agere,

113 683 147 738 ut
169 676 226 738 sibi
250 677 404 743 subiectis.
448 679 588 759 Denique
609 678 670 739 boc
690 687 782 742 vocat
803 679 937 741 bominis
959 697 1034 741 cou-

113 760 225 839 silinm,
248 761 332 823 velut
353 761 435 822 aliud
459 762 546 823 aDei
568 762 709 829 consilio.
753 763 827 824 Post
848 763 926 825 haec
947 781 1047 843 vero,

113 844 165 906 ubi
188 846 233 905 sic
265 845 463 907 constitutum
486 850 518 906 et
537 844 674 906 relictum
702 845 859 908 bominem
886 845 918 907 in
940 865 1035 907 manu

113 928 232 989 consilii
255 930 302 990 sui
324 929 455 1010 dixerat,
477 929 690 1009 prosequitur:

196 1045 320 1109 Adiecit
351 1046 497 1108 mandata
527 1051 559 1107 et
591 1052 757 1128 praecepta
778 1067 843 1109 sua.
886 1044 938 1109 Ad
960 1045 1036 1126 quid

113 1128 247 1191 adiecit?
273 1129 392 1212 Nempe
414 1130 452 1190 cd
476 1129 636 1190 consilium
661 1136 691 1190 et
712 1130 867 1191 arbitrium
888 1129 1035 1210 hominis,

113 1220 145 1273 et
166 1213 245 1274 ultra
266 1212 348 1273 illam
372 1214 620 1274 constitutionem
647 1212 773 1274 dominii
795 1212 919 1274 humaui
942 1230 1050 1292 super·

112 1315 160 1356 res
183 1296 275 1374 alias,
293 1292 417 1376 'quibus
445 1297 617 1377 praeceptis
640 1296 756 1360 ademit
790 1296 907 1358 bomini
937 1295 1036 1358 domi·

115 1380 214 1453 nium,
251 1399 311 1441 una
341 1387 427 1461 parte
449 1386 655 1441 creaturarum
680 1378 773 1461 (puta
793 1379 912 1442 arboris
933 1380 1036 1440 scien·

113 1462 173 1523 tiae
194 1461 269 1523 boui
292 1468 321 1523 et
345 1460 449 1546 mali),
470 1481 508 1523 ac
536 1464 639 1543 potius
671 1481 733 1523 ιιοιι
767 1462 894 1523 liberum
925 1462 1035 1542 voluit,

115 1544 243 1606 adiectis
272 1554 373 1606 autem
397 1547 585 1626 praeceptis,
617 1551 681 1606 turn
709 1547 795 1607 venit
815 1546 854 1607 ad
876 1545 1034 1608 arbitrium

111 1627 244 1689 bominis
267 1648 341 1709 erga
362 1629 460 1703 Deum
484 1636 514 1691 et
536 1648 582 1707 ea,
606 1647 685 1708 quae
707 1629 764 1691 Dei
784 1637 864 1691 aunt.

198 1743 232 1808 Si
254 1746 387 1808 volueris
410 1745 557 1808 mandata
578 1765 777 1828 conservare,
806 1745 1036 1809 conservabunt

111 1834 141 1889 te
163 1828 331 1908 sicigitur
353 1829 392 1890 ab
414 1829 578 1908 hocloco,
601 1828 632 1891 si
656 1830 801 1911 volueris,
822 1830 931 1911 incipit
942 1848 1035 1908 quae

113 1911 172 1971 stio
196 1911 353 1972 delibero
378 1912 513 1990 arbitrie,
534 1919 568 1973 ut
587 1932 642 1993 per
653 1912 902 1975 Ecclesiasticum
925 1910 1034 1973 iutelli-

109 2012 236 2074 gamus,
258 1994 412 2056 hominem
434 1995 464 2057 iu
489 1995 550 2058 duo
573 2015 670 2076 regna
692 1996 845 2076 distribui,
870 2014 949 2077 uno,
972 2013 1033 2075 quo

110 2076 204 2136 fertur
226 2096 282 2138 suo
306 2077 431 2140 arbitrio
463 2085 493 2140 et
516 2079 646 2140 consilio
667 2078 784 2159 absque
806 2079 981 2161 praeceptis
1004 2082 1036 2139 et

111 2159 262 2220 mandatis
285 2160 355 2237 Dei,
378 2167 451 2241 puta
473 2163 503 2222 in
527 2161 617 2222 rebus
640 2181 709 2223 sese
730 2160 933 2224 inferioribus.
976 2161 1035 2223 Hic

112 2250 221 2321 regnat
244 2249 274 2304 et
306 2251 354 2305 est
375 2246 535 2321 Dominus,
558 2251 590 2305 ut
612 2246 641 2304 in
663 2265 754 2306 manu
778 2245 898 2307 consilii
920 2244 969 2304 sui
989 2262 1034 2305 re·

110 2325 219 2405 lictus3
241 2328 408 2408 uon-quod
426 2327 510 2390 Deus
532 2328 616 2388 ilium
641 2330 686 2388 sic
708 2328 839 2405 deserat,
862 2332 979 2388 utnon
1001 2328 1033 2387 in

54 2454 57 2461 -
110 2409 251 2470 omnibus
286 2419 486 2492 cooperetur,
517 2411 571 2472 sed
594 2411 676 2491 quod
698 2431 786 2472 usum
809 2430 910 2473 rerum
934 2408 977 2471 iili
1000 2409 1032 2470 li-

110 2493 214 2553 berum
238 2513 293 2574 pro
318 2495 442 2555 arbitrio
465 2495 662 2568 concesserit,
684 2514 743 2555 nec
766 2492 1033 2573 ullislegibusaut

110 2578 305 2657 praescriptis
328 2578 506 2657 inhibuerit,
533 2597 570 2637 ac
591 2578 616 2637 si
641 2577 754 2639 dixeris
776 2597 832 2658 per
862 2575 1032 2637 similitudi-

110 2676 199 2724 nem:
222 2661 423 2741 Evangeb'um
447 2661 569 2739 reliquit
588 2679 646 2721 noa
667 2663 698 2721 iu
722 2680 814 2722 manu
836 2658 957 2722 consilii
981 2677 1033 2720 no·

110 2743 181 2818 stri,
203 2750 236 2804 ut
258 2745 288 2804 iu
311 2742 401 2805 rebus
424 2743 617 2805 dominemur
638 2752 669 2805 et
691 2750 824 2821 utamur,
846 2744 926 2804 sicut
947 2742 1031 2804 volu-

110 2844 187 2887 mus.
230 2827 271 2887 Αι
288 2828 392 2889 Moses
415 2834 444 2886 et
457 2827 542 2907 Papa
563 2845 626 2887 non
648 2825 837 2905 reliquerunt
859 2845 918 2887 nos
939 2826 972 2886 in
994 2843 1031 2886 eo

110 2908 251 2989 consilio,
276 2908 329 2969 sed
353 2910 471 2991 legibus
493 2929 551 2970 nos
575 2915 778 2971 coercuerunt
798 2917 828 2970 et
848 2927 905 2971 suo
929 2908 1032 2990 potius

110 2990 236 3053 arbitrio
260 2991 462 3057 subiecerunt.
506 2992 613 3053 Altero
637 3012 712 3055 vero
735 3012 831 3074 reguo
855 3010 918 3053 nou
940 2990 1032 3051 reliu-

111 3074 211 3153 quitur
232 3075 262 3134 in
285 3093 376 3136 manu
401 3075 522 3138 consilii
544 3076 602 3152 sui,
624 3075 678 3136 sed
702 3075 825 3138 arbitrio
849 3081 881 3136 et
902 3074 1031 3136 consitio

111 3157 170 3218 Dei
193 3157 286 3219 fertur
307 3166 338 3219 et
360 3159 494 3236 ducitur,
523 3166 556 3218 ιιι
577 3160 656 3219 sicut
688 3160 718 3219 in
741 3177 798 3219 suo
820 3166 917 3239 regno
939 3158 1033 3233 fertur

111 3259 168 3300 suo
191 3240 316 3302 arbitrio
339 3241 455 3323 absque
476 3243 648 3322 praeceptis
671 3242 804 3319 alterius,
827 3242 912 3304 itain
934 3258 1032 3322 reguo

109 3323 168 3386 Dei
192 3324 287 3385 fertur
320 3325 442 3385 alterius
477 3327 649 3405 praeceptis
677 3325 794 3405 absque
815 3343 872 3385 suo
897 3324 1030 3387 arbitrio.

109 3407 211 3487 Atque
233 3408 300 3479 hoc
315 3415 383 3488 est,
416 3408 498 3488 quod
521 3408 758 3469 Ecclesiasticus
782 3409 873 3474 dicit:
911 3406 1032 3469 Adiecit

108 3496 276 3571 praecepta
293 3499 324 3550 et
346 3491 508 3571 mandata,
531 3490 562 3552 Si
585 3491 718 3553 volueris
740 3499 798 3553 etc.

193 3590 223 3650 Si
246 3591 337 3671 igitur
358 3591 436 3652 haec
458 3591 541 3652 clara
563 3593 637 3652 satis
660 3599 740 3672 sunt,
763 3593 928 3672 evicimus,
951 3592 1031 3654 hunc

109 3672 435 3736 locumuociesiasuci
451 3693 513 3736 uon
535 3693 591 3756 pro
614 3673 710 3737 libero
733 3675 870 3751 arbitrio,
891 3674 947 3759 sed
960 3695 1029 3739 con·

110 3762 158 3822 ιιιι
180 3755 307 3819 liberum
329 3757 485 3820 arbitrium
498 3757 611 3838 valere,
634 3765 668 3819 ut
690 3777 752 3838 quo
763 3756 923 3822 subiicitur
935 3758 1027 3822 hor'uc
