2348 4162
330 236 368 297 ad
384 241 421 296 D.
439 241 583 297 Erasmum
601 238 826 296 Rotsrodamum.
851 240 854 245 '
942 278 945 283 -
980 234 1041 303 269

117 413 171 501 (nt
190 413 293 490 dixi),
320 411 436 490 alioqui
457 409 603 472 ridiculus
626 412 704 472 foret
726 411 824 489 Deus,
858 407 970 471 deinde
999 408 1043 489 ip·

116 518 184 560 sum
209 496 315 559 omnia
339 512 432 555 nosse
455 500 486 554 et
505 496 669 574 praescire,
692 513 792 574 neque
809 512 920 571 errare,
942 510 1043 571 neque

115 580 180 644 ulli
204 598 310 662 posse.
353 575 424 640 Istis
446 577 567 638 duobus
597 579 732 638 omnium
768 575 862 637 corde
893 581 923 636 et
949 594 1042 636 seusu

123 664 291 727 concessis*
322 667 474 741 coguntur
509 680 582 721 mox
621 660 790 721 inevitabili
823 659 1044 738 consequentia

118 747 298 825 admittere,
329 763 387 805 nos
409 763 472 805 uon
494 743 560 804 fleri
583 752 688 806 nostra
710 744 884 822 voluntate,
913 742 967 802 sed
989 760 1042 802 ns·

117 832 278 910 cessitate,
310 829 355 889 ita
382 847 440 888 nos
473 845 535 887 non
564 827 665 889 facere
694 827 867 907 quodlibet,
900 844 956 906 pro
978 825 1044 885 iure

118 914 204 976 liberi
233 911 364 990 arbitrii,
398 910 452 971 sed
483 917 574 991 prout
603 911 685 972 Deus
713 910 877 991 praescivit
911 915 942 968 et
971 909 1044 988 agit,

118 997 251 1059 oonsilio
282 1002 313 1055 et
341 997 451 1054 virtuts
476 992 627 1054 infallibili
655 1000 686 1054 et
708 992 898 1054 immutabili.
942 990 1045 1066 Quare

120 1079 211 1143 simul
232 1081 265 1138 in
288 1079 426 1139 omnium
449 1076 592 1137 cordibus
615 1078 762 1159 scriptum
784 1076 946 1156 invenitur,
970 1075 1044 1135 libe-

118 1183 185 1225 rum
207 1160 364 1223 arbitrium
388 1159 462 1220 nibil
484 1179 563 1240 esse,
586 1161 659 1221 lieet
680 1160 860 1222 obscuretur
882 1166 929 1221 tot
942 1159 1043 1238 dispu-

120 1245 287 1309 tationibus
309 1245 481 1324 contrariis,
503 1249 534 1303 ct
555 1250 641 1305 tanta
663 1250 709 1305 tot
723 1246 854 1305 virorum
869 1244 1044 1322 autoritate,

120 1336 167 1391 tot
189 1327 303 1389 seculis
325 1327 413 1388 aliter
434 1326 627 1389 docentibus.
671 1327 757 1389 Siout
790 1334 821 1388 et
852 1328 952 1387 omnis
984 1324 1045 1385 alia

116 1413 168 1474 -lsx
192 1409 294 1494 (teste
315 1408 430 1491 Paulo)
466 1411 498 1471 iu
530 1409 674 1471 cordibus
704 1411 817 1472 uostris
846 1412 959 1490 scripta
980 1416 1044 1470 tum

119 1495 310 1579 agnoscitur,
331 1493 382 1555 ubi
404 1500 488 1555 reete
510 1499 672 1567 tractatur,
695 1501 757 1555 turn
781 1494 970 1572 obscuratur,
993 1490 1045 1552 ubi

120 1580 221 1662 impiis
244 1578 397 1659 magistris
419 1581 550 1638 vexatur
581 1586 612 1638 et
641 1577 708 1639 aliis
731 1577 931 1658 opinionibus
954 1594 1042 1636 occu-

141 1672 220 1724 atur.

121 1682 140 1744 p
204 1743 254 1805 Ad
276 1744 405 1804 Paulum
427 1742 537 1826 redeo,
569 1745 668 1823 quisi
691 1744 821 1808 Romi)
858 1764 921 1807 uon
944 1742 1045 1824 expli·

122 1828 407 1909 autquasstiouem
447 1846 504 1888 neo
536 1826 642 1887 delinit
662 1828 877 1888 necessitatem
908 1835 1044 1888 nostram

121 1931 161 1973 cx
181 1911 388 1992 praescientia
409 1917 440 1970 et
454 1911 612 1972 voluntate
629 1911 696 1992 Dei,
719 1911 791 1992 quid
813 1928 891 1992 opus
914 1910 958 1972 illi
981 1918 1046 1971 erat

121 1996 268 2057 inducere
284 1992 513 2054 similitudinem
535 1993 630 2075 figuli,
653 1996 704 2074 qui
727 2014 767 2055 ex
788 2013 850 2056 uuo
873 1993 1045 2074 eodemque

120 2076 185 2140 luto
213 2076 296 2138 aliud
319 2096 374 2139 vas
401 2077 473 2137 iacit
498 2077 721 2157 inhonorem,
753 2077 835 2140 aliud
856 2079 887 2139 in
908 2079 1045 2158 ignomi-

122 2160 227 2222 niam?
260 2160 325 2221 Nec
348 2167 449 2221 tamen
472 2158 650 2240 figmentum
674 2161 748 2223 dicit
769 2159 867 2223 lictori
889 2181 961 2223 suo:
984 2161 1045 2222 Gur
1080 2182 1086 2193 ·

121 2246 235 2306 meite
257 2242 355 2304 facis?
398 2244 444 2304 De
465 2243 639 2305 bominibus
669 2246 750 2305 enirn
782 2245 932 2324 loquitur,
967 2264 1044 2324 quos

121 2328 185 2390 luto
215 2334 388 2409 comparat,
422 2334 453 2387 et
478 2328 576 2388 Deum
609 2326 714 2410 figulo.
757 2328 859 2409 Friget
893 2329 1044 2408 nimirum,

120 2413 183 2472 imo
206 2412 312 2491 inepta
332 2418 380 2471 est
400 2409 566 2472 similitudo
591 2418 621 2471 et
643 2412 754 2472 lrustra
769 2411 911 2489 adducta,
936 2411 961 2470 si
980 2429 1044 2472 non

120 2495 214 2556 sentit
245 2494 417 2554 libertatem
449 2502 585 2555 nostram
615 2495 729 2554 nullam
753 2514 831 2560 esse.
876 2493 1045 2570 Quintus

121 2578 288 2659 disputatio
311 2575 442 2661 Paulii)
471 2578 642 2638 frustranea
669 2583 732 2655 est,
768 2596 828 2656 qua
857 2583 957 2638 tuetur
978 2597 1045 2657 gra·
1125 2570 1129 2576 ’

120 2663 203 2723 tiam.
247 2657 328 2723 Nam
357 2661 420 2722 hoc
446 2662 510 2742 agit
544 2668 609 2723 tota
640 2660 794 2741 Epistola,
828 2669 860 2722 ut
892 2660 1044 2741 ostendat,

121 2762 179 2807 nos
201 2744 278 2805 nibil
299 2763 409 2826 posse,
432 2762 532 2824 neque
555 2750 618 2805 tum
639 2745 747 2820 etiam,
762 2755 838 2805 'oum
862 2744 940 2805 bene
962 2743 1043 2805 vide·

120 2848 188 2890 mur
210 2827 329 2907 lacere,
362 2835 395 2889 ut
416 2827 530 2888 ibidem
554 2826 642 2908 dicit,
674 2827 756 2907 quod
777 2828 872 2889 lsrael
895 2828 1043 2889 sectando

120 2912 267 2978 mutiam
300 2916 487 2972 nontamen
516 2913 689 2991 pervenerit
710 2911 748 2973 ad
772 2913 936 2991 iustitiam,
969 2931 1045 2993 geu-

121 3002 167 3073 tes
190 3013 265 3056 vero
288 2995 484 3076 pervenerint
512 3013 573 3055 uon
597 2993 755 3058 sectando.
798 2996 846 3057 Da
868 3014 929 3076 quo
951 2995 1043 3056 latius
1119 3040 1122 3045 .

121 3098 224 3162 agam,
247 3096 316 3138 oum
338 3084 461 3139 nostras
483 3079 590 3158 copias
613 3077 793 3159 producam.

206 3163 248 3222 At
269 3161 398 3222 diatribe
426 3160 620 3223 dissimulans
655 3168 752 3223 totum
775 3181 886 3243 corpus
908 3162 1043 3241 disputa·

122 3244 214 3306 tionis
236 3245 393 3324 Paulinae,
418 3252 449 3306 et
469 3263 615 3324 quorsum
638 3244 744 3306 tendat
765 3245 887 3325 Paulus,
909 3243 1043 3305 vocabu·

121 3327 158 3388 lis
179 3330 302 3390 interim
324 3329 437 3395 excisis
471 3336 502 3390 et
534 3327 709 3410 depravatis
742 3348 777 3390 ss
809 3327 933 3390 solatur.
977 3326 1043 3388 Nsc

121 3412 207 3474 iuvat
221 3412 371 3474 diatribsu
393 3410 575 3491 quidquam,
598 3412 680 3491 quod
703 3419 813 3492 postea
827 3411 939 3473 Paulus
953 3410 1043 3471 Rom.
1141 3398 1152 3415 ‘

122 3498 172 3561 11.
193 3516 297 3559 rursus
320 3495 509 3575 exhortatur,
532 3495 652 3557 dicens:
675 3496 721 3556 ‘l'u
737 3496 798 3558 lide
811 3503 885 3576 slas,
907 3494 977 3555 vide
1000 3513 1039 3554 ne

335 3668 545 3682 ff

114 3796 118 3803 ·
191 3772 224 3845 *)
246 3776 325 3831 Rom.
348 3776 391 3831 11.
