2348 4162
194 256 258 325 268
433 256 479 314 Dc
496 272 580 314 servo
597 256 712 313 arbitrio
728 256 764 312 D.
781 256 816 313 u,
835 256 868 313 L.
908 306 912 313 .

192 435 293 491 tenter
318 430 421 490 omnia
445 429 519 489 facit
539 430 570 489 in
593 426 750 505 omnibus,
779 426 937 507 quomodo
960 425 1116 507 Scriptura

196 518 288 573 vocat
320 533 389 573 eum
428 513 680 592 omnipotentem.
723 511 809 572 Haec
828 512 954 591 iuquam
977 510 1115 590 omnipo·

194 597 290 657 tentia
319 603 349 656 et
384 597 587 675 praescientia
608 596 665 656 Dei
697 594 832 655 funditus
853 594 981 656 abolent
1003 594 1116 673 dogma

194 678 280 739 liberi
303 679 427 740 arbitrii.
471 679 537 739 Nee
564 681 668 758 potest
699 680 749 740 bic
780 680 919 757 praetexi
937 677 1115 738 'obscuritas

194 761 368 842 Scripturas
392 768 444 823 aut
467 761 628 823 difficultas
642 762 694 822 rei.
728 759 913 823 Verbasunt
934 761 1116 835 clarissima,

193 847 284 906 etiam
318 847 420 926 pueris
442 852 533 924 nota,
565 865 614 906 res
640 845 803 925 estplana
824 845 991 925 etfacilis,
1024 844 1115 905 etiam

194 931 349 990 communi
381 947 489 989 sensus
511 928 624 989 iudicio
647 929 776 989 naturali
801 926 946 1007 probata,
982 932 1016 987 ut
1044 924 1124 987 nihil'

193 1012 286 1073 faciat
307 1013 468 1091 quantavis
489 1013 584 1073 series
600 1012 785 1089 seculorum,
807 1019 991 1093 temporum,
1014 1028 1116 1091 psrso·

192 1115 299 1155 narum
322 1096 409 1155 aliter
430 1096 625 1157 scribentium
648 1100 679 1155 et
700 1094 887 1158 docentium.

277 1178 400 1239 Scilicet
411 1179 472 1239 boc
483 1178 611 1240 offendit
632 1197 726 1257 quam
739 1181 1011 1239 maximesensum
1031 1176 1116 1237 illurn

195 1280 388 1322 communem
406 1282 465 1327 seu
478 1263 627 1322 rationem
640 1261 819 1335 naturalem,
842 1260 926 1340 quod
938 1261 1023 1321 Deus
1036 1278 1118 1321 mera

194 1345 353 1406 voluntate
387 1365 444 1405 sua
472 1346 612 1406 homines
642 1345 779 1422 deserat,
811 1344 947 1422 induret,
964 1342 1117 1421 'damnet

195 1431 281 1507 quasi
303 1429 474 1489 delectetur
495 1430 630 1508 peccatis
663 1435 694 1489 et
724 1427 907 1489 cruciatibus
935 1428 1115 1487 miserorum

195 1513 288 1572 tantis
311 1520 341 1574 et
362 1513 509 1589 astemis,
533 1514 583 1590 qui
607 1510 802 1592 praedicatur
821 1516 925 1571 tantae
948 1509 1115 1571 misericor

195 1594 265 1656 diae
297 1603 328 1656 et
350 1595 496 1655 bonitatis
518 1602 576 1657 etc.
620 1595 688 1656 Hoc
712 1596 865 1675 iniquum,
901 1593 963 1654 boc
983 1591 1116 1669 crudele,

194 1679 256 1739 boc
276 1677 468 1740 intolerabile
491 1680 587 1738 visum
611 1684 658 1739 est
679 1677 718 1739 de
741 1679 809 1738 Deo
829 1677 958 1753 sentire,
992 1694 1056 1755 quo
1073 1674 1115 1735 ol·

194 1762 273 1823 lensi
301 1768 372 1823 sunt
404 1762 496 1821 etiam
520 1767 567 1823 tot
596 1770 627 1823 et
655 1763 731 1824 tanti
764 1762 820 1822 viri
843 1768 889 1820 tot
910 1759 1037 1823 seculis.
1079 1758 1117 1820 nt

196 1846 263 1924 quis
287 1864 348 1905 non
373 1843 599 1905 offenderetur?
640 1845 710 1924 Ego
732 1844 800 1924 ipse
823 1862 884 1903 non
906 1843 1004 1904 semel
1027 1841 1116 1904 offan·

195 1948 247 1989 sus
271 1947 336 1988 sum
360 1946 457 2007 usque
483 1927 522 1988 ad
546 1927 728 2008 profundum
758 1935 788 1989 et
810 1927 955 2007 abyssum
978 1925 1116 2006 despera-

195 2012 307 2090 tionis,
341 2017 374 2071 nt
395 2017 533 2091 optarem
557 2030 713 2091 nunquam
748 2030 817 2072 esse
836 2029 885 2070 me
907 2014 1045 2069 creatum
1066 2008 1116 2068 bo·

196 2094 319 2171 minem,
343 2100 508 2173 antequam
531 2095 658 2172 scirem,
686 2112 776 2174 quam
800 2092 941 2154 salutaris
963 2090 1018 2153 illa
1040 2093 1117 2152 esset

196 2176 369 2257 desperatio
404 2184 434 2237 et
466 2195 557 2255 quam
583 2179 701 2258 gratiae
734 2177 947 2257 propinqua·
974 2175 1051 2236 Ideo
1077 2174 1117 2233 sic

197 2259 337 2320 sudatum
377 2266 408 2320 et
428 2259 600 2322 laboratum
635 2266 682 2320 est
703 2280 759 2341 pro
782 2259 960 2320 excusanda
983 2257 1117 2319 bonitate

197 2343 265 2418 Dei,
287 2362 343 2423 pro
367 2344 543 2405 accusanda
565 2344 722 2404 voluntate
745 2343 893 2418 hominis,
916 2342 958 2403 ibi
981 2346 1118 2422 repertas

197 2425 408 2487 distinctiones
431 2425 469 2487 de
491 2426 650 2487 voluntate
673 2427 728 2487 Dei
755 2424 895 2487 ordinata
916 2432 948 2486 ct
969 2423 1117 2501 absoluta,

198 2510 236 2569 de
259 2511 442 2570 necessitate
455 2511 696 2588 consequentiae
708 2516 739 2569 et
751 2509 968 2587 consequentis
982 2514 1016 2568 et
1030 2506 1118 2568 multa

198 2593 317 2654 similia.
361 2592 422 2654 Sed
446 2593 555 2671 quibus
577 2593 650 2653 nihil
674 2599 721 2654 est
742 2592 930 2672 profectum,
959 2592 1018 2651 nisi
1040 2586 1118 2671 quod

199 2674 322 2736 rudibus
345 2677 519 2756 impositum
544 2683 591 2736 est
618 2677 766 2736 inanitate
788 2673 951 2736 verborum
973 2679 1006 2734 et
1027 2689 1118 2753 oppo-

198 2757 311 2820 sitione
332 2758 409 2819 falso
432 2759 609 2820 nominatae
632 2759 788 2819 scientiae.
833 2758 944 2817 Mansit
972 2754 1118 2817 nibilomi-

198 2862 255 2903 nus
278 2861 400 2921 semper
422 2841 547 2902 aculeus
570 2843 621 2902 ille
643 2842 705 2902 alto
730 2840 823 2902 corde
845 2840 969 2914 infixus,
992 2846 1056 2901 tam
1073 2857 1118 2901 ru·

199 2923 286 2985 dibus
309 2943 399 3002 quam
423 2924 558 3005 eruditis,
581 2927 606 2985 si
629 2923 752 3004 quando
774 2924 812 2985 ad
835 2942 901 2985 rem
924 2924 1119 2984 seriamvcn·

198 3013 346 3087 tumeat,
376 3014 407 3067 ut
438 3010 583 3069 sentirent
606 3009 818 3069 necessilatem
842 3012 992 3087 nostram,
1014 3007 1040 3066 si
1061 3022 1118 3066 cre

199 3089 287 3151 datur
304 3091 508 3170 praescientia
530 3098 560 3151 et
584 3092 831 3172 omnipontentia
850 3090 916 3149 Del.

282 3174 383 3252 Atque
406 3175 539 3254 ipsamet
559 3176 637 3236 ratio
660 3174 817 3256 naturalis,
839 3191 919 3253 quae
936 3173 1119 3234 necessitate

198 3257 252 3317 illa
274 3255 452 3334 offenditur,
486 3263 516 3317 et
538 3263 622 3321 tauta
645 3258 768 3318 molitur
792 3256 830 3317 ad
853 3275 921 3318 eam
944 3254 1119 3327 tollendam,

200 3342 319 3419 cogitur
341 3358 408 3400 eam
419 3340 601 3416 concedere,
624 3343 748 3420 proprio
770 3360 827 3400 suo
842 3339 953 3401 iudicio
971 3340 1120 3411 convicta,

201 3424 321 3485 etiamsi
344 3422 428 3487 nnlla
449 3430 531 3484 esset
542 3422 708 3502 Scriptura.
752 3420 867 3486 Omnes
886 3424 968 3483 enim
983 3422 1120 3483 homines

199 3507 359 3567 inveniunt
388 3507 468 3567 banc
505 3507 686 3568 sententiam
721 3508 751 3567 in
774 3504 916 3567 cordibus
947 3507 1012 3565 suis
1034 3508 1119 3585 scrip·

200 3598 279 3663 tam,
313 3595 343 3649 et
376 3597 550 3670 agnoscunt
583 3609 650 3650 eam
682 3608 718 3649 ac
739 3590 871 3670 probant
896 3589 986 3671 (licet
1009 3590 1119 3665 insitii,

200 3690 269 3731 cum
293 3672 421 3731 audiunt
442 3692 510 3734 eam
534 3674 670 3733 tractari:
693 3674 792 3752 primo
815 3673 913 3732 Deum
936 3690 1008 3732 csse
1030 3673 1118 3733 omni·

199 3760 375 3840 potentem,
411 3774 473 3816 non
495 3757 595 3818 solum
617 3757 772 3836 potentia,
801 3755 855 3816 sed
885 3757 981 3817 etiam
1002 3758 1119 3819 acticus
