2348 4162
339 267 367 315 ot
386 259 530 316 doetrinae
548 259 717 333 papistieae.
946 254 988 325 33

68 421 151 503 fiolis,
176 423 314 502 gaudent
335 425 395 484 hoo
417 423 579 504 privilegio
597 426 679 504 quod
697 425 878 503 dicerentur,
901 421 992 502 Sper-

66 524 136 567 nera
170 506 332 587 mnndum,
367 526 435 567 enm
460 513 562 567 tamen
591 511 715 588 etipsa
745 507 854 570 eodem
889 504 992 585 mod0,

66 607 124 667 quo
153 586 302 673 Monaolri
337 597 366 650 et
395 590 540 669 Nonnae,
575 610 705 671 corpore
738 592 839 652 locum
875 594 993 649 mutent

67 680 94 732 et
116 671 159 733 de
181 672 259 733 silva
281 675 311 733 in
335 675 552 734 monasterium
576 675 751 749 trudantur,
779 680 810 734 et
831 672 932 733 Nonni
956 690 993 731 ao

64 754 197 817 Nonnae
231 757 341 816 eodem
372 756 465 817 modo
496 776 556 835 qno
580 758 662 837 ligna
693 764 723 817 ot
745 755 862 838 lapides
885 753 993 838 (utrin-

65 856 123 916 qne
145 840 247 899 trunoi
268 847 298 899 et
320 838 414 921 saxa)
449 841 479 898 in
508 842 613 901 loeum
643 841 734 900 alium
764 859 875 918 oorpns
904 857 990 897 suum

67 920 262 1000 transferunt,
286 923 340 982 sed
364 929 486 1002 oportet
508 943 576 983 esse
600 925 711 983 animal
735 922 894 998 rationale,
916 923 994 980 siout

64 1004 239 1080 esthemo,
262 1008 312 1084 qni
334 1008 433 1085 possit
456 1005 524 1086 diei,
547 1006 699 1086 Spernere
722 1007 876 1066 mundum.

146 1087 261 1168 Igitur,
295 1107 363 1149 oum
387 1108 532 1168 spernere
554 1089 697 1149 mnndum
726 1091 792 1149 istis
814 1086 991 1149 doctoribus

65 1170 186 1231 eximiis
211 1172 250 1230 ait
280 1190 342 1231 non
366 1172 440 1231 vitia
468 1172 590 1252 mundi,
622 1171 880 1253 incredulitatem,
914 1169 991 1230 fidu·

64 1255 143 1314 oiam
167 1255 234 1331 sui,
266 1255 472 1334 ignorantiam
500 1261 532 1316 et
553 1255 792 1317 inobedientiam
816 1255 891 1333 Dei,
919 1273 991 1314 eon·

63 1338 304 1416 oupisoentiam,
341 1339 517 1416 avaritiam,
555 1339 717 1414 invidiam,
751 1339 868 1419 reliqua
896 1354 993 1418 opera

64 1419 180 1482 diaboli
214 1420 402 1500 relinquere,
441 1421 496 1482 sed
529 1441 584 1502 per
616 1423 779 1483 eleotitiam
809 1422 990 1500 religionem

62 1505 166 1583 potius
194 1503 273 1564 haee
294 1509 431 1564 monstra
456 1510 605 1584 statuere,
633 1504 725 1565 fidem
750 1505 932 1566 oonouleare
960 1511 991 1563 et

62 1585 209 1647 fidueiam
233 1589 279 1647 sui
302 1589 401 1667 alere,
431 1594 527 1648 totum
551 1608 677 1669 regnum
701 1588 813 1649 Christi
834 1589 895 1647 suis
918 1587 990 1646 abo·

63 1671 283 1730 minationibus
313 1671 478 1731 obscurare
507 1680 537 1732 et
563 1673 726 1752 profanare
754 1669 837 1752 (nam
860 1674 992 1749 regnant

63 1753 142 1814 haeo
165 1756 344 1814 monstrain
365 1754 576 1834 religionibus,
598 1761 630 1816 et
650 1756 708 1815 nisi
730 1761 904 1834 regnarent,
927 1771 989 1813 non

62 1841 194 1917 possent
225 1837 390 1916 religiones
423 1840 607 1917 consistere,
645 1838 716 1899 ideo
746 1840 825 1898 enim
858 1839 919 1897 itur
951 1835 990 1896 ad

60 1938 158 2000 opera
180 1919 348 2000 religionis,
371 1939 449 2000 quae
472 1920 625 2001 baptismo
647 1927 791 2000 aequant,
815 1922 990 1999 quiareoe·

60 2002 184 2064 ditono
206 2001 319 2066 fiducia
338 2006 369 2064 in
393 2004 576 2082 Christum),
605 2003 639 2064 fit
660 2014 691 2065 ut
719 2025 774 2085 per
794 2003 990 2081 vocabulum,

60 2085 221 2166 spernere·
238 2086 394 2168 mundum,
417 2087 498 2149 aliud
520 2088 595 2147 nihil
617 2089 716 2168 possit
736 2087 876 2168 intelligi,
898 2104 989 2166 quarn

60 2188 208 2249 spernere
223 2171 408 2250 coniugium,
427 2171 649 2250 magistratum,
668 2171 769 2232 ostiola
781 2171 991 2248 eeclesiarum,

60 2272 131 2313 oum
150 2251 272 2313 ¹eadem
302 2255 376 2315 vitia
410 2261 440 2316 et
461 2252 591 2315 eandem
620 2274 742 2316 earnem
765 2273 869 2315 seeum
892 2253 989 2314 ferant

60 2343 94 2397 at
115 2335 267 2396 retineant
287 2338 318 2397 in
341 2340 543 2418 monasterio,
573 2357 653 2418 quae
675 2339 747 2400 toris
769 2339 800 2398 in
823 2337 890 2398 aliis
912 2336 989 2397 loeis

60 2416 244 2484 habuerunt.

145 2502 192 2562 Tu
218 2522 299 2563 nuno
333 2503 402 2564 vide
430 2505 612 2585 sapientiam
649 2505 737 2565 istius
771 2503 928 2564 doetrinae
958 2501 988 2562 in

62 2604 177 2666 magno
220 2589 365 2667 mysterio
402 2587 613 2649 absconditae.
670 2587 751 2647 Vitia
790 2586 892 2647 mundi
927 2604 990 2646 non

61 2675 225 2751 spernunt,
256 2670 309 2731 sed
333 2669 451 2732 divinas
475 2671 694 2749 ordinationes,
716 2677 750 2730 ut
771 2670 919 2730 ecelesias
944 2687 987 2729 re·

61 2772 146 2834 gere,
170 2754 345 2834 ooniugiurn
369 2752 475 2834 (etiam
499 2756 633 2815 maximo
650 2755 813 2816 multorum
836 2749 990 2834 perieulo)

61 2843 94 2898 et
114 2835 268 2917 politiam,
303 2856 382 2916 quae
406 2840 510 2899 omnia
532 2840 614 2899 Deus
649 2838 801 2900 ordinavit
834 2843 866 2897 et
888 2837 991 2898 eolere

61 2926 158 2999 atque
190 2920 344 2982 honorare
370 2922 542 3002 praecepit,
576 2922 620 2982 illi
655 2928 757 2982 autem
789 2920 933 2981 deserunt
962 2926 993 2979 et

61 3003 194 3084 fugiunt,
217 3010 248 3064 et
270 3012 480 3085 contemnunt,
504 3004 614 3065 deinde
631 3005 809 3086 gloriantur,
832 3023 866 3064 se
881 3003 991 3065 offerre

63 3087 131 3148 Deo
155 3086 284 3147 lruotum
307 3094 503 3168 superantem
528 3107 620 3149 omne
642 3100 738 3168 genus
762 3088 909 3168 martyrii,

147 3169 263 3231 Tamen
286 3172 457 3250 praevaluit
484 3173 542 3231 ista
569 3173 716 3253 pestilens
745 3172 864 3252 speeies
888 3169 994 3230 mutati

63 3255 124 3317 looi
148 3261 179 3314 et
202 3255 232 3313 in
257 3256 474 3317 monasterium
501 3256 667 3336 ingressus,
690 3262 722 3315 ut
744 3273 799 3335 pro
816 3261 994 3333 oontemptn

63 3337 168 3398 mnndi
192 3336 413 3415 oolebraretur,
449 3358 507 3399 neo
528 3339 696 3418 videretur,
730 3337 812 3417 quod
840 3339 899 3398 iste
922 3355 993 3396 oon·

62 3428 199 3501 temptas
222 3423 382 3483 verissime
403 3422 493 3482 fuerit
515 3428 710 3502 contemptus
734 3421 789 3480 Dei
818 3425 848 3481 et
870 3439 992 3480 suarum

63 3505 312 3584 ordinationum,
347 3523 384 3565 ao
410 3523 511 3566 merus
539 3523 626 3565 amor
657 3511 688 3566 et
716 3504 816 3565 bonor
837 3502 941 3564 mnndi
964 3508 995 3563 et

62 3586 197 3669 diaboli,
220 3587 353 3648 hostiurn
376 3587 433 3649 Dei
456 3595 487 3650 et
509 3591 643 3650 omnium
667 3607 791 3649 suornm
815 3605 951 3667 operum.
1037 3638 1038 3641 ,

148 3670 210 3732 Sed
234 3673 333 3732 minor
356 3678 403 3731 est
425 3674 482 3733 ista
505 3672 712 3753 blasphemia,
744 3670 825 3750 qnod
850 3687 996 3751 spernere

62 3753 212 3817 mnndum
235 3761 347 3816 vooant
368 3754 409 3837 id,
432 3755 515 3836 quod
532 3775 603 3819 vere
623 3763 670 3816 est
693 3773 837 3835 spernere
860 3772 992 3816 oeoono-
1039 3830 1042 3836 1

89 3869 182 3910 Lutlrsrt
198 3880 249 3919 opp.
265 3870 290 3909 V.
306 3870 331 3907 Α.
347 3870 376 3908 ad
388 3871 429 3909 rot.
444 3871 494 3909 bist.
510 3870 524 3911 l.
539 3882 560 3921 p.
578 3870 626 3913 Vol.
642 3872 691 3913 Vll.
855 3841 878 3909 3
