2348 4162
209 206 281 314 300ι
394 242 401 251 ’
439 248 482 304 De
500 263 582 303 servo
602 246 716 304 arbitrio
736 248 769 303 l).
788 247 824 303 ll.
843 248 874 303 L.

208 418 290 499 quod
314 417 506 479 contradicas
528 417 690 498 scripturis
714 417 832 499 divinis,
856 419 1058 491 oscannum,
1080 419 1130 497 qui

208 501 282 561 nibil
304 500 384 561 aliud
408 501 485 581 agis,
508 519 597 580 quam
622 507 807 581 utquaeras,
830 502 911 582 quod
926 500 1129 564 contradices.

207 584 296 645 Nunc
319 587 412 644 curris
435 583 473 644 ed
496 585 764 663 interpretationes
794 587 948 664 veterum,
988 602 1071 643 nnnc
1092 584 1128 644 ad

209 666 412 728 absurditates
426 667 563 747 rationis,
587 666 637 727 ubi
660 667 768 727 horum
783 675 921 729 nentrum
937 667 1129 744 succurrerit,

207 756 270 810 tum
293 750 394 811 aliene
416 757 448 810 et
469 751 568 810 vicine
591 749 728 828 disseris,
751 758 885 829 tautum,
913 758 947 810 ut
968 756 1129 828 praesente

207 833 383 914 Scripturas
406 834 475 894 loco
498 852 559 894 non
574 835 717 897 tenearis.
761 833 840 909 Quid
856 832 980 894 dicam?
1002 832 1129 894 Proteus

206 936 267 977 nou
292 924 338 977 est
360 917 497 991 Proteus,
520 917 545 975 si
568 915 622 976 tibi
645 924 854 997 comparetur3
877 935 937 976 neo
958 917 1005 976 sic
1027 923 1127 976 tumen

206 998 285 1060 elabi
322 1007 420 1079 potes.
474 999 611 1074 Quantas
643 1000 786 1061 victorias
821 1000 926 1060 Ariani
961 999 1145 1075 iactabant.

207 1082 290 1162 quod
316 1081 454 1162 syllabae
475 1083 553 1143 istae
575 1088 607 1142 et
628 1082 933 1144 literacHornousios
952 1100 1015 1143 uon
1039 1081 1126 1143 hoba

204 1173 308 1226 rentur
331 1167 360 1224 in
384 1163 562 1244 scripturis,
589 1165 662 1224 nibil
685 1167 810 1244 morati,
832 1165 915 1246 quod
938 1164 1006 1225 eliis
1029 1164 1126 1228 verbis

205 1248 285 1308 idsm
309 1247 521 1308 efficacissime
533 1246 734 1327 probaretur?
777 1246 840 1310 Sed
862 1269 901 1310 cn
920 1249 982 1310 hoc
995 1248 1125 1321 utboni,

205 1350 267 1392 non
291 1330 389 1391 dicam
412 1333 453 1412 pii
478 1332 583 1410 animi,
606 1330 718 1392 erudiri
740 1333 906 1412 cupientia,
941 1330 1059 1392 iudicet
1079 1331 1124 1393 vel

204 1415 273 1494 ipse
294 1415 434 1494 impietas
457 1421 486 1474 et
506 1415 660 1493 iniquitas.

287 1497 374 1559 Habe
396 1498 486 1576 igitur
509 1498 678 1575 victoriam,
700 1497 840 1556 nosvicti
856 1495 1049 1575 confitemur,
1070 1496 1123 1558 hos

205 1580 397 1641 characteres
420 1588 449 1640 et
469 1579 604 1660 syllabas
624 1579 936 1659 (praestantissimum
959 1580 990 1639 in
1003 1579 1123 1641 homins

204 1663 277 1724 nihil
300 1664 356 1724 nisi
381 1682 452 1723 caro
467 1670 530 1732 est)
555 1664 586 1723 in
609 1663 704 1722 sacris
716 1661 878 1742 Scripturis
900 1680 962 1722 non
986 1663 1122 1724 inveniri.

202 1746 248 1806 Tu
271 1754 372 1807 autern
397 1746 475 1824 vide,
499 1745 598 1825 qualis
614 1740 654 1805 sit
674 1746 802 1805 victoria
814 1752 876 1825 tua,
899 1763 968 1805 cum
987 1765 1046 1807 nos
1059 1764 1122 1827 pro

204 1829 310 1890 bemus
339 1831 369 1889 in
393 1828 556 1909 scripturis
585 1828 826 1908 locupletissime
861 1829 1008 1910 inveniri,
1044 1827 1122 1909 quod

203 1930 264 1971 non
289 1930 349 1971 une
370 1912 470 1991 portio
495 1911 544 1971 vel
556 1913 851 1992 praestantissimum
875 1916 929 1972 aut
949 1911 1122 1993 principalis

203 2013 273 2074 pars
296 1994 427 2055 bominis
450 1996 489 2054 sit
509 2013 592 2074 cero,
614 1994 668 2054 sed
691 1994 953 2055 totumhominem
978 2014 1049 2055 esse
1065 2014 1122 2055 cac

202 2097 283 2155 nem,
305 2097 363 2137 nec
384 2076 414 2137 id
437 2078 546 2156 solum,
569 2076 623 2136 sed
636 2083 733 2138 totum
747 2078 893 2157 populum
906 2095 976 2138 esse
992 2096 1121 2155 wrcen,

202 2166 293 2238 atque
306 2179 345 2220 ne
358 2160 419 2220 hoc
432 2160 555 2239 quidem
569 2162 653 2239 setis,
670 2159 723 2220 sed
739 2167 833 2220 totum
848 2156 946 2240 genus
960 2160 1121 2221 humanum

202 2262 270 2302 esse
283 2262 415 2305 caruem.
439 2243 576 2305 Christus
590 2245 668 2303 enim
681 2242 768 2303 dicit:
794 2242 883 2318 Quod
898 2251 1003 2303 uatum
1019 2252 1069 2307 est
1086 2263 1121 2305 ex

201 2334 303 2400 carue,
316 2345 388 2388 caro
401 2333 464 2404 est3
487 2333 517 2386 tu
531 2326 617 2389 sulse
639 2326 749 2405 nodos,
772 2325 854 2406 finge
868 2333 986 2406 tropos,
1007 2336 1122 2389 sectare

200 2410 483 2489 interpretationem
509 2417 656 2486 veterum,
678 2418 729 2469 sut
753 2408 933 2470 alioversus
950 2409 1072 2470 interim
1087 2409 1121 2471 de

200 2485 334 2553 Troiano
358 2492 438 2552 bello
461 2492 591 2569 dissere,
621 2511 660 2551 ne
693 2491 798 2552 videos
830 2490 879 2551 vel
909 2491 1017 2553 audias
1040 2512 1120 2573 pree

175 2581 320 2645 ,sentem
346 2576 457 2638 locum.
500 2575 564 2635 Nos
586 2593 647 2636 non
672 2575 832 2652 credimus,
855 2574 909 2634 sed
932 2574 1075 2637 videmus
1094 2582 1121 2636 et

199 2658 383 2737 experimur,
407 2664 505 2718 totum
527 2677 624 2738 genus
646 2657 812 2718 humanum
842 2677 881 2717 ex
903 2676 997 2721 cerne
1019 2671 1119 2720 natum

201 2760 279 2802 esse.
322 2740 396 2801 ldeo
431 2742 569 2820 cogimur
599 2741 741 2820 credere,
776 2741 859 2820 quod
889 2742 1119 2817 conviciemur,

199 2821 319 2886 scilicet
341 2826 436 2884 totum
459 2843 556 2905 genus
569 2824 732 2884 humanum
745 2842 868 2884 carnem
887 2843 967 2903 esse,
991 2825 1119 2887 docente

200 2906 334 2967 Christo.
380 2908 426 2967 An
450 2926 531 2967 nuuc
552 2908 727 2987 igemouics
749 2926 819 2987 pars
839 2908 869 2966 in
892 2906 1021 2969 homine
1043 2927 1119 2970 com·

199 2987 405 3068 prehendatur
426 2995 492 3050 toto
515 2990 654 3065 homine,
677 2996 743 3050 toto
765 2991 896 3069 populo,
925 2996 993 3052 toto
1010 3010 1119 3072 genere

200 3072 367 3149 bominum,
391 3074 592 3153 permittimus
616 3072 778 3153 Sophistis,
801 3079 832 3133 ut
855 3071 995 3135 dubitent
1013 3082 1044 3136 et
1067 3076 1119 3136 dis·

199 3161 322 3235 putent,
358 3175 415 3215 nos
453 3157 482 3215 in
516 3161 582 3217 toto
605 3176 717 3237 genere
744 3156 878 3217 humano
901 3158 1016 3218 scimus
1040 3178 1118 3221 com·

198 3236 290 3317 plecti
314 3257 425 3318 corpus
456 3244 486 3299 et
520 3240 652 3299 aniciam
688 3258 755 3299 cum
791 3239 931 3300 omnibus
957 3240 1070 3303 viribus
1092 3247 1119 3302 st

198 3321 353 3401 operibus,
378 3341 445 3382 cum
460 3321 600 3381 omnibus
622 3323 702 3381 vitiis
721 3327 751 3383 et
763 3322 931 3402 virtutibus,
955 3343 1026 3384 cum
1039 3323 1117 3386 omni

197 3405 349 3483 sapientia
372 3411 403 3464 et
424 3405 561 3483 stultitia,
584 3424 653 3465 cum
676 3407 759 3466 omni
782 3406 896 3466 iustitia
919 3412 952 3467 et
963 3407 1117 3470 iniustitia.

198 3486 309 3548 Omnia
331 3494 402 3548 sunt
424 3506 506 3568 caro,
531 3490 602 3568 quic
615 3491 718 3550 omnic
730 3490 853 3570 sapiunt
864 3508 998 3567 curnem,
1021 3492 1053 3553 id
1065 3500 1116 3568 est,

198 3588 277 3648 quae
299 3591 354 3631 sua
376 3578 456 3642 sunt,
479 3579 651 3651 vocantque
673 3573 772 3651 glorio
793 3573 850 3633 Dei
872 3580 903 3634 et
925 3576 1037 3654 spiritu
1054 3576 1117 3651 bei,

197 3660 229 3713 ut
251 3653 363 3715 Paulus
384 3655 427 3717 uit
449 3654 538 3718 Rom.
562 3656 590 3719 3.
