2348 4162
370 244 460 301 amico
479 244 590 301 cuidem
608 243 806 314 praescriptae.
980 240 1044 309 379

122 413 219 495 Ephe.
241 416 277 479 2:
298 413 339 476 m
350 415 475 477 veniens
486 416 684 493 annunciavit
695 410 804 497 pacem
817 414 863 476 his
886 415 1046 495 quiprcpe

123 505 153 560 et
175 499 213 559 iis
236 498 287 578 qui
309 497 413 578 longe.
456 499 530 560 ideo
554 505 585 560 et
607 519 664 560 nos
679 499 832 560 rhetorice
844 499 972 559 excitari
996 495 1045 558 de·

122 582 232 645 bemus
254 580 295 642 ed
316 582 458 662 gaudium
482 581 566 644 verbi
589 588 620 642 et
641 583 767 643 virtutes
790 583 855 642 eius
867 600 1045 662 agnoscere,
1111 630 1113 634 ,

123 670 310 746 quaesunt,
345 671 378 725 ut
398 666 493 729 faciet
518 685 576 727 nos
604 685 731 745 regnum
755 666 829 740 Dei,
864 664 1007 739 iustificet
1027 683 1047 724 s

121 754 265 830 peccato,
287 747 417 811 redimet
439 768 458 809 c
480 754 587 830 morte,
611 750 702 810 etiem
724 750 748 809 si
773 747 863 809 valde
884 746 998 808 humile
1017 752 1047 807 et
1079 802 1084 809 .

122 832 251 894 stultum
289 833 329 893 sit
356 851 462 893 corum
485 851 586 897 cerne.
630 833 743 894 Verum
766 830 954 893 confutanda
975 835 1047 891 sunt

121 917 180 976 iste
204 913 369 994 scandale,
406 922 436 976 et
457 934 519 977 non
542 917 659 976 moveri
692 913 837 977 debemus
868 919 1046 994 contemptu

121 1003 154 1065 ci
171 998 344 1061 humilitate
366 999 461 1076 verbi,
483 997 538 1059 sed
561 998 718 1079 superbire
740 1005 770 1058 et
780 997 908 1059 iubilate
930 997 969 1058 de
990 997 1046 1057 vir·

123 1087 189 1144 tute
210 1083 277 1144 cius
299 1081 475 1163 triumphali
498 1088 528 1143 et
551 1082 646 1163 regali
669 1088 805 1146 aeterne.

92 1182 96 1191 ·
206 1165 285 1227 Nem
310 1164 449 1227 diabolus
471 1164 561 1226 vaide
582 1165 723 1227 humiliet
743 1173 774 1226 et
790 1169 1001 1244 contemptum
1016 1170 1048 1224 et

122 1247 240 1310 risibile
259 1247 359 1310 reddit
370 1248 506 1327 verbum,
528 1267 712 1328 percruces‚
733 1250 906 1333 passiones,
929 1246 1047 1308 detrec·
1118 1310 1120 1315 ,

121 1333 235 1409 tiones,
255 1331 474 1412 blasphemius,
498 1331 570 1394 odie
592 1338 623 1392 et
646 1333 750 1393 omnic
772 1332 871 1407 mele,
904 1349 982 1409 quac
1003 1328 1046 1391 in·

122 1415 189 1478 fert.
234 1413 294 1477 sed
315 1415 376 1477 boc
396 1416 497 1495 ipsum
528 1414 619 1476 debet
640 1415 729 1476 nobis
753 1433 823 1476 esse
844 1416 964 1494 signum
987 1413 1048 1474 lae·

122 1499 272 1559 tissimum
296 1504 473 1577 etcertum,
496 1497 716 1578 quodverbum
733 1499 911 1573 corinetes,
933 1497 1048 1573 salvos,

122 1600 214 1661 reges
235 1581 319 1644 iecit.
362 1581 443 1657 Quis
463 1582 521 1643 nisi
544 1580 685 1642 diabolus
719 1582 793 1642 istas
813 1583 938 1642 virtutes
963 1579 1047 1639 verbi

123 1665 254 1727 sentiret
285 1671 316 1726 et
337 1671 532 1745 agnosceret,
555 1684 618 1726 non
642 1666 686 1726 sic
707 1664 820 1726 fureret
853 1670 885 1725 et
916 1663 1049 1724 saeviret

123 1756 186 1810 tem
209 1747 310 1809 verbis
333 1767 426 1828 quem
447 1748 545 1824 factis,
568 1748 598 1809 id
622 1754 669 1809 est
691 1754 754 1809 tem
768 1747 946 1823 mendaciis,
968 1745 1047 1807 bles-

122 1831 264 1913 phemiis,
286 1832 392 1906 sectis,
413 1850 505 1909 quem
528 1832 567 1909 vi,
590 1831 695 1909 ccede,
717 1832 941 1911 persecutione.
970 1829 1048 1889 Aliis
1132 1834 1136 1842 '

122 1915 206 1976 enim
229 1912 375 1976 doctrinis
398 1933 461 1975 non
482 1914 557 1976 fecit
578 1914 661 1992 telis,
685 1915 757 1993 quie
778 1915 865 1975 novit
886 1913 964 1975 isles
985 1930 1046 1973 non

122 1998 228 2067 inesse
250 1998 388 2078 virtutes,
411 1998 517 2076 quales
540 1999 570 2059 in
593 1997 688 2059 verbo
710 1997 775 2062 Dei.

207 2160 247 2225 In
269 2162 332 2225 dic
353 2164 578 2226 nativitatis
601 2164 760 2228 Christi.
790 2165 905 2225 Esaiae
926 2166 954 2229 9.
1045 2216 1048 2221 .

208 2327 355 2391 Psrvulus
378 2329 459 2390 enim
486 2336 576 2391 nutus
600 2336 647 2390 est
668 2329 771 2410 nobis,
804 2336 836 2392 et
856 2329 937 2390 filius
960 2329 1047 2390 dutus

123 2419 172 2475 est
191 2411 297 2490 nobis,
327 2416 359 2473 et
380 2412 477 2473 iectus
499 2419 545 2472 cst
567 2413 755 2493 principatus
777 2431 868 2493 super
889 2413 1046 2472 humerum

123 2497 207 2573 eius,
241 2501 273 2556 et
294 2493 453 2558 vocabitur
487 2514 601 2556 nomen
624 2497 688 2556 eius
712 2494 919 2567 Admirabilis‚
942 2494 1047 2557 Consi-

123 2579 244 2659 iisrius,
267 2577 367 2658 Dens,
389 2578 505 2658 Fortis,
528 2579 617 2639 Peter
638 2579 729 2638 futuri
757 2579 869 2655 seculi,
902 2578 1048 2658 Princeps

122 2661 220 2743 pscis.
264 2660 515 2741 Multiplicebitur
537 2663 602 2722 eius
625 2662 801 2741 imperium,
824 2667 855 2722 et
877 2663 962 2742 pacis
985 2681 1046 2722 non

85 2782 89 2789 ·
124 2745 182 2807 erit
201 2742 281 2819 finis,
305 2763 398 2824 super
418 2744 528 2806 solium
551 2743 651 2806 Devid
673 2752 703 2805 et
724 2764 816 2825 super
832 2764 960 2825 regnum
984 2745 1047 2805 eius

123 2826 254 2910 sedebit,
276 2832 309 2887 ut
331 2827 493 2889 confirmet
514 2828 605 2904 illud,
628 2835 659 2889 et
680 2827 861 2889 corroboret
881 2829 912 2888 in
935 2827 1048 2888 iudicio

123 2917 155 2972 et
175 2911 301 2989 iustitie,
323 2929 342 2971 e
363 2908 458 2973 modo
481 2917 512 2972 et
532 2930 629 2990 usque
650 2912 681 2971 in
704 2912 933 2992 sempiternum.
956 2910 1047 2971 Zelus

125 2993 252 3056 Domini
275 2993 464 3055 exercituum
488 2995 581 3055 ieciet
601 2994 671 3055 hoc.

205 3075 315 3137 Esaias
351 3074 460 3156 plenus
490 3077 609 3138 laetitia
631 3076 779 3157 spirituali
802 3076 951 3152 exsultet,
985 3077 1047 3138 imo

122 3158 250 3221 insultet
270 3159 434 3239 impiorum
456 3167 487 3221 et
509 3159 693 3221 daemonum
716 3161 809 3221 furori
830 3161 860 3220 in
884 3165 951 3220 tcto
964 3180 1047 3221 mun·
1124 3208 1129 3217 ,

125 3242 177 3323 dc,
200 3248 232 3303 et
254 3241 342 3303 dicit:
377 3242 440 3306 ilcb
463 3242 525 3318 iniit
558 3244 601 3321 iit
623 3243 675 3306 icil
696 3245 752 3306 nub
781 3243 898 3320 tiitidrt
930 3245 1048 3318 merbec,

123 3326 225 3387 omnis
247 3327 297 3406 qui
321 3325 412 3387 oditis
435 3344 508 3403 nos,
536 3326 689 3386 siveritis
712 3325 881 3387 doemones
904 3325 969 3384 sive
990 3325 1048 3387 ho·

123 3409 238 3489 mines,
267 3415 297 3469 et
319 3409 410 3470 vultis
432 3428 489 3477 nos
513 3409 694 3485 eradicatos,
718 3415 819 3469 temen
842 3427 970 3487 regnum
992 3428 1047 3469 no·

122 3496 218 3551 strum
241 3490 334 3554 stabii
354 3493 502 3554 invictum
524 3493 554 3553 in
578 3499 745 3570 aeternum,
767 3510 824 3552 vos
846 3496 948 3553 eutem
971 3491 1047 3570 peri·

122 3572 212 3653 bitis,
236 3576 309 3655 quie
328 3573 476 3636 hebemus
499 3595 602 3656 regem
625 3594 747 3656 regum,
772 3574 928 3635 dominum
951 3572 1046 3634 domi·
1122 3600 1125 3605 ·

122 3658 271 3737 nendum,
293 3654 353 3733 {iit
374 3659 460 3736 bobis
482 3660 616 3737 certetur,
637 3660 693 3722 cub
708 3656 750 3722 (ξι
772 3658 803 3733 iit
821 3660 898 3737 idco
919 3658 1045 3737 peiores,

121 3738 295 3820 Sit'tiiubc
327 3741 398 3821 uidit
425 3743 544 3822 peiren.
586 3741 732 3821 Loquitur
761 3743 841 3803 enim
865 3739 904 3804 de
924 3739 1045 3804 Christo
