2348 4162
270 266 307 322 ad
324 268 360 323 D.
378 268 519 323 iiraamum
538 266 762 323 Rctercdamum.
918 265 980 334 229

53 440 132 500 tiam
145 437 263 516 iecerit,
285 444 396 519 rogant
412 458 460 499 me
483 439 597 499 iudicia
609 439 755 515 iustitiae,
778 439 982 520 etapprcpin·

53 520 227 602 quareDec
237 521 352 582 volunt.
367 521 443 583 Putc
454 523 519 583 istic
532 523 633 583 verbia
645 523 721 582 aetia
734 523 905 599 monstrari,
918 541 981 583 ncn

52 603 469 668 licerebcmiuibusacrutari
478 606 664 667 voluntatem
673 606 850 666 maiestatis.
864 605 983 666 Deinde

55 706 154 750 cauca
174 687 253 748 haec
275 694 322 747 eat
342 687 527 765 huiuamodi,
550 695 583 750 ut
603 689 633 748 in
656 688 708 748 iila
730 689 863 749 maxime
876 692 983 768 petant

55 764 196 853 p'erverci
217 770 357 834 homines
369 771 558 832 voluntatem
583 772 666 832 iilam
684 771 889 852 metuendam,
911 771 981 832 ideo

54 854 193 916 maxime
214 853 301 914 iccna
324 852 424 934 ascl),
447 873 500 915 ecs
523 861 585 914 tum
608 854 647 915 ad
670 854 822 915 silentium
844 860 876 914 et
897 873 982 915 reve·

54 937 187 999 rentiam
210 936 335 997 hortari.
377 935 412 997 In
449 937 516 998 aliis
544 940 643 998 causis
673 957 735 999 ncu
772 939 815 997 ita
844 938 982 1016 iacimus,

56 1020 109 1081 ubi
133 1020 207 1081 talia
228 1022 416 1098 tractantur,
448 1038 576 1099 quorum
599 1021 676 1081 ratic
698 1020 785 1082 reddi
815 1027 917 1100 pateat
952 1025 985 1080 et

54 1102 147 1166 reddi
167 1102 258 1163 nobie
282 1102 426 1163 mandata
449 1111 505 1165 eat.
529 1103 665 1178 Quodsi
689 1105 755 1183 quis
778 1110 886 1184 pergat
902 1121 984 1163 scru-

56 1190 114 1250 tari
136 1187 288 1247 rationem
310 1185 477 1246 voluntatis
505 1186 586 1248 illiue
626 1207 686 1248 nec
717 1193 842 1248 nostrae
864 1185 983 1247 moniti·
1051 1230 1053 1235 -

56 1270 112 1332 oni
134 1268 225 1350 cedit,
248 1269 328 1330 hunc
350 1270 476 1329 uiuimus
497 1270 551 1345 ire,
574 1276 605 1331 et
626 1271 783 1350 gigantum
807 1288 983 1330 monacum

57 1354 127 1414 Deo
151 1370 305 1433 pugnare,
328 1355 504 1432 spectaturi,
527 1371 604 1432 quoa
628 1353 797 1434 triumphos
820 1354 859 1413 eit
880 1371 983 1432 repor-

56 1443 188 1513 taturus,
211 1434 296 1514 ccrti,
320 1435 401 1514 quod
425 1454 538 1496 causae
561 1442 685 1496 nostrae
707 1435 782 1496 nihil
805 1437 843 1497 eit
866 1435 982 1496 detrac-

57 1528 145 1580 turus
168 1525 199 1579 et
220 1537 293 1579 auae
315 1517 389 1579 nibil
411 1519 586 1580 cciiaturua.
618 1518 754 1579 Manebit
776 1520 856 1579 enim
879 1517 984 1598 fixum,

59 1602 145 1682 quod
167 1607 219 1661 aut
249 1599 378 1661 liberum
409 1600 565 1662 arbitrium
594 1603 697 1662 omnia
719 1620 811 1681 pocae
834 1599 985 1681 probabit,

61 1689 116 1747 aut
139 1682 223 1764 quod
245 1682 396 1745 adductae
405 1680 581 1765 Scripturae
604 1691 710 1745 contra
731 1686 897 1763 ipsummet
910 1701 984 1763 pug-
1064 1692 1066 1697 ’

61 1768 190 1829 nabunt.
233 1765 308 1827 Utro
321 1773 423 1828 antem
446 1767 539 1848 iacto,
562 1768 659 1828 victus
680 1769 772 1845 iacet,
795 1772 903 1827 ct'ncs
926 1767 985 1825 vic·

57 1857 142 1912 torae
164 1856 290 1912 stamus.

145 1932 283 1994 Alterum
315 1937 361 1993 eat
390 1931 463 1992 iilud
485 1932 591 1995 Matth.
616 1934 669 1998 19:
688 1931 720 1994 δί
751 1932 796 1992 vic
828 1930 985 1992 advitam

59 2015 200 2097 ingredi,
230 2034 319 2075 cerva
342 2015 496 2077 mandata.
541 2015 609 2090 Qua
629 2016 730 2076 fronte
752 2015 918 2078 diceretur:
953 2013 985 2075 δί

59 2103 118 2180 vie,
142 2100 191 2159 cui
214 2098 357 2158 voluntas
379 2098 475 2158 libera
496 2117 558 2158 nnn
583 2098 757 2160 catilinae
782 2097 918 2159 diatriba.

147 2181 203 2242 (ini
226 2179 370 2241 dicimur:
393 2181 490 2260 Igitur
511 2182 653 2242 voluntas
676 2181 772 2242 libera
793 2188 841 2241 eet
861 2179 987 2262 perhcc

62 2265 191 2326 verbum
216 2263 352 2325 christi?
378 2264 419 2324 At
441 2271 472 2325 tu
498 2264 624 2325 volebas
646 2264 788 2345 probare,
811 2263 894 2344 quod
916 2263 988 2324 iibe-

62 2368 129 2410 rum
154 2346 310 2408 arbitrium
333 2346 406 2406 nihil
427 2349 526 2427 pccait
548 2347 619 2408 bcni
643 2347 739 2424 velle,
762 2353 793 2406 et
813 2347 988 2407 necessario

61 2431 194 2493 serviret
214 2435 360 2509 peccato,
383 2429 511 2490 absente
533 2431 642 2509 gratia.
687 2429 756 2504 Qua
776 2429 876 2489 fronte
897 2430 990 2509 igitur

62 2523 93 2576 tu
116 2532 200 2574 nunc
222 2518 318 2573 totum
338 2512 412 2572 iacis
435 2513 587 2573 liberum?

147 2595 232 2657 idem
255 2594 373 2655 dicetur
395 2594 433 2655 ad
456 2595 544 2655 illud:
567 2594 597 2655 Si
621 2595 666 2653 via
680 2593 831 2673 perfectus
855 2611 941 2671 eese;
964 2593 989 2653 si
1077 2610 1081 2617 ·

63 2681 132 2760 quis
155 2679 221 2738 vuit
244 2680 347 2738 venire
369 2686 440 2758 post
463 2698 530 2753 me,
553 2677 889 2756 quivclueritanimam
903 2695 989 2736 suam

63 2764 183 2825 cairam
208 2761 323 2839 iacere,
348 2762 374 2820 si
397 2756 521 2842 diligitis
545 2780 610 2839 me3
632 2761 657 2820 si
671 2761 854 2823 manseritis.
880 2758 989 2842 (Deni-

65 2865 143 2928 que,
180 2852 214 2905 ut
237 2844 314 2920 dixi,
349 2843 532 2923 colligantur
566 2863 674 2904 ornnes
703 2845 936 2905 coniunctiones
959 2840 990 2902 δί

65 2938 96 2991 et
117 2927 214 2989 verba
244 2928 441 3007 imperativa,
475 2932 508 2987 ut
527 2929 667 2988 iuvemus
700 2926 848 2991 dictribcn
882 2925 990 2986 saitem
1072 2976 1076 2985 .

65 3030 196 3073 numero
219 3007 413 3092 verborum).
436 3009 522 3070 Haec
544 3012 647 3070 omnia
671 3008 805 3091 (inquit)
825 3015 992 3090 praecepta

65 3096 193 3177 frigent,
226 3095 252 3153 ai
275 3091 349 3152 nihil
372 3092 510 3153 tribuitur
532 3093 680 3153 voluntati
702 3092 870 3173 humanae,
900 3110 990 3170 quam
1095 3144 1098 3149 .

66 3178 149 3240 maie
170 3177 316 3257 congruit
336 3195 439 3235 merae
460 3177 635 3237 necescitati
658 3176 833 3236 coniunctio
865 3175 919 3235 iila
940 3172 990 3236 Si.

149 3259 402 3340 Respondemus:
426 3258 457 3319 Si
478 3259 599 3339 frigent,
621 3265 674 3318 tua
685 3258 775 3338 cuipa
786 3258 907 3338 frigent,
928 3258 991 3319 imo

67 3343 143 3404 nihii
162 3351 248 3421 eunt,
284 3343 336 3420 qui
358 3343 485 3422 asseria,
509 3342 582 3402 nihil
605 3340 694 3402 tribui
716 3341 867 3402 voluntati
889 3341 992 3399 huma-

67 3444 143 3505 nae,
176 3424 247 3485 dum
283 3424 357 3485 iacis
381 3424 509 3485 liberum
532 3424 687 3485 arbitrium
710 3443 772 3485 non
797 3441 890 3504 posse
913 3420 993 3482 veile

68 3509 194 3590 bonum,
217 3516 249 3569 et
270 3526 373 3568 rureua
399 3507 448 3568 bic
469 3508 554 3588 facie,
577 3507 656 3568 idem
681 3525 774 3588 posse
796 3507 875 3567 veile
890 3505 994 3567 omnia

141 3700 170 3765 1)
190 3671 222 3752 in
241 3696 285 3754 ed.
305 3696 388 3755 1526:
417 3695 526 3752 locutus
556 3701 610 3763 eat;
636 3698 733 3750 nostra
758 3692 841 3749 lectio
873 3693 993 3765 repetita

69 3774 111 3826 ent
131 3785 166 3826 cx
185 3768 230 3826 ed.
250 3767 321 3826 1525
339 3773 368 3824 et
386 3769 442 3824 Ian.
