<?xml version="1.0" encoding="UTF-8"?>
<!DOCTYPE html PUBLIC "-//W3C//DTD XHTML 1.0 Transitional//EN"
    "http://www.w3.org/TR/xhtml1/DTD/xhtml1-transitional.dtd">
<html xmlns="http://www.w3.org/1999/xhtml" xml:lang="en" lang="en">
 <head>
  <title>
</title>
<meta http-equiv="Content-Type" content="text/html;charset=utf-8" />
  <meta name='ocr-system' content='tesseract 3.04.00' />
  <meta name='ocr-capabilities' content='ocr_page ocr_carea ocr_par ocr_line ocrx_word'/>
</head>
<body>
  <div class='ocr_page' id='page_1' title='image "./dmartinilutheri02luthgoog_0310.png"; bbox 0 0 2348 4162; ppageno 0'>
   <div class='ocr_carea' id='block_1_1' title="bbox 334 244 1045 314">
    <p class='ocr_par' dir='ltr' id='par_1_1' title="bbox 334 244 1045 314">
     <span class='ocr_line' id='line_1_1' title="bbox 334 244 1045 314; baseline -0.003 -7"><span class='ocrx_word' id='word_1_1' title='bbox 334 249 373 307; x_wconf 86' lang='lat' dir='ltr'><strong>ad</strong></span> <span class='ocrx_word' id='word_1_2' title='bbox 389 250 424 308; x_wconf 91' lang='lat' dir='ltr'><strong>D.</strong></span> <span class='ocrx_word' id='word_1_3' title='bbox 443 251 585 306; x_wconf 81' lang='lat' dir='ltr'><strong>Erasmum</strong></span> <span class='ocrx_word' id='word_1_4' title='bbox 603 249 828 307; x_wconf 86' lang='lat' dir='ltr'><strong>Rotercdamum.</strong></span> <span class='ocrx_word' id='word_1_5' title='bbox 981 244 1045 314; x_wconf 76' lang='grc'><strong>297</strong></span> 
     </span>
    </p>
   </div>
   <div class='ocr_carea' id='block_1_2' title="bbox 121 421 1119 919">
    <p class='ocr_par' dir='ltr' id='par_1_2' title="bbox 121 421 1119 919">
     <span class='ocr_line' id='line_1_2' title="bbox 121 421 1119 504; baseline -0.007 -17"><span class='ocrx_word' id='word_1_6' title='bbox 121 424 199 488; x_wconf 85' lang='lat' dir='ltr'><strong>triba</strong></span> <span class='ocrx_word' id='word_1_7' title='bbox 222 441 295 486; x_wconf 87' lang='lat' dir='ltr'><strong>mea</strong></span> <span class='ocrx_word' id='word_1_8' title='bbox 309 423 525 485; x_wconf 85' lang='lat' dir='ltr'><strong>violentiusad</strong></span> <span class='ocrx_word' id='word_1_9' title='bbox 548 424 677 504; x_wconf 77' lang='lat' dir='ltr'><strong>gratiam</strong></span> <span class='ocrx_word' id='word_1_10' title='bbox 699 429 730 483; x_wconf 88' lang='lat' dir='ltr'><strong>et</strong></span> <span class='ocrx_word' id='word_1_11' title='bbox 742 421 870 484; x_wconf 91' lang='lat' dir='ltr'><strong>liberum</strong></span> <span class='ocrx_word' id='word_1_12' title='bbox 889 421 1043 483; x_wconf 90' lang='lat' dir='ltr'><strong>arbitrium</strong></span> <span class='ocrx_word' id='word_1_13' title='bbox 1061 430 1066 436; x_wconf 84' lang='lat'><em>&#39;</em></span> <span class='ocrx_word' id='word_1_14' title='bbox 1114 496 1119 503; x_wconf 29' lang='grc' dir='ltr'>Ι</span> 
     </span>
     <span class='ocr_line' id='line_1_3' title="bbox 122 502 1047 588; baseline -0.004 -20"><span class='ocrx_word' id='word_1_15' title='bbox 122 508 208 572; x_wconf 79' lang='lat' dir='ltr'><strong>trahi.</strong></span> <span class='ocrx_word' id='word_1_16' title='bbox 254 506 356 584; x_wconf 80' lang='lat' dir='ltr'><strong>Quare</strong></span> <span class='ocrx_word' id='word_1_17' title='bbox 378 507 439 566; x_wconf 91' lang='lat' dir='ltr'><strong>hoc</strong></span> <span class='ocrx_word' id='word_1_18' title='bbox 465 508 607 586; x_wconf 80' lang='lat' dir='ltr'><strong>quaeso?</strong></span> <span class='ocrx_word' id='word_1_19' title='bbox 641 506 720 581; x_wconf 77' lang='lat' dir='ltr'><strong>Quia</strong></span> <span class='ocrx_word' id='word_1_20' title='bbox 740 505 946 588; x_wconf 82' lang='lat' dir='ltr'>Hieronymus</span> <span class='ocrx_word' id='word_1_21' title='bbox 982 502 1047 587; x_wconf 83' lang='lat' dir='ltr'><strong>(in-</strong></span> 
     </span>
     <span class='ocr_line' id='line_1_4' title="bbox 122 589 1045 675; baseline -0.003 -23"><span class='ocrx_word' id='word_1_22' title='bbox 122 593 205 672; x_wconf 88' lang='lat' dir='ltr'><strong>quit)</strong></span> <span class='ocrx_word' id='word_1_23' title='bbox 229 592 368 675; x_wconf 86' lang='lat' dir='ltr'><strong>spiritum</strong></span> <span class='ocrx_word' id='word_1_24' title='bbox 388 609 445 670; x_wconf 93' lang='lat' dir='ltr'><strong>pro</strong></span> <span class='ocrx_word' id='word_1_25' title='bbox 467 589 678 669; x_wconf 79' lang='lat' dir='ltr'><strong>indignatione</strong></span> <span class='ocrx_word' id='word_1_26' title='bbox 700 589 821 668; x_wconf 90' lang='lat' dir='ltr'><strong>accipit,</strong></span> <span class='ocrx_word' id='word_1_27' title='bbox 845 608 968 648; x_wconf 87' lang='lat' dir='ltr'><strong>carnem</strong></span> <span class='ocrx_word' id='word_1_28' title='bbox 989 607 1045 668; x_wconf 92' lang='lat' dir='ltr'><strong>pro</strong></span> 
     </span>
     <span class='ocr_line' id='line_1_5' title="bbox 121 671 1046 751; baseline -0.005 -16"><span class='ocrx_word' id='word_1_29' title='bbox 121 672 245 735; x_wconf 80' lang='lat' dir='ltr'><strong>infirma</strong></span> <span class='ocrx_word' id='word_1_30' title='bbox 266 674 397 733; x_wconf 91' lang='lat' dir='ltr'><strong>hominis</strong></span> <span class='ocrx_word' id='word_1_31' title='bbox 423 672 610 749; x_wconf 88' lang='lat' dir='ltr'><strong>conditione,</strong></span> <span class='ocrx_word' id='word_1_32' title='bbox 634 691 712 751; x_wconf 89' lang='lat' dir='ltr'><strong>quae</strong></span> <span class='ocrx_word' id='word_1_33' title='bbox 734 671 808 733; x_wconf 88' lang='lat' dir='ltr'><strong>nihil</strong></span> <span class='ocrx_word' id='word_1_34' title='bbox 833 673 915 733; x_wconf 88' lang='lat' dir='ltr'><strong>valet</strong></span> <span class='ocrx_word' id='word_1_35' title='bbox 936 671 1046 733; x_wconf 88' lang='lat' dir='ltr'><strong>adver·</strong></span> 
     </span>
     <span class='ocr_line' id='line_1_6' title="bbox 122 754 1047 836; baseline -0.005 -18"><span class='ocrx_word' id='word_1_36' title='bbox 122 776 172 818; x_wconf 86' lang='lat' dir='ltr'><strong>sus</strong></span> <span class='ocrx_word' id='word_1_37' title='bbox 186 754 298 819; x_wconf 87' lang='lat' dir='ltr'><strong>Deum.</strong></span> <span class='ocrx_word' id='word_1_38' title='bbox 340 754 454 818; x_wconf 89' lang='lat' dir='ltr'><strong>Iterum</strong></span> <span class='ocrx_word' id='word_1_39' title='bbox 477 756 548 815; x_wconf 89' lang='lat' dir='ltr'><strong>mihi</strong></span> <span class='ocrx_word' id='word_1_40' title='bbox 561 756 740 836; x_wconf 83' lang='lat' dir='ltr'><strong>Hieronymi</strong></span> <span class='ocrx_word' id='word_1_41' title='bbox 762 774 862 835; x_wconf 81' lang='lat' dir='ltr'><strong>nugae</strong></span> <span class='ocrx_word' id='word_1_42' title='bbox 884 774 939 835; x_wconf 94' lang='lat' dir='ltr'><strong>pro</strong></span> <span class='ocrx_word' id='word_1_43' title='bbox 952 754 1047 816; x_wconf 80' lang='lat' dir='ltr'><strong>Esaia</strong></span> 
     </span>
     <span class='ocr_line' id='line_1_7' title="bbox 122 837 1045 919; baseline -0.004 -19"><span class='ocrx_word' id='word_1_44' title='bbox 122 839 306 916; x_wconf 78' lang='lat' dir='ltr'><strong>afferuntur,</strong></span> <span class='ocrx_word' id='word_1_45' title='bbox 334 839 443 901; x_wconf 86' lang='lat' dir='ltr'><strong>fortius</strong></span> <span class='ocrx_word' id='word_1_46' title='bbox 466 846 574 900; x_wconf 88' lang='lat' dir='ltr'><strong>contra</strong></span> <span class='ocrx_word' id='word_1_47' title='bbox 596 838 728 899; x_wconf 91' lang='lat' dir='ltr'><strong>taedium</strong></span> <span class='ocrx_word' id='word_1_48' title='bbox 753 839 824 899; x_wconf 86' lang='lat' dir='ltr'><strong>mihi</strong></span> <span class='ocrx_word' id='word_1_49' title='bbox 848 837 1045 919; x_wconf 89' lang='lat' dir='ltr'><strong>pugnandum</strong></span> 
     </span>
    </p>
   </div>
   <div class='ocr_carea' id='block_1_3' title="bbox 122 919 1146 1003">
    <p class='ocr_par' dir='ltr' id='par_1_3' title="bbox 122 919 1146 1003">
     <span class='ocr_line' id='line_1_8' title="bbox 122 919 1146 1003; baseline -0.003 -19"><span class='ocrx_word' id='word_1_50' title='bbox 122 931 178 998; x_wconf 78' lang='lat' dir='ltr'><strong>eat,</strong></span> <span class='ocrx_word' id='word_1_51' title='bbox 202 941 264 1002; x_wconf 88' lang='lat' dir='ltr'><strong>quo</strong></span> <span class='ocrx_word' id='word_1_52' title='bbox 286 937 335 983; x_wconf 90' lang='lat' dir='ltr'><strong>me</strong></span> <span class='ocrx_word' id='word_1_53' title='bbox 357 922 482 982; x_wconf 81' lang='lat' dir='ltr'><strong>conficit</strong></span> <span class='ocrx_word' id='word_1_54' title='bbox 504 927 588 982; x_wconf 91' lang='lat' dir='ltr'><strong>tauta</strong></span> <span class='ocrx_word' id='word_1_55' title='bbox 601 921 793 1000; x_wconf 87' lang='lat' dir='ltr'><strong>indiligentia</strong></span> <span class='ocrx_word' id='word_1_56' title='bbox 809 919 866 1003; x_wconf 82' lang='lat' dir='ltr'><strong>(ne</strong></span> <span class='ocrx_word' id='word_1_57' title='bbox 879 920 951 1000; x_wconf 92' lang='lat' dir='ltr'><strong>quid</strong></span> <span class='ocrx_word' id='word_1_58' title='bbox 964 939 1046 981; x_wconf 87' lang='lat' dir='ltr'><strong>acer·</strong></span> <span class='ocrx_word' id='word_1_59' title='bbox 1139 982 1146 989; x_wconf 74' lang='grc'>,</span> 
     </span>
    </p>
   </div>
   <div class='ocr_carea' id='block_1_4' title="bbox 122 1002 1060 2247">
    <p class='ocr_par' dir='ltr' id='par_1_4' title="bbox 124 1002 1060 1257">
     <span class='ocr_line' id='line_1_9' title="bbox 124 1002 1046 1088; baseline -0.002 -21"><span class='ocrx_word' id='word_1_60' title='bbox 124 1006 191 1067; x_wconf 86' lang='lat' dir='ltr'><strong>hius</strong></span> <span class='ocrx_word' id='word_1_61' title='bbox 215 1003 332 1088; x_wconf 89' lang='lat' dir='ltr'><strong>dicam)</strong></span> <span class='ocrx_word' id='word_1_62' title='bbox 357 1005 496 1084; x_wconf 82' lang='lat' dir='ltr'><strong>diatriba,</strong></span> <span class='ocrx_word' id='word_1_63' title='bbox 519 1024 610 1084; x_wconf 89' lang='lat' dir='ltr'><strong>quam</strong></span> <span class='ocrx_word' id='word_1_64' title='bbox 634 1014 742 1066; x_wconf 89' lang='lat' dir='ltr'><strong>contra</strong></span> <span class='ocrx_word' id='word_1_65' title='bbox 764 1006 862 1085; x_wconf 81' lang='lat' dir='ltr'><strong>ipsam</strong></span> <span class='ocrx_word' id='word_1_66' title='bbox 886 1002 1046 1065; x_wconf 90' lang='lat' dir='ltr'><strong>diatriben.</strong></span> 
     </span>
     <span class='ocr_line' id='line_1_10' title="bbox 124 1087 1046 1169; baseline -0.007 -18"><span class='ocrx_word' id='word_1_67' title='bbox 124 1089 185 1152; x_wconf 86' lang='lat' dir='ltr'><strong>Sed</strong></span> <span class='ocrx_word' id='word_1_68' title='bbox 208 1088 342 1149; x_wconf 81' lang='lat' dir='ltr'><strong>diximus</strong></span> <span class='ocrx_word' id='word_1_69' title='bbox 364 1089 457 1169; x_wconf 91' lang='lat' dir='ltr'><strong>paulo</strong></span> <span class='ocrx_word' id='word_1_70' title='bbox 480 1095 552 1149; x_wconf 87' lang='lat' dir='ltr'><strong>autc</strong></span> <span class='ocrx_word' id='word_1_71' title='bbox 574 1088 718 1148; x_wconf 90' lang='lat' dir='ltr'><strong>iudicium</strong></span> <span class='ocrx_word' id='word_1_72' title='bbox 742 1096 879 1149; x_wconf 89' lang='lat' dir='ltr'><strong>uestrum</strong></span> <span class='ocrx_word' id='word_1_73' title='bbox 915 1087 954 1147; x_wconf 90' lang='lat' dir='ltr'><strong>de</strong></span> <span class='ocrx_word' id='word_1_74' title='bbox 975 1087 1046 1146; x_wconf 91' lang='lat' dir='ltr'><strong>Hie·</strong></span> 
     </span>
     <span class='ocr_line' id='line_1_11' title="bbox 124 1171 1060 1257; baseline -0.004 -25"><span class='ocrx_word' id='word_1_75' title='bbox 124 1171 248 1252; x_wconf 83' lang='lat' dir='ltr'><strong>rcnymi</strong></span> <span class='ocrx_word' id='word_1_76' title='bbox 272 1173 433 1232; x_wconf 88' lang='lat' dir='ltr'><strong>sententia.</strong></span> <span class='ocrx_word' id='word_1_77' title='bbox 1046 1230 1060 1257; x_wconf 45' lang='grc' dir='ltr'><strong><em>ι</em></strong></span> 
     </span>
    </p>

    <p class='ocr_par' dir='ltr' id='par_1_5' title="bbox 122 1252 1048 1500">
     <span class='ocr_line' id='line_1_12' title="bbox 205 1252 1048 1334; baseline -0.006 -19"><span class='ocrx_word' id='word_1_78' title='bbox 205 1252 309 1333; x_wconf 86' lang='lat' dir='ltr'><strong>Ipsam</strong></span> <span class='ocrx_word' id='word_1_79' title='bbox 339 1272 455 1334; x_wconf 88' lang='lat' dir='ltr'><strong>quaeso</strong></span> <span class='ocrx_word' id='word_1_80' title='bbox 478 1253 627 1314; x_wconf 86' lang='lat' dir='ltr'><strong>diatribeu</strong></span> <span class='ocrx_word' id='word_1_81' title='bbox 656 1253 792 1333; x_wconf 88' lang='lat' dir='ltr'><strong>sibiipsi</strong></span> <span class='ocrx_word' id='word_1_82' title='bbox 816 1270 1048 1334; x_wconf 76' lang='lat' dir='ltr'><strong>comparemus3</strong></span> 
     </span>
     <span class='ocr_line' id='line_1_13' title="bbox 122 1334 1047 1420; baseline -0.006 -21"><span class='ocrx_word' id='word_1_83' title='bbox 122 1356 196 1399; x_wconf 88' lang='lat' dir='ltr'><strong>caro</strong></span> <span class='ocrx_word' id='word_1_84' title='bbox 219 1334 351 1420; x_wconf 86' lang='lat' dir='ltr'><strong>(inquit)</strong></span> <span class='ocrx_word' id='word_1_85' title='bbox 376 1348 423 1398; x_wconf 90' lang='lat' dir='ltr'><strong>est</strong></span> <span class='ocrx_word' id='word_1_86' title='bbox 443 1336 563 1396; x_wconf 81' lang='lat' dir='ltr'><strong>infirma</strong></span> <span class='ocrx_word' id='word_1_87' title='bbox 585 1336 718 1397; x_wconf 90' lang='lat' dir='ltr'><strong>hominis</strong></span> <span class='ocrx_word' id='word_1_88' title='bbox 741 1335 895 1412; x_wconf 89' lang='lat' dir='ltr'><strong>conditio,</strong></span> <span class='ocrx_word' id='word_1_89' title='bbox 925 1336 1047 1415; x_wconf 90' lang='lat' dir='ltr'><strong>spiritus</strong></span> 
     </span>
     <span class='ocr_line' id='line_1_14' title="bbox 124 1419 695 1500; baseline -0.007 -18"><span class='ocrx_word' id='word_1_90' title='bbox 124 1427 230 1482; x_wconf 85' lang='lat' dir='ltr'><strong>antem</strong></span> <span class='ocrx_word' id='word_1_91' title='bbox 253 1419 424 1500; x_wconf 84' lang='lat' dir='ltr'><strong>indignatio</strong></span> <span class='ocrx_word' id='word_1_92' title='bbox 448 1419 562 1479; x_wconf 90' lang='lat' dir='ltr'><strong>divina.</strong></span> <span class='ocrx_word' id='word_1_93' title='bbox 691 1428 695 1435; x_wconf 89' lang='lat'>&#39;</span> 
     </span>
    </p>

    <p class='ocr_par' dir='ltr' id='par_1_6' title="bbox 123 1500 1049 1749">
     <span class='ocr_line' id='line_1_15' title="bbox 207 1500 1047 1584; baseline -0.002 -22"><span class='ocrx_word' id='word_1_94' title='bbox 207 1502 331 1563; x_wconf 82' lang='lat' dir='ltr'><strong>Nihilne</strong></span> <span class='ocrx_word' id='word_1_95' title='bbox 366 1504 458 1584; x_wconf 90' lang='lat' dir='ltr'><strong>igitur</strong></span> <span class='ocrx_word' id='word_1_96' title='bbox 489 1502 570 1563; x_wconf 87' lang='lat' dir='ltr'><strong>aliud</strong></span> <span class='ocrx_word' id='word_1_97' title='bbox 605 1501 698 1563; x_wconf 93' lang='lat' dir='ltr'><strong>habst</strong></span> <span class='ocrx_word' id='word_1_98' title='bbox 729 1501 899 1582; x_wconf 88' lang='lat' dir='ltr'><strong>indignatio</strong></span> <span class='ocrx_word' id='word_1_99' title='bbox 931 1500 1047 1580; x_wconf 76' lang='lat' dir='ltr'><strong>div&#39;ina,</strong></span> 
     </span>
     <span class='ocr_line' id='line_1_16' title="bbox 123 1582 1048 1666; baseline -0.005 -18"><span class='ocrx_word' id='word_1_100' title='bbox 123 1585 206 1666; x_wconf 88' lang='lat' dir='ltr'><strong>quod</strong></span> <span class='ocrx_word' id='word_1_101' title='bbox 242 1587 397 1664; x_wconf 86' lang='lat' dir='ltr'><strong>exsiccet,</strong></span> <span class='ocrx_word' id='word_1_102' title='bbox 429 1606 519 1666; x_wconf 89' lang='lat' dir='ltr'><strong>quam</strong></span> <span class='ocrx_word' id='word_1_103' title='bbox 555 1586 696 1646; x_wconf 80' lang='lat' dir='ltr'><strong>miseram</strong></span> <span class='ocrx_word' id='word_1_104' title='bbox 731 1584 814 1644; x_wconf 91' lang='lat' dir='ltr'><strong>illam</strong></span> <span class='ocrx_word' id='word_1_105' title='bbox 845 1592 876 1644; x_wconf 87' lang='lat' dir='ltr'><strong>et</strong></span> <span class='ocrx_word' id='word_1_106' title='bbox 897 1582 1048 1644; x_wconf 78' lang='lat' dir='ltr'><strong>infirmam</strong></span> 
     </span>
     <span class='ocr_line' id='line_1_17' title="bbox 123 1665 1049 1749; baseline -0.005 -19"><span class='ocrx_word' id='word_1_107' title='bbox 123 1669 257 1730; x_wconf 88' lang='lat' dir='ltr'><strong>hominis</strong></span> <span class='ocrx_word' id='word_1_108' title='bbox 280 1668 500 1749; x_wconf 89' lang='lat' dir='ltr'><strong>conditionem,</strong></span> <span class='ocrx_word' id='word_1_109' title='bbox 535 1687 625 1748; x_wconf 90' lang='lat' dir='ltr'><strong>quam</strong></span> <span class='ocrx_word' id='word_1_110' title='bbox 649 1668 751 1748; x_wconf 87' lang='lat' dir='ltr'><strong>potius</strong></span> <span class='ocrx_word' id='word_1_111' title='bbox 774 1666 885 1728; x_wconf 89' lang='lat' dir='ltr'><strong>debeat</strong></span> <span class='ocrx_word' id='word_1_112' title='bbox 906 1665 1049 1747; x_wconf 86' lang='lat' dir='ltr'><strong>erigere?</strong></span> 
     </span>
    </p>

    <p class='ocr_par' dir='ltr' id='par_1_7' title="bbox 124 1749 1049 2247">
     <span class='ocr_line' id='line_1_18' title="bbox 209 1749 1049 1833; baseline -0.007 -20"><span class='ocrx_word' id='word_1_113' title='bbox 209 1749 270 1813; x_wconf 79' lang='lat' dir='ltr'><strong>Sed</strong></span> <span class='ocrx_word' id='word_1_114' title='bbox 292 1751 366 1812; x_wconf 91' lang='lat' dir='ltr'><strong>illud</strong></span> <span class='ocrx_word' id='word_1_115' title='bbox 390 1752 555 1833; x_wconf 80' lang='lat' dir='ltr'><strong>pulchrius,</strong></span> <span class='ocrx_word' id='word_1_116' title='bbox 578 1750 636 1812; x_wconf 92' lang='lat' dir='ltr'><strong>flos</strong></span> <span class='ocrx_word' id='word_1_117' title='bbox 659 1751 742 1811; x_wconf 84' lang='lat' dir='ltr'><strong>foeni</strong></span> <span class='ocrx_word' id='word_1_118' title='bbox 764 1758 811 1810; x_wconf 89' lang='lat' dir='ltr'><strong>est</strong></span> <span class='ocrx_word' id='word_1_119' title='bbox 832 1751 946 1831; x_wconf 89' lang='lat' dir='ltr'><strong>gloria,</strong></span> <span class='ocrx_word' id='word_1_120' title='bbox 970 1767 1049 1828; x_wconf 88' lang='lat' dir='ltr'><strong>quac</strong></span> 
     </span>
     <span class='ocr_line' id='line_1_19' title="bbox 124 1832 1048 1914; baseline -0.005 -19"><span class='ocrx_word' id='word_1_121' title='bbox 124 1835 263 1895; x_wconf 76' lang='lat' dir='ltr'><strong>assuitur</strong></span> <span class='ocrx_word' id='word_1_122' title='bbox 285 1853 325 1895; x_wconf 87' lang='lat' dir='ltr'><strong>cx</strong></span> <span class='ocrx_word' id='word_1_123' title='bbox 347 1835 492 1896; x_wconf 86' lang='lat' dir='ltr'><strong>felicitate</strong></span> <span class='ocrx_word' id='word_1_124' title='bbox 513 1854 613 1895; x_wconf 87' lang='lat' dir='ltr'><strong>rerum</strong></span> <span class='ocrx_word' id='word_1_125' title='bbox 627 1834 842 1914; x_wconf 90' lang='lat' dir='ltr'><strong>corporalium.</strong></span> <span class='ocrx_word' id='word_1_126' title='bbox 865 1832 969 1894; x_wconf 86' lang='lat' dir='ltr'><strong>Iudaei</strong></span> <span class='ocrx_word' id='word_1_127' title='bbox 982 1832 1048 1910; x_wconf 85' lang='lat' dir='ltr'><strong>glo-</strong></span> 
     </span>
     <span class='ocr_line' id='line_1_20' title="bbox 124 1915 1048 1999; baseline -0.005 -20"><span class='ocrx_word' id='word_1_128' title='bbox 124 1917 283 1979; x_wconf 86' lang='lat' dir='ltr'><strong>riabantur</strong></span> <span class='ocrx_word' id='word_1_129' title='bbox 304 1918 430 1998; x_wconf 86' lang='lat' dir='ltr'><strong>templo,</strong></span> <span class='ocrx_word' id='word_1_130' title='bbox 465 1919 636 1999; x_wconf 88' lang='lat' dir='ltr'><strong>praeputio,</strong></span> <span class='ocrx_word' id='word_1_131' title='bbox 668 1918 811 1996; x_wconf 88' lang='lat' dir='ltr'><strong>victimis,</strong></span> <span class='ocrx_word' id='word_1_132' title='bbox 834 1916 944 1978; x_wconf 78' lang='lat' dir='ltr'><strong>Graeci</strong></span> <span class='ocrx_word' id='word_1_133' title='bbox 967 1915 1048 1995; x_wconf 90' lang='lat' dir='ltr'><strong>sapi·</strong></span> 
     </span>
     <span class='ocr_line' id='line_1_21' title="bbox 125 1999 1048 2082; baseline -0.004 -21"><span class='ocrx_word' id='word_1_134' title='bbox 125 2002 219 2063; x_wconf 86' lang='lat' dir='ltr'><strong>entia.</strong></span> <span class='ocrx_word' id='word_1_135' title='bbox 263 2001 359 2080; x_wconf 89' lang='lat' dir='ltr'><strong>lgitur</strong></span> <span class='ocrx_word' id='word_1_136' title='bbox 379 2001 437 2062; x_wconf 81' lang='lat' dir='ltr'><strong>ilos</strong></span> <span class='ocrx_word' id='word_1_137' title='bbox 469 2002 550 2062; x_wconf 84' lang='lat' dir='ltr'><strong>foeni</strong></span> <span class='ocrx_word' id='word_1_138' title='bbox 572 2006 603 2061; x_wconf 90' lang='lat' dir='ltr'><strong>et</strong></span> <span class='ocrx_word' id='word_1_139' title='bbox 623 2001 722 2082; x_wconf 87' lang='lat' dir='ltr'><strong>gloria</strong></span> <span class='ocrx_word' id='word_1_140' title='bbox 744 2003 843 2061; x_wconf 91' lang='lat' dir='ltr'><strong>carnis</strong></span> <span class='ocrx_word' id='word_1_141' title='bbox 867 2007 914 2061; x_wconf 88' lang='lat' dir='ltr'><strong>est</strong></span> <span class='ocrx_word' id='word_1_142' title='bbox 934 1999 1048 2059; x_wconf 88' lang='lat' dir='ltr'><strong>iustitia</strong></span> 
     </span>
     <span class='ocr_line' id='line_1_22' title="bbox 124 2082 1047 2166; baseline -0.004 -22"><span class='ocrx_word' id='word_1_143' title='bbox 124 2103 254 2166; x_wconf 88' lang='lat' dir='ltr'><strong>operum</strong></span> <span class='ocrx_word' id='word_1_144' title='bbox 278 2091 309 2145; x_wconf 90' lang='lat' dir='ltr'><strong>et</strong></span> <span class='ocrx_word' id='word_1_145' title='bbox 329 2085 480 2164; x_wconf 85' lang='lat' dir='ltr'><strong>sapientia</strong></span> <span class='ocrx_word' id='word_1_146' title='bbox 509 2083 620 2144; x_wconf 87' lang='lat' dir='ltr'><strong>mundi.</strong></span> <span class='ocrx_word' id='word_1_147' title='bbox 664 2083 829 2158; x_wconf 77' lang='lat' dir='ltr'><strong>Quomodo</strong></span> <span class='ocrx_word' id='word_1_148' title='bbox 851 2083 943 2164; x_wconf 90' lang='lat' dir='ltr'><strong>igitur</strong></span> <span class='ocrx_word' id='word_1_149' title='bbox 964 2082 1047 2142; x_wconf 92' lang='lat' dir='ltr'><strong>iusti-</strong></span> 
     </span>
     <span class='ocr_line' id='line_1_23' title="bbox 124 2165 1046 2247; baseline -0.004 -20"><span class='ocrx_word' id='word_1_150' title='bbox 124 2168 168 2228; x_wconf 85' lang='lat' dir='ltr'><strong>tia</strong></span> <span class='ocrx_word' id='word_1_151' title='bbox 190 2173 223 2228; x_wconf 87' lang='lat' dir='ltr'><strong>et</strong></span> <span class='ocrx_word' id='word_1_152' title='bbox 244 2169 395 2247; x_wconf 87' lang='lat' dir='ltr'><strong>sapientia</strong></span> <span class='ocrx_word' id='word_1_153' title='bbox 418 2166 558 2227; x_wconf 87' lang='lat' dir='ltr'><strong>dicuntur</strong></span> <span class='ocrx_word' id='word_1_154' title='bbox 579 2186 628 2227; x_wconf 87' lang='lat' dir='ltr'><strong>res</strong></span> <span class='ocrx_word' id='word_1_155' title='bbox 651 2168 827 2247; x_wconf 87' lang='lat' dir='ltr'><strong>corporales</strong></span> <span class='ocrx_word' id='word_1_156' title='bbox 851 2166 931 2247; x_wconf 89' lang='lat' dir='ltr'><strong>apud</strong></span> <span class='ocrx_word' id='word_1_157' title='bbox 946 2165 1046 2225; x_wconf 84' lang='lat' dir='ltr'><strong>diatri-</strong></span> 
     </span>
    </p>
   </div>
   <div class='ocr_carea' id='block_1_5' title="bbox 124 2246 1154 2330">
    <p class='ocr_par' dir='ltr' id='par_1_8' title="bbox 124 2246 1154 2330">
     <span class='ocr_line' id='line_1_24' title="bbox 124 2246 1154 2330; baseline -0.007 -18"><span class='ocrx_word' id='word_1_158' title='bbox 124 2250 208 2312; x_wconf 81' lang='lat' dir='ltr'><strong>ben?</strong></span> <span class='ocrx_word' id='word_1_159' title='bbox 231 2248 311 2326; x_wconf 80' lang='lat' dir='ltr'><strong>Quid</strong></span> <span class='ocrx_word' id='word_1_160' title='bbox 326 2256 388 2311; x_wconf 84' lang='lat' dir='ltr'><strong>tu&#39;m</strong></span> <span class='ocrx_word' id='word_1_161' title='bbox 413 2250 561 2330; x_wconf 91' lang='lat' dir='ltr'><strong>adipsum</strong></span> <span class='ocrx_word' id='word_1_162' title='bbox 573 2250 708 2329; x_wconf 83' lang='lat' dir='ltr'><strong>Esaiam,</strong></span> <span class='ocrx_word' id='word_1_163' title='bbox 732 2252 780 2330; x_wconf 88' lang='lat' dir='ltr'><strong>qui</strong></span> <span class='ocrx_word' id='word_1_164' title='bbox 802 2251 933 2329; x_wconf 89' lang='lat' dir='ltr'><strong>propriis</strong></span> <span class='ocrx_word' id='word_1_165' title='bbox 948 2246 1048 2307; x_wconf 88' lang='lat' dir='ltr'><strong>verbis</strong></span> <span class='ocrx_word' id='word_1_166' title='bbox 1149 2281 1154 2291; x_wconf 72' lang='grc'><em>·</em></span> 
     </span>
    </p>
   </div>
   <div class='ocr_carea' id='block_1_6' title="bbox 123 2333 1050 3406">
    <p class='ocr_par' dir='ltr' id='par_1_9' title="bbox 123 2333 1050 3326">
     <span class='ocr_line' id='line_1_25' title="bbox 124 2333 1048 2413; baseline -0.002 -21"><span class='ocrx_word' id='word_1_167' title='bbox 124 2352 195 2394; x_wconf 84' lang='lat' dir='ltr'><strong>sese</strong></span> <span class='ocrx_word' id='word_1_168' title='bbox 216 2333 447 2413; x_wconf 85' lang='lat' dir='ltr'><strong>iuterpretatur,</strong></span> <span class='ocrx_word' id='word_1_169' title='bbox 471 2333 589 2392; x_wconf 88' lang='lat' dir='ltr'><strong>diceus:</strong></span> <span class='ocrx_word' id='word_1_170' title='bbox 629 2333 707 2392; x_wconf 88' lang='lat' dir='ltr'><strong>Vere</strong></span> <span class='ocrx_word' id='word_1_171' title='bbox 730 2333 853 2393; x_wconf 88' lang='lat' dir='ltr'><strong>foenum</strong></span> <span class='ocrx_word' id='word_1_172' title='bbox 885 2337 932 2392; x_wconf 89' lang='lat' dir='ltr'><strong>est</strong></span> <span class='ocrx_word' id='word_1_173' title='bbox 953 2350 1048 2411; x_wconf 73' lang='lat' dir='ltr'><strong>popo·</strong></span> 
     </span>
     <span class='ocr_line' id='line_1_26' title="bbox 125 2414 1048 2496; baseline -0.004 -20"><span class='ocrx_word' id='word_1_174' title='bbox 125 2415 184 2496; x_wconf 93' lang='lat' dir='ltr'><strong>lus,</strong></span> <span class='ocrx_word' id='word_1_175' title='bbox 206 2434 268 2476; x_wconf 93' lang='lat' dir='ltr'><strong>uon</strong></span> <span class='ocrx_word' id='word_1_176' title='bbox 293 2416 375 2491; x_wconf 90' lang='lat' dir='ltr'><strong>dicit,</strong></span> <span class='ocrx_word' id='word_1_177' title='bbox 397 2434 471 2476; x_wconf 84' lang='lat' dir='ltr'><strong>vere</strong></span> <span class='ocrx_word' id='word_1_178' title='bbox 483 2415 607 2475; x_wconf 85' lang='lat' dir='ltr'><strong>foenum</strong></span> <span class='ocrx_word' id='word_1_179' title='bbox 622 2422 669 2476; x_wconf 87' lang='lat' dir='ltr'><strong>est</strong></span> <span class='ocrx_word' id='word_1_180' title='bbox 689 2415 818 2475; x_wconf 82' lang='lat' dir='ltr'><strong>infirma·</strong></span> <span class='ocrx_word' id='word_1_181' title='bbox 831 2414 962 2474; x_wconf 89' lang='lat' dir='ltr'><strong>hominis</strong></span> <span class='ocrx_word' id='word_1_182' title='bbox 976 2432 1048 2474; x_wconf 87' lang='lat' dir='ltr'><strong>con·</strong></span> 
     </span>
     <span class='ocr_line' id='line_1_27' title="bbox 125 2494 1047 2579; baseline -0.005 -20"><span class='ocrx_word' id='word_1_183' title='bbox 125 2498 212 2579; x_wconf 80' lang='lat' dir='ltr'><strong>ditio,</strong></span> <span class='ocrx_word' id='word_1_184' title='bbox 234 2499 288 2559; x_wconf 88' lang='lat' dir='ltr'><strong>scd</strong></span> <span class='ocrx_word' id='word_1_185' title='bbox 312 2499 460 2579; x_wconf 85' lang='lat' dir='ltr'><strong>populus,</strong></span> <span class='ocrx_word' id='word_1_186' title='bbox 498 2499 591 2577; x_wconf 88' lang='lat' dir='ltr'><strong>idque</strong></span> <span class='ocrx_word' id='word_1_187' title='bbox 614 2499 723 2558; x_wconf 86' lang='lat' dir='ltr'><strong>asserit</strong></span> <span class='ocrx_word' id='word_1_188' title='bbox 743 2498 924 2561; x_wconf 86' lang='lat' dir='ltr'><strong>iuramento.</strong></span> <span class='ocrx_word' id='word_1_189' title='bbox 968 2494 1047 2570; x_wconf 75' lang='lat' dir='ltr'><strong>Quid</strong></span> 
     </span>
     <span class='ocr_line' id='line_1_28' title="bbox 125 2579 1049 2662; baseline -0.005 -20"><span class='ocrx_word' id='word_1_190' title='bbox 125 2589 229 2642; x_wconf 89' lang='lat' dir='ltr'><strong>antem</strong></span> <span class='ocrx_word' id='word_1_191' title='bbox 254 2590 303 2641; x_wconf 90' lang='lat' dir='ltr'><strong>est</strong></span> <span class='ocrx_word' id='word_1_192' title='bbox 324 2581 477 2662; x_wconf 83' lang='lat' dir='ltr'><strong>populus?</strong></span> <span class='ocrx_word' id='word_1_193' title='bbox 521 2582 568 2640; x_wconf 82' lang='lat' dir='ltr'><strong>An</strong></span> <span class='ocrx_word' id='word_1_194' title='bbox 597 2590 644 2641; x_wconf 88' lang='lat' dir='ltr'><strong>est</strong></span> <span class='ocrx_word' id='word_1_195' title='bbox 666 2581 736 2641; x_wconf 89' lang='lat' dir='ltr'><strong>sela</strong></span> <span class='ocrx_word' id='word_1_196' title='bbox 757 2579 893 2640; x_wconf 89' lang='lat' dir='ltr'><strong>conditio</strong></span> <span class='ocrx_word' id='word_1_197' title='bbox 915 2579 1049 2639; x_wconf 89' lang='lat' dir='ltr'><strong>hominis</strong></span> 
     </span>
     <span class='ocr_line' id='line_1_29' title="bbox 126 2661 1047 2726; baseline -0.005 -1"><span class='ocrx_word' id='word_1_198' title='bbox 126 2663 270 2725; x_wconf 80' lang='lat' dir='ltr'><strong>infirma?</strong></span> <span class='ocrx_word' id='word_1_199' title='bbox 304 2662 368 2726; x_wconf 86' lang='lat' dir='ltr'><strong>Iam</strong></span> <span class='ocrx_word' id='word_1_200' title='bbox 392 2684 430 2726; x_wconf 89' lang='lat' dir='ltr'><strong>au</strong></span> <span class='ocrx_word' id='word_1_201' title='bbox 454 2663 602 2724; x_wconf 83' lang='lat' dir='ltr'><strong>infirmam</strong></span> <span class='ocrx_word' id='word_1_202' title='bbox 626 2664 758 2724; x_wconf 89' lang='lat' dir='ltr'><strong>hominis</strong></span> <span class='ocrx_word' id='word_1_203' title='bbox 780 2661 987 2723; x_wconf 91' lang='lat' dir='ltr'><strong>conditionem</strong></span> <span class='ocrx_word' id='word_1_204' title='bbox 1005 2662 1047 2720; x_wconf 94' lang='lat' dir='ltr'><strong>in-</strong></span> 
     </span>
     <span class='ocr_line' id='line_1_30' title="bbox 126 2744 1046 2828; baseline -0.007 -20"><span class='ocrx_word' id='word_1_205' title='bbox 126 2748 247 2828; x_wconf 87' lang='lat' dir='ltr'><strong>telligat</strong></span> <span class='ocrx_word' id='word_1_206' title='bbox 268 2747 473 2828; x_wconf 86' lang='lat' dir='ltr'><strong>Hieronymus</strong></span> <span class='ocrx_word' id='word_1_207' title='bbox 505 2749 604 2828; x_wconf 84' lang='lat' dir='ltr'><strong>ipsam</strong></span> <span class='ocrx_word' id='word_1_208' title='bbox 628 2748 830 2825; x_wconf 78' lang='lat' dir='ltr'><strong>creationem,</strong></span> <span class='ocrx_word' id='word_1_209' title='bbox 862 2744 909 2806; x_wconf 88' lang='lat' dir='ltr'><strong>vel</strong></span> <span class='ocrx_word' id='word_1_210' title='bbox 933 2750 1046 2804; x_wconf 91' lang='lat' dir='ltr'><strong>sortem</strong></span> 
     </span>
     <span class='ocr_line' id='line_1_31' title="bbox 126 2824 1048 2909; baseline -0.007 -18"><span class='ocrx_word' id='word_1_211' title='bbox 126 2824 291 2892; x_wconf 80' lang='lat' dir='ltr'><strong>statatum</strong></span> <span class='ocrx_word' id='word_1_212' title='bbox 315 2830 448 2892; x_wconf 87' lang='lat' dir='ltr'><strong>hominis</strong></span> <span class='ocrx_word' id='word_1_213' title='bbox 466 2831 618 2909; x_wconf 89' lang='lat' dir='ltr'><strong>miserum,</strong></span> <span class='ocrx_word' id='word_1_214' title='bbox 642 2831 759 2894; x_wconf 86' lang='lat' dir='ltr'><strong>neseio.</strong></span> <span class='ocrx_word' id='word_1_215' title='bbox 802 2829 862 2890; x_wconf 84' lang='lat' dir='ltr'><strong>Sed</strong></span> <span class='ocrx_word' id='word_1_216' title='bbox 885 2833 984 2887; x_wconf 91' lang='lat' dir='ltr'><strong>utrum</strong></span> <span class='ocrx_word' id='word_1_217' title='bbox 999 2828 1048 2904; x_wconf 91' lang='lat' dir='ltr'><strong>sit,</strong></span> 
     </span>
     <span class='ocr_line' id='line_1_32' title="bbox 125 2910 1049 2994; baseline -0.005 -20"><span class='ocrx_word' id='word_1_218' title='bbox 125 2914 281 2994; x_wconf 88' lang='lat' dir='ltr'><strong>egregiam</strong></span> <span class='ocrx_word' id='word_1_219' title='bbox 304 2921 387 2974; x_wconf 87' lang='lat' dir='ltr'><strong>certe</strong></span> <span class='ocrx_word' id='word_1_220' title='bbox 408 2912 529 2974; x_wconf 90' lang='lat' dir='ltr'><strong>laudem</strong></span> <span class='ocrx_word' id='word_1_221' title='bbox 553 2921 583 2975; x_wconf 93' lang='lat' dir='ltr'><strong>et</strong></span> <span class='ocrx_word' id='word_1_222' title='bbox 598 2913 812 2994; x_wconf 88' lang='lat' dir='ltr'><strong>spoliaampla</strong></span> <span class='ocrx_word' id='word_1_223' title='bbox 832 2912 924 2972; x_wconf 82' lang='lat' dir='ltr'><strong>refert</strong></span> <span class='ocrx_word' id='word_1_224' title='bbox 945 2910 1049 2971; x_wconf 88' lang='lat' dir='ltr'><strong>divina</strong></span> 
     </span>
     <span class='ocr_line' id='line_1_33' title="bbox 124 2995 1048 3078; baseline -0.005 -21"><span class='ocrx_word' id='word_1_225' title='bbox 124 2996 316 3078; x_wconf 85' lang='lat' dir='ltr'><strong>indignatio,</strong></span> <span class='ocrx_word' id='word_1_226' title='bbox 348 2996 431 3076; x_wconf 90' lang='lat' dir='ltr'><strong>quod</strong></span> <span class='ocrx_word' id='word_1_227' title='bbox 466 2998 605 3057; x_wconf 89' lang='lat' dir='ltr'><strong>miseram</strong></span> <span class='ocrx_word' id='word_1_228' title='bbox 646 3003 814 3058; x_wconf 88' lang='lat' dir='ltr'><strong>creaturam</strong></span> <span class='ocrx_word' id='word_1_229' title='bbox 837 2995 887 3056; x_wconf 91' lang='lat' dir='ltr'><strong>vel</strong></span> <span class='ocrx_word' id='word_1_230' title='bbox 909 2995 1048 3055; x_wconf 86' lang='lat' dir='ltr'><strong>homiues</strong></span> 
     </span>
     <span class='ocr_line' id='line_1_34' title="bbox 123 3076 1050 3160; baseline -0.004 -20"><span class='ocrx_word' id='word_1_231' title='bbox 123 3079 266 3156; x_wconf 80' lang='lat' dir='ltr'><strong>infelices</strong></span> <span class='ocrx_word' id='word_1_232' title='bbox 288 3080 434 3160; x_wconf 86' lang='lat' dir='ltr'><strong>exsiccat,</strong></span> <span class='ocrx_word' id='word_1_233' title='bbox 458 3097 495 3138; x_wconf 90' lang='lat' dir='ltr'><strong>ac</strong></span> <span class='ocrx_word' id='word_1_234' title='bbox 517 3099 577 3140; x_wconf 90' lang='lat' dir='ltr'><strong>uon</strong></span> <span class='ocrx_word' id='word_1_235' title='bbox 602 3081 704 3159; x_wconf 88' lang='lat' dir='ltr'><strong>potius</strong></span> <span class='ocrx_word' id='word_1_236' title='bbox 727 3079 877 3159; x_wconf 86' lang='lat' dir='ltr'><strong>superbos</strong></span> <span class='ocrx_word' id='word_1_237' title='bbox 893 3076 1050 3158; x_wconf 85' lang='lat' dir='ltr'><strong>dispergat</strong></span> 
     </span>
     <span class='ocr_line' id='line_1_35' title="bbox 124 3161 1048 3244; baseline -0.006 -20"><span class='ocrx_word' id='word_1_238' title='bbox 124 3170 156 3225; x_wconf 87' lang='lat' dir='ltr'><strong>st</strong></span> <span class='ocrx_word' id='word_1_239' title='bbox 178 3169 321 3241; x_wconf 86' lang='lat' dir='ltr'><strong>potentes</strong></span> <span class='ocrx_word' id='word_1_240' title='bbox 343 3163 381 3223; x_wconf 89' lang='lat' dir='ltr'><strong>de</strong></span> <span class='ocrx_word' id='word_1_241' title='bbox 403 3161 478 3223; x_wconf 88' lang='lat' dir='ltr'><strong>sede</strong></span> <span class='ocrx_word' id='word_1_242' title='bbox 500 3161 645 3244; x_wconf 88' lang='lat' dir='ltr'><strong>deponat,</strong></span> <span class='ocrx_word' id='word_1_243' title='bbox 669 3161 819 3222; x_wconf 90' lang='lat' dir='ltr'><strong>etdivites</strong></span> <span class='ocrx_word' id='word_1_244' title='bbox 834 3161 965 3221; x_wconf 89' lang='lat' dir='ltr'><strong>dimittat</strong></span> <span class='ocrx_word' id='word_1_245' title='bbox 986 3162 1048 3220; x_wconf 88' lang='lat' dir='ltr'><strong>ina·</strong></span> 
     </span>
     <span class='ocr_line' id='line_1_36' title="bbox 123 3244 476 3326; baseline -0.003 -19"><span class='ocrx_word' id='word_1_246' title='bbox 123 3265 190 3326; x_wconf 85' lang='lat' dir='ltr'><strong>nes,</strong></span> <span class='ocrx_word' id='word_1_247' title='bbox 212 3251 246 3306; x_wconf 90' lang='lat' dir='ltr'><strong>ut</strong></span> <span class='ocrx_word' id='word_1_248' title='bbox 268 3246 364 3306; x_wconf 82' lang='lat' dir='ltr'><strong>Maria</strong></span> <span class='ocrx_word' id='word_1_249' title='bbox 386 3244 476 3306; x_wconf 88' lang='lat' dir='ltr'><strong>canit.</strong></span> 
     </span>
    </p>

    <p class='ocr_par' dir='ltr' id='par_1_10' title="bbox 212 3324 1048 3406">
     <span class='ocr_line' id='line_1_37' title="bbox 212 3324 1048 3406; baseline -0.005 -18"><span class='ocrx_word' id='word_1_250' title='bbox 212 3327 273 3390; x_wconf 80' lang='lat' dir='ltr'><strong>Sed</strong></span> <span class='ocrx_word' id='word_1_251' title='bbox 287 3329 421 3402; x_wconf 80' lang='lat' dir='ltr'><strong>Esaiam,</strong></span> <span class='ocrx_word' id='word_1_252' title='bbox 443 3327 576 3388; x_wconf 86' lang='lat' dir='ltr'><strong>dimissis</strong></span> <span class='ocrx_word' id='word_1_253' title='bbox 595 3328 695 3405; x_wconf 87' lang='lat' dir='ltr'><strong>larvis,</strong></span> <span class='ocrx_word' id='word_1_254' title='bbox 718 3345 891 3406; x_wconf 85' lang='lat' dir='ltr'><strong>sequamur,</strong></span> <span class='ocrx_word' id='word_1_255' title='bbox 914 3324 1048 3404; x_wconf 88' lang='lat' dir='ltr'><strong>Populus</strong></span> 
     </span>
    </p>
   </div>
   <div class='ocr_carea' id='block_1_7' title="bbox 123 3409 1049 3824">
    <p class='ocr_par' dir='ltr' id='par_1_11' title="bbox 123 3409 1049 3824">
     <span class='ocr_line' id='line_1_38' title="bbox 125 3409 1049 3496; baseline -0.003 -25"><span class='ocrx_word' id='word_1_256' title='bbox 125 3409 257 3496; x_wconf 86' lang='lat' dir='ltr'><strong>(inquit)</strong></span> <span class='ocrx_word' id='word_1_257' title='bbox 284 3419 331 3472; x_wconf 90' lang='lat' dir='ltr'><strong>est</strong></span> <span class='ocrx_word' id='word_1_258' title='bbox 351 3413 491 3487; x_wconf 85' lang='lat' dir='ltr'><strong>foenum,</strong></span> <span class='ocrx_word' id='word_1_259' title='bbox 526 3411 657 3491; x_wconf 90' lang='lat' dir='ltr'><strong>populos</strong></span> <span class='ocrx_word' id='word_1_260' title='bbox 689 3416 790 3471; x_wconf 91' lang='lat' dir='ltr'><strong>autem</strong></span> <span class='ocrx_word' id='word_1_261' title='bbox 814 3427 873 3468; x_wconf 91' lang='lat' dir='ltr'><strong>uon</strong></span> <span class='ocrx_word' id='word_1_262' title='bbox 897 3414 944 3467; x_wconf 91' lang='lat' dir='ltr'><strong>est</strong></span> <span class='ocrx_word' id='word_1_263' title='bbox 966 3426 1049 3468; x_wconf 90' lang='lat' dir='ltr'><strong>mera</strong></span> 
     </span>
     <span class='ocr_line' id='line_1_39' title="bbox 124 3490 1048 3573; baseline -0.005 -18"><span class='ocrx_word' id='word_1_264' title='bbox 124 3513 217 3573; x_wconf 90' lang='lat' dir='ltr'><strong>caro,</strong></span> <span class='ocrx_word' id='word_1_265' title='bbox 251 3495 299 3555; x_wconf 86' lang='lat' dir='ltr'><strong>vel</strong></span> <span class='ocrx_word' id='word_1_266' title='bbox 333 3493 454 3554; x_wconf 88' lang='lat' dir='ltr'><strong>infirma</strong></span> <span class='ocrx_word' id='word_1_267' title='bbox 487 3493 622 3554; x_wconf 86' lang='lat' dir='ltr'><strong>conditio</strong></span> <span class='ocrx_word' id='word_1_268' title='bbox 645 3494 798 3555; x_wconf 91' lang='lat' dir='ltr'><strong>humanae</strong></span> <span class='ocrx_word' id='word_1_269' title='bbox 819 3496 961 3565; x_wconf 86' lang='lat' dir='ltr'><strong>naturae,</strong></span> <span class='ocrx_word' id='word_1_270' title='bbox 994 3490 1048 3550; x_wconf 87' lang='lat' dir='ltr'><strong>sed</strong></span> 
     </span>
     <span class='ocr_line' id='line_1_40' title="bbox 124 3572 1049 3660; baseline -0.008 -20"><span class='ocrx_word' id='word_1_271' title='bbox 124 3578 340 3660; x_wconf 81' lang='lat' dir='ltr'><strong>complectitur</strong></span> <span class='ocrx_word' id='word_1_272' title='bbox 353 3576 497 3657; x_wconf 90' lang='lat' dir='ltr'><strong>quiequid</strong></span> <span class='ocrx_word' id='word_1_273' title='bbox 521 3584 568 3638; x_wconf 88' lang='lat' dir='ltr'><strong>est</strong></span> <span class='ocrx_word' id='word_1_274' title='bbox 584 3579 614 3637; x_wconf 90' lang='lat' dir='ltr'><strong>in</strong></span> <span class='ocrx_word' id='word_1_275' title='bbox 630 3577 757 3660; x_wconf 90' lang='lat' dir='ltr'><strong>populo,</strong></span> <span class='ocrx_word' id='word_1_276' title='bbox 779 3575 905 3650; x_wconf 88' lang='lat' dir='ltr'><strong>scilicet,</strong></span> <span class='ocrx_word' id='word_1_277' title='bbox 928 3572 1049 3651; x_wconf 85' lang='lat' dir='ltr'><strong>divites,</strong></span> 
     </span>
     <span class='ocr_line' id='line_1_41' title="bbox 123 3657 1048 3742; baseline -0.006 -20"><span class='ocrx_word' id='word_1_278' title='bbox 123 3663 291 3742; x_wconf 89' lang='lat' dir='ltr'><strong>sapientes,</strong></span> <span class='ocrx_word' id='word_1_279' title='bbox 312 3663 421 3737; x_wconf 86' lang='lat' dir='ltr'><strong>iustos,</strong></span> <span class='ocrx_word' id='word_1_280' title='bbox 441 3667 582 3740; x_wconf 87' lang='lat' dir='ltr'><strong>sanctos,</strong></span> <span class='ocrx_word' id='word_1_281' title='bbox 605 3661 662 3721; x_wconf 92' lang='lat' dir='ltr'><strong>uisi</strong></span> <span class='ocrx_word' id='word_1_282' title='bbox 684 3661 723 3722; x_wconf 94' lang='lat' dir='ltr'><strong>de</strong></span> <span class='ocrx_word' id='word_1_283' title='bbox 736 3657 851 3740; x_wconf 91' lang='lat' dir='ltr'><strong>populo</strong></span> <span class='ocrx_word' id='word_1_284' title='bbox 864 3657 1048 3718; x_wconf 88' lang='lat' dir='ltr'><strong>Iudaeorum</strong></span> 
     </span>
     <span class='ocr_line' id='line_1_42' title="bbox 124 3739 1049 3824; baseline -0.006 -18"><span class='ocrx_word' id='word_1_285' title='bbox 124 3764 187 3817; x_wconf 84' lang='lat' dir='ltr'><strong>nou</strong></span> <span class='ocrx_word' id='word_1_286' title='bbox 210 3751 282 3807; x_wconf 89' lang='lat' dir='ltr'><strong>sunt</strong></span> <span class='ocrx_word' id='word_1_287' title='bbox 303 3743 470 3822; x_wconf 88' lang='lat' dir='ltr'><strong>Pharisaei,</strong></span> <span class='ocrx_word' id='word_1_288' title='bbox 493 3742 645 3823; x_wconf 82' lang='lat' dir='ltr'><strong>Seniores,</strong></span> <span class='ocrx_word' id='word_1_289' title='bbox 667 3742 844 3824; x_wconf 89' lang='lat' dir='ltr'><strong>Principes,</strong></span> <span class='ocrx_word' id='word_1_290' title='bbox 866 3739 1049 3822; x_wconf 89' lang='lat' dir='ltr'><strong>Optimates,</strong></span> 
     </span>
    </p>
   </div>
   <div class='ocr_carea' id='block_1_8' title="bbox 0 0 1183 4162">
    <p class='ocr_par' dir='ltr' id='par_1_12' title="bbox 0 0 1183 4162">
     <span class='ocr_line' id='line_1_43' title="bbox 0 0 1183 4162; baseline 0 0"><span class='ocrx_word' id='word_1_291' title='bbox 0 0 1183 4162; x_wconf 95' lang='lat' dir='ltr'><strong> </strong></span> 
     </span>
    </p>
   </div>
  </div>
 </body>
</html>
