2348 4162
273 245 311 302 cd
329 245 364 301 D.
382 245 527 301 Erasmum
544 241 770 300 Roterodemum.
926 237 988 303 141

57 416 94 478 si
112 415 194 477 bane
216 413 293 477 focis
315 416 444 478 liberum
468 415 624 477 arbitrium
658 414 848 494 tractando,
870 433 925 474 eur
945 415 986 474 vi·

56 497 206 579 tuperas‘l
220 498 256 558 'si
276 500 389 561 malum
413 508 470 577 est,
493 496 653 559 onrlacis?
672 496 702 558 Si
727 516 801 559 vero
824 516 886 559 non
908 499 987 558 inter

57 602 100 644 ea
128 600 294 660 numeras,
326 584 435 644 iterum
467 600 579 642 causae
602 587 713 640 statum
748 583 868 641 interim
897 581 987 660 tugis,

57 673 93 726 et
113 683 178 725 non
201 665 232 724 in
254 666 325 727 loco
350 667 498 727 verbosus
522 670 627 725 orator
648 665 750 724 aliena
772 672 895 725 tructas.

144 745 212 810 Nee
234 754 336 809 temen
360 756 444 809 recte
465 749 527 808 hoc
549 747 724 827 exemplum
747 754 871 826 tractes,
894 753 924 806 et
945 747 987 805 in-

59 831 177 891 utiliter
210 830 358 912 disputcri
390 849 492 894 noram
525 831 717 890 multitudine
750 830 879 891 damnas
901 828 988 905 illud,

59 915 161 975 Deum
184 933 254 974 esse
276 918 306 974 in
322 922 411 977 antro
435 914 482 974 vel
506 915 624 990 cloaca,
646 914 829 973 nimisenim
852 913 988 972 humana

58 997 183 1077 cogitas
207 997 245 1058 de
267 998 346 1060 Deo.
389 998 500 1059 Fateor
522 995 661 1076 quidem,
684 1015 753 1056 esse
775 995 924 1075 quosdam
947 995 988 1055 lc·

59 1099 116 1140 ves
139 1083 398 1160 concionatores,
433 1081 484 1159 qui
506 1079 590 1140 nulla
612 1080 761 1159 religione
790 1088 842 1140 aut
864 1080 989 1158 pietate,

58 1162 117 1223 sed
140 1163 191 1223 ¹vel
213 1165 380 1244 cupiditate
401 1164 535 1245 gloriae,
565 1172 618 1222 aut
640 1164 742 1222 studio
765 1164 912 1224 novitatis
936 1161 988 1221 ali·

58 1246 160 1326 cuius,
183 1255 235 1307 ant
254 1248 447 1327 impatientia
469 1246 581 1306 silentii
611 1246 765 1306 levissime
793 1247 930 1326 garriunt
952 1262 989 1304 ac

59 1337 234 1409 nugentur:
262 1339 294 1391 at
314 1331 335 1390 ii
357 1348 428 1390 non
454 1330 579 1409 placent
600 1347 701 1407 neque
722 1330 788 1389 Deo
812 1347 911 1407 neque
934 1327 988 1387 ho·

60 1411 206 1493 minibus,
229 1415 348 1474 etiamsi
370 1413 468 1473 Deum
493 1422 630 1472 asserant
659 1431 729 1471 esse
750 1413 780 1471 in
803 1412 893 1473 coelo
916 1429 988 1472 coc·

59 1496 172 1556 lorum.
209 1497 321 1557 Verum
344 1495 395 1556 ubi
418 1515 528 1576 graves
551 1501 582 1555 et
603 1496 645 1575 pii
658 1496 895 1555 concionatores
917 1495 988 1572 sint,

59 1581 114 1658 qui
138 1578 296 1658 modestis,
318 1578 402 1660 puris
432 1589 463 1639 et
484 1579 566 1638 sanis
589 1578 689 1638 verbis
712 1577 834 1654 docent,
857 1577 900 1637 illi
921 1577 990 1635 sinc
1045 1580 1048 1585 '

60 1662 213 1741 periculo,
235 1664 298 1724 imo
321 1681 434 1740 magno
460 1662 559 1723 fructu
581 1661 643 1721 tole
665 1679 770 1720 coram
793 1657 986 1719 multitudine

60 1744 177 1804 dicunt.
220 1745 332 1806 Nonne
364 1752 487 1826 oportet
508 1763 565 1806 nos
589 1762 698 1804 omnes
719 1743 847 1824 docere,
880 1742 986 1801 Filium

59 1828 121 1888 Dei
143 1827 237 1888 fuisse
258 1831 289 1890 in
317 1836 404 1890 utero
438 1829 564 1909 virginis
600 1834 630 1887 et
656 1833 760 1888 natum
793 1846 833 1887 ex
862 1823 988 1885 ventre?

61 1913 106 1971 At
127 1917 273 1988 quantum
309 1912 402 1972 distat
422 1921 529 1972 venter
549 1912 700 1971 humanus
733 1910 771 1971 ob
794 1910 855 1971 alio
879 1909 988 1987 quovis

60 1994 222 2055 immundo
245 1994 337 2056 loco?
360 1997 401 2055 Et
422 1996 490 2073 quie
512 2013 574 2054 non
597 1993 688 2059 foedo
710 2012 748 2053 co
771 1994 898 2074 turpiter
918 2009 989 2071 pos·

60 2085 111 2137 set
132 2077 217 2137 illum
240 2077 389 2139 definire?
421 2081 461 2136 At
482 2078 553 2137 illos
576 2079 683 2137 merito
707 2076 897 2154 damnamus,
919 2094 987 2134 cum

60 2159 222 2221 abundent
252 2161 347 2223 verba
379 2179 455 2242 pure
470 2206 480 2240 ,
513 2160 622 2238 quibus
663 2179 732 2221 eam
769 2161 988 2221 necessitatem

61 2244 157 2304 ctiam
180 2262 249 2303 cum
279 2244 391 2305 decore
418 2250 450 2304 ct
470 2245 568 2323 grstia
591 2243 728 2306 dicimus.
776 2243 852 2304 ltem
876 2241 987 2303 Christi

60 2327 159 2405 ipsius
182 2344 294 2406 corpus
321 2328 378 2388 tuit
398 2329 586 2404 humanum,
619 2329 698 2387 sicut
731 2334 890 2405 nostrum,
925 2341 987 2402 quo

61 2408 138 2488 qnid
159 2408 300 2470 foedius?
328 2408 410 2473 Num
432 2409 503 2470 ideo
526 2429 589 2470 non
612 2408 758 2489 dicemus,
781 2409 881 2469 Deum
894 2406 986 2466 xhabi·

62 2500 147 2552 tonse
169 2493 371 2573 corporaliter
400 2495 430 2553 in
454 2512 512 2574 eo,
534 2491 617 2571 quod
640 2493 751 2552 Paulus
774 2490 873 2552 dixit?
907 2488 986 2562 Quid

60 2574 183 2635 foedius
207 2575 328 2636 morte?
363 2575 443 2652 Quid
469 2576 642 2636 horribilius
665 2574 806 2635 interno?
855 2573 894 2632 At
915 2572 989 2633 Pro·

63 2657 158 2738 pheta
179 2657 279 2719 Deum
315 2679 384 2719 esse
414 2678 517 2720 secum
546 2660 579 2718 in
607 2666 705 2719 morte
745 2665 775 2718 et
804 2659 834 2717 in
867 2655 987 2715 interno

63 2740 121 2802 sibi
143 2740 255 2803 adesse
276 2742 434 2822 gloriatur.

146 2822 244 2905 Igitur
265 2826 332 2905 pius
354 2828 473 2885 unimus
494 2844 557 2885 non
581 2824 725 2885 exhorret
747 2822 862 2904 audire,
886 2821 987 2881 Deum

62 2927 135 2967 esso
168 2909 198 2967 in
223 2918 321 2968 morte
354 2909 401 2968 vel
430 2909 460 2967 in
490 2907 635 2986 inferno,
664 2925 792 2985 qnorum
828 2913 989 2983 utrumque

62 2989 239 3051 horribilius
268 3010 306 3050 ac
334 2990 454 3052 foedius
483 2997 530 3050 est
560 2997 648 3050 antro
678 2989 727 3050 vel
755 2990 873 3052 clocca.
921 2989 987 3048 lmo

63 3093 133 3134 cnm
169 3072 326 3153 Scriptura
358 3081 504 3150 testetur,
526 3071 627 3134 Deum
658 3092 727 3132 esse
748 3072 861 3151 ubique
891 3078 922 3131 et
942 3090 987 3131 re·

64 3157 150 3236 plere
172 3157 301 3236 omnia,
331 3176 394 3217 non
432 3156 531 3216 solum
550 3156 633 3223 ,dicit
670 3175 739 3215 eum
767 3173 837 3215 csse
858 3155 890 3214 in
912 3154 989 3214 lonis

64 3239 139 3319 illis,
168 3260 274 3300 verum
308 3241 485 3301 necessario
522 3239 619 3300 discet
649 3245 680 3299 et
711 3244 820 3300 noscet
850 3257 919 3298 eum
947 3235 989 3297 ihi

64 3344 147 3386 esne:
171 3324 229 3383 nisi
251 3323 340 3402 forte,
362 3326 386 3383 si
409 3342 469 3402 qua
492 3341 546 3402 per
557 3329 719 3402 tyrannum
742 3329 849 3401 captus
871 3323 900 3379 in
925 3338 989 3381 car-

64 3426 166 3469 cerem
188 3414 242 3467 aut
262 3408 292 3467 in
316 3408 454 3468 cloacam
468 3407 644 3485 proiicerer,
667 3405 749 3483 quod
772 3404 873 3463 multis
896 3403 989 3463 Sane·

64 3492 101 3552 tis
128 3491 297 3570 contingit,
327 3509 389 3551 non
420 3490 492 3550 mihi
515 3489 618 3550 licebit
640 3489 739 3549 Deum
766 3486 808 3548 ihi
830 3487 988 3566 invocare,

65 3575 115 3635 vel
135 3573 263 3636 credere
286 3573 358 3633 mihi
380 3572 503 3652 adesse,
526 3572 627 3633 donec
647 3589 761 3631 venero
785 3571 816 3630 in
840 3569 987 3649 templum

65 3657 190 3737 aliquod
218 3663 368 3718 ornatum.
427 3656 458 3717 Si
486 3658 532 3715 ita
563 3654 739 3734 ungendum
770 3651 809 3713 de
828 3653 895 3713 Deo
930 3670 994 3715 nos.

66 3740 219 3818 docueris,
242 3747 274 3801 et
293 3741 370 3801 locis
392 3741 545 3801 essentiae
567 3740 631 3798 eius
655 3735 839 3814 offenderis,
870 3754 927 3796 neo
958 3737 989 3801 in
