2348 4162
281 268 320 326 ad
336 268 371 326 D.
390 270 534 326 Erasmum
552 271 775 329 Roterodamum.
929 271 991 339 193

69 442 204 516 aeterna,
225 438 256 499 id
279 445 335 516 est,
357 439 678 521 incomprehensibilia
701 439 767 515 sibi,
780 440 872 521 plana
890 434 989 507 noris

68 530 97 584 at
116 521 273 583 inauditus
297 522 437 585 delinitor
460 524 545 586 liberi
567 524 692 600 arbitrii,
714 525 765 602 qui
777 525 990 608 philosophos,

67 604 268 686 Pelagianos,
291 604 452 686 sophistas
481 617 512 669 st
544 626 652 670 omnes
674 607 767 688 longe
795 617 866 688 post
886 629 920 670 se
941 629 988 671 re-

65 687 186 768 linquit.
228 688 294 749 Nee
314 688 375 750 huo
397 692 480 769 satis,
503 709 562 751 nen
582 691 639 751 sibi
662 693 769 771 parsit,
792 692 910 771 sibique
931 692 990 772 ipsi

64 770 136 852 plus
157 789 250 851 quarn
274 772 415 834 omuibus
438 775 506 835 aliis
519 773 646 834 dissidet
668 782 700 836 et
720 781 844 854 pugnat.
887 776 989 837 Antea

65 855 147 916 eninr
182 854 317 934 dixerat,
343 857 532 918 voluntatem
566 857 730 918 humanam
760 876 884 938 prorsus
919 876 989 919 esse

63 936 257 999 inefficacem
266 940 438 1021 sinegretis
447 938 666 1022 (nisibooioub
680 941 821 1020 dixerit),
842 941 892 1000 hio
903 960 989 1023 ver0,

64 1020 116 1082 ubi
138 1022 221 1083 serio
242 1021 358 1099 defluit,
380 1022 462 1103 dioit,
485 1023 649 1083 humanam
663 1025 851 1085 voluntatem
874 1021 989 1086 babere

63 1123 134 1165 sum
157 1104 231 1182 vim,
252 1123 314 1185 qua
330 1104 441 1167 eifloax
461 1107 500 1165 sit
522 1107 678 1186 applicare
693 1126 764 1168 sese
785 1107 824 1167 ud
837 1127 884 1188 ea,
900 1126 988 1186 ‚quaa

62 1193 137 1249 sunt
158 1187 267 1249 salutis
287 1196 445 1267 aeternae,
466 1188 497 1250 id
519 1199 583 1270 est,
605 1207 685 1268 quae
705 1197 777 1251 sunt
797 1192 988 1271 inoompara·

63 1269 167 1331 biliter
187 1290 280 1351 supra
305 1273 364 1332 vim
391 1272 493 1349 illam,
521 1273 564 1332 ita
585 1279 616 1333 et
637 1292 671 1333 se
697 1274 766 1353 ipso
795 1291 919 1353 quoque
940 1293 988 1335 su·

62 1355 169 1434 perior
190 1362 238 1421 est
257 1353 317 1415 ban
336 1362 424 1434 parta
444 1354 600 1419 Erasmus.

84 1452 87 1457 ·
150 1435 296 1514 Videsne,
317 1439 359 1498 mi
380 1437 524 1516 Erasme,
553 1439 611 1499 han
633 1436 811 1498 definitione
834 1439 986 1519 teipsum

60 1518 153 1600 prodi
179 1517 405 1603 (imprudenter
427 1520 557 1603 oredo),
584 1520 666 1600 quod
689 1521 795 1580 harum
818 1541 918 1581 rerum
942 1523 987 1582 ni·

60 1601 106 1663 hil
129 1604 256 1663 omnino
278 1602 435 1684 intelligis,
459 1604 508 1665 vel
530 1604 841 1685 prorsusinoogitsns
864 1611 895 1664 et
915 1623 987 1666 oon·

62 1689 206 1747 wunnerus
228 1685 266 1746 de
286 1685 347 1747 illis
369 1687 495 1762 scribas,
517 1689 640 1768 ignarus
673 1687 744 1766 quid
769 1686 905 1766 loquaris
937 1686 987 1749 rel

61 1768 138 1849 quid
159 1766 319 1835 affirmes?
360 1769 400 1830 ‘nt
422 1778 454 1830 ut
476 1770 669 1850 supradixi,
703 1773 801 1829 minus
834 1769 910 1830 diuis
954 1777 984 1831 el

60 1852 134 1933 plus
155 1853 262 1913 tribuis
284 1853 382 1913 libero
403 1851 539 1931 arbitrio,
562 1872 653 1933 quam
677 1872 785 1917 ornnes
807 1853 884 1931 alii,
914 1852 985 1914 dum

61 1953 167 2015 neque
188 1943 285 1997 totum
308 1936 434 1997 liberum
457 1936 613 1996 arbitrium
636 1935 794 2011 describis,
817 1938 920 1997 omnia
943 1945 986 1997 ta·

62 2036 137 2080 men
156 2017 338 2084 illi-tribuis.
391 2018 595 2080 Tolerabilius
618 2019 711 2100 longe
732 2018 855 2081 tradunt
877 2019 985 2100 Sopbi-

62 2104 152 2177 stae‘,
183 2101 232 2163 rel
254 2102 364 2163 saltam
388 2111 475 2182 peter
498 2120 604 2163 eorum
627 2103 733 2163 Petrus
754 2102 985 2185 Longobardus,

62 2184 115 2265 qui
136 2183 265 2245 liberum
287 2186 443 2247 arbitrium
466 2184 651 2247 diauntessa
673 2186 850 2247 laenitatem
874 2187 985 2248 disoer·

61 2267 167 2344 nendi,
190 2267 303 2330 deinde
324 2276 355 2330 et
367 2268 510 2348 eligendi,
532 2268 605 2330 boni
627 2268 760 2348 quidem,
782 2271 807 2329 si
823 2271 897 2329 assit
918 2288 986 2350 gra·

61 2352 113 2433 iia,
134 2350 209 2419 mali
230 2371 316 2429 vero,
337 2353 363 2413 si
379 2351 464 2413 desit
484 2353 591 2433 gratia,
615 2353 767 2432 planeque
790 2372 859 2412 oum
881 2353 985 2431 Augu·

61 2436 144 2517 atino
166 2435 271 2517 sentit,
293 2434 421 2496 liberum
444 2436 599 2496 arbitrium
623 2444 733 2515 suapte
754 2436 784 2493 vi
806 2454 868 2494 non
891 2454 985 2516 posse

61 2518 121 2580 nisi
141 2516 276 2599 eadere,
307 2537 365 2578 neo
386 2517 489 2580 valera
511 2515 570 2579 nisi
591 2517 629 2577 ad
652 2516 852 2598 pensandum.
895 2517 985 2579 Unde

60 2608 91 2663 et
127 2618 251 2663 serrum
281 2603 384 2682 potius
411 2621 503 2682 quam
536 2601 663 2661 liberum
697 2599 853 2661 arbitrium
888 2606 984 2663 voest

61 2683 254 2767 Augustinus
276 2684 353 2746 libro
375 2687 404 2748 2.
428 2692 535 2745 eontra
556 2681 720 2745 Iulianum.

142 2766 192 2829 'l'u
212 2787 287 2829 veru
310 2769 450 2849 utrinque
471 2787 576 2848 perem
613 2769 674 2828 vim
696 2766 772 2828 fanis
794 2766 883 2827 liberi
905 2765 983 2828 arbi·

62 2851 125 2929 trii,
154 2848 241 2931 qnod
265 2860 374 2932 suspte
396 2853 464 2912 sine
485 2852 584 2932 gratia
606 2852 635 2910 vi
674 2857 705 2912 et
737 2868 806 2911 seso
827 2849 985 2935 applioare

61 2934 161 3015 possit
191 2932 231 2995 ud
266 2932 381 2996 bonum
416 2945 447 2996 at
475 2953 544 2995 sese
578 2943 716 2995 avertere
737 2952 756 2994 a
778 2931 871 2998 bono.
913 2932 985 2994 Non

61 3018 142 3079 anim
167 3018 305 3098 eogitss,
327 3037 417 3098 quam
441 3035 585 3098 magnum
618 3017 732 3078 tribuas
763 3016 807 3077 illi
834 3018 895 3078 hon
916 3035 984 3097 pro-

61 3102 189 3162 nomine
210 3100 257 3162 Ss
272 3102 320 3161 vel
343 3121 382 3162 se
404 3102 541 3181 ipsam,
560 3100 631 3161 dum
646 3101 736 3162 diois:
751 3099 858 3161 Potest
874 3119 909 3160 se
930 3119 984 3180 ap·

61 3185 193 3264 plieare,
215 3202 340 3264 prorsus
363 3185 481 3246 scilieet
509 3183 646 3245 exoludis
676 3183 819 3262 Spiritum
842 3189 984 3243 sanetum

60 3269 239 3339 cumomni
263 3269 371 3329 virtute
393 3287 459 3347 sua,
483 3278 628 3348 tanquam
654 3264 839 3346 superfluum
868 3273 899 3326 et
921 3283 983 3325 non

59 3351 280 3412 necessarium.
339 3351 529 3411 Damnabilis
564 3352 655 3430 igilur
693 3357 739 3409 est
767 3357 819 3409 tua
847 3347 984 3409 delinitio

58 3435 154 3496 stiam
178 3435 259 3514 apud
281 3433 457 3515 sophistes,
480 3438 531 3513 qui
554 3436 609 3494 nisi
632 3433 746 3493 invidia
767 3433 925 3492 exuneoati
952 3431 985 3492 iu

59 3536 110 3580 me
131 3518 180 3578 sio
201 3519 378 3597 insanirent,
400 3519 430 3578 in
454 3526 536 3577 tuum
561 3515 695 3577 libellum
719 3516 852 3575 lurerent
871 3516 983 3596 potius.
1076 3594 1079 3598 ῃ

57 3599 151 3662 Nune
172 3601 246 3682 quia
260 3600 423 3662 Lutherum
450 3601 538 3680 pelis,
560 3601 693 3661 etiamsi
717 3610 824 3659 eontra
834 3605 866 3659 te
883 3601 983 3679 ipsum

59 3683 186 3746 atilios
207 3684 302 3764 dions,
324 3684 397 3744 nibil
410 3685 467 3744 nisi
479 3692 618 3744 sanatum
638 3689 669 3743 et
690 3682 874 3745 oalboliuum
897 3683 984 3766 diuis,

58 3774 147 3829 tenta
169 3774 218 3828 est
237 3769 386 3848 patientia
407 3775 584 3829 sanctorum
609 3768 754 3828 virorum.

85 3878 181 3923 uuam
196 3890 250 3931 opp.
262 3881 290 3924 v.
306 3880 333 3922 a
347 3881 376 3921 an
404 3880 447 3925 rar.
466 3881 516 3922 nna
528 3881 543 3922 r.
557 3890 580 3931 p.
598 3881 648 3922 vni.
663 3881 707 3924 vn
801 3852 841 3918 lb
