2348 4162
286 194 301 219 ⁸
340 208 379 265 ad
398 208 433 266 D.
451 210 596 267 Erasmum
615 208 839 267 Rotsrodamum.
990 210 1052 278 207

129 377 225 439 multo
250 379 349 440 minus
373 378 435 440 ulla
459 379 521 440 alia
542 379 655 459 poterit
675 377 749 438 inde
768 378 901 460 probari,
923 398 1002 460 oum,
1025 381 1050 441 si

129 460 161 522 ie
186 461 264 522 uelis
287 461 410 544 agenda
430 464 471 524 sit
498 481 609 541 causa,
641 461 807 522 fortissime
836 464 971 524 omnium
994 482 1051 545 pro

183 546 303 626 agionis
325 546 419 607 faciat
440 545 686 625 Ecclesiasticus,
709 548 742 605 ut
766 546 816 625 qui
837 546 927 606 claris
951 547 1051 608 verbis

128 626 166 689 dc
189 636 257 688 toto
287 629 440 689 servando
474 629 573 689 dicat:
608 625 640 691 Si
664 629 795 687 volueris
824 628 968 690 mandata
989 650 1052 692 ser·

129 729 209 772 vare.
254 712 318 773 lmo
341 722 372 772 et
393 711 432 772 de
456 710 517 771 fide
539 710 628 771 dicit:
668 709 699 771 Si
723 713 767 770 vis
790 710 881 771 fldem
905 712 1050 793 placitam

128 812 263 872 cervara,
286 795 440 856 uteadem
463 793 590 874 sequela
611 799 642 854 et
662 792 754 853 fldem
768 798 932 856 servarein
945 805 1052 858 nostre

127 884 285 958 potestate
308 897 377 939 esse
400 885 552 959 oporteat,
576 890 656 956 quae
677 883 779 936 tamen
802 876 917 939 donum
931 879 987 939 Dei
1004 887 1051 940 est
1131 938 1133 943 .

128 960 284 1041 singulare
306 979 344 1021 ao
367 980 479 1037 rarum,
502 967 534 1021 ut
555 959 666 1021 Paulus
690 960 771 1023 dicit.

211 1042 348 1124 Summa,
370 1062 439 1104 curn
457 1047 502 1104 tot
518 1050 735 1104 recenseantur
757 1044 919 1124 opiniones
941 1063 996 1124 pro
1019 1046 1051 1105 li·

128 1126 203 1187 bero
226 1125 367 1206 arbitrio,
403 1135 434 1187 et
457 1127 540 1187 nulla
562 1128 616 1208 sit,
653 1144 731 1207 quas
760 1147 823 1187 non
846 1128 927 1188 hunc
948 1131 1051 1190 locum

128 1209 341 1272 Ecclesiastici
363 1229 419 1291 pro
443 1230 476 1270 se
498 1212 607 1292 rapiat,
628 1208 763 1289 illaeque
785 1214 845 1271 siut
867 1211 1007 1272 diversae
1021 1217 1051 1271 et

129 1296 320 1372 contrariae,
353 1292 418 1354 fleri
453 1312 515 1354 non
548 1301 670 1374 potest,
704 1296 776 1372 quin
798 1294 1050 1355 Ecclesiasticum

128 1376 264 1437 babeant
294 1377 563 1437 contradictorium
596 1395 634 1437 ac
656 1377 809 1437 diversum
844 1379 996 1458 sibiipsis
1019 1379 1049 1438 in

130 1461 197 1520 onis
220 1459 400 1539 eisdemque
422 1460 539 1536 verbis,
570 1459 642 1521 ideo
661 1459 732 1520 nihil
757 1479 796 1519 ex
816 1461 884 1540 ipso
918 1461 1051 1540 probare

128 1550 270 1623 possunt,
293 1545 444 1623 quamvis,
467 1544 492 1603 si
515 1542 641 1621 sequela
663 1542 905 1619 illaadmittitur,
927 1562 982 1622 pro
997 1544 1051 1605 Pe·

129 1626 261 1707 legionis
284 1628 358 1687 solis
380 1628 473 1687 facist
494 1639 601 1686 contra
613 1645 720 1687 omnes
734 1627 826 1703 alios3
848 1627 919 1686 ideo
934 1636 965 1685 et
979 1645 1050 1687 con·

129 1716 174 1770 tra
198 1708 349 1770 diatriben
371 1710 452 1790 lacit,
475 1728 555 1789 quae
576 1728 632 1770 suo
655 1711 750 1790 ipsius
771 1708 875 1790 gladio
896 1708 957 1770 hoc
978 1709 1050 1770 loco

128 1792 292 1874 iugulatur.
1086 1842 1089 1847 .

211 1875 278 1936 Nos
290 1881 402 1948 autem,
415 1878 449 1934 ut
459 1874 627 1957 coepimus,
651 1873 790 1949 dicimus,
803 1873 884 1953 qnod
901 1874 1051 1935 niciosus

129 1956 341 2019 Ecclesiasticl
361 1956 451 2017 nullis
470 1976 594 2038 prorsus
608 1959 826 2037 patrocinatur,
850 1961 900 2038 qui
923 1959 1051 2018 liberum

128 2042 285 2102 arbit-rium
310 2042 790 2116 asserunt‚sedcontraon1nes
813 2051 938 2122 pugnet.
982 2041 1052 2103 Non

127 2128 209 2186 enim
234 2124 424 2185 admittenda
445 2131 493 2183 est
514 2126 566 2183 illa
588 2126 728 2204 sequela:
751 2123 783 2186 Si
806 2126 950 2202 volueris,
978 2143 1052 2205 ergo

124 2209 263 2289 poteris,
297 2207 351 2267 sed
374 2209 419 2266 sic
440 2207 639 2287 intelligetur,
671 2226 709 2268 eo
733 2209 826 2268 verbo
849 2223 880 2268 et
902 2209 1050 2269 similibus

124 2293 248 2353 moneri
270 2290 424 2351 hominem
448 2310 522 2351 snae
544 2292 753 2371 impotentiae,
778 2310 869 2370 quarn
883 2294 1007 2373 ignarus
1021 2299 1052 2352 et

123 2376 278 2456 superbus
300 2379 366 2433 sine
387 2374 453 2433 istis
476 2376 693 2434 monitionibus
715 2374 824 2434 divinis
860 2394 922 2435 non
957 2393 1051 2455 agno·

121 2468 237 2532 sceret,
262 2476 319 2517 uec
340 2457 475 2522 sentiret.

212 2542 379 2620 Loquimur
416 2550 517 2600 autem
550 2540 600 2600 hic
633 2557 695 2601 non
727 2540 764 2600 ds
799 2540 923 2600 homine
953 2542 1052 2620 primo

122 2627 242 2700 solum,
265 2624 320 2684 ssd
342 2624 390 2703 de,
402 2624 554 2706 quolibet,
578 2624 716 2703 quamvis
739 2643 844 2703 parum
870 2625 990 2704 referat,
1014 2624 1052 2686 de

123 2713 230 2794 primo
255 2708 303 2766 vel
326 2709 392 2767 aliis
416 2709 602 2787 quibuslibet
624 2707 787 2786 intelligas.
830 2705 906 2765 Nam
921 2709 1049 2788 etsiprl·

124 2814 197 2855 mus
220 2792 315 2852 homo
338 2810 399 2851 non
424 2805 488 2852 erat
510 2792 663 2870 impotens
686 2795 848 2849 assistente
870 2792 985 2869 gratia,
1008 2799 1051 2852 ta·

125 2896 199 2939 men
223 2878 254 2936 in
276 2875 336 2935 hoc
357 2884 523 2954 praecepto
546 2875 619 2933 satis
643 2874 777 2934 ostendit
800 2876 827 2933 ei
845 2873 937 2951 Deus,
960 2893 1051 2953 quam

126 2968 214 3021 esset
243 2961 396 3037 impotens
426 2959 553 3017 absente
586 2958 694 3036 gratia.
738 2954 827 3030 Quod
850 2959 875 3016 si
898 2960 923 3016 is
947 2958 1052 3037 homo,

127 3062 199 3105 cum
234 3044 356 3100 adesset
389 3042 530 3120 spiritus,
563 3061 645 3101 nova
681 3043 837 3100 voluntate
859 3059 919 3101 non
954 3043 1053 3121 potuit

127 3126 212 3188 velle
236 3124 348 3184 bonnm
372 3122 411 3184 de
434 3142 515 3184 novo
539 3126 740 3204 propositum,
761 3125 791 3183 id
817 3133 872 3204 est,
908 3125 1051 3184 obedien-

128 3212 220 3286 tiam,
260 3211 331 3288 quia
363 3207 485 3286 spiritus
519 3208 602 3268 illam
628 3227 689 3266 non
714 3205 862 3286 addebat,
899 3207 969 3286 quid
994 3227 1050 3268 uos

129 3294 199 3353 sine
232 3293 337 3371 spiritu
372 3309 533 3370 possemus
555 3296 586 3351 in
608 3290 690 3351 bono
714 3287 847 3350 amisso?
886 3288 1052 3353 Ostensum

130 3386 178 3436 est
201 3392 276 3453 ergo
298 3376 328 3433 io
353 3373 412 3435 isto
436 3375 576 3452 homine,
599 3374 724 3434 terribili
747 3372 890 3452 exemplo
916 3393 970 3454 pro
995 3393 1053 3436 no·

131 3468 195 3519 stra
217 3458 360 3538 superbia
382 3459 585 3534 conterenda,
610 3458 682 3537 quid
705 3459 804 3537 possit
826 3458 951 3519 liberum
975 3458 1053 3518 arbi-

132 3543 222 3602 trium
244 3552 383 3601 nostrum
406 3541 463 3601 sibi
487 3542 635 3618 relictum,
660 3561 697 3601 sc
719 3559 780 3601 non
794 3543 939 3601 continuo
953 3543 1052 3622 magis

133 3645 171 3687 ac
192 3628 290 3708 magis
312 3637 414 3686 actum
438 3637 469 3686 et
490 3630 611 3687 auctum
635 3627 741 3707 spiritu
754 3625 831 3704 Dei3
849 3624 901 3686 ille
923 3646 984 3686 non
1000 3645 1054 3706 pc·

135 3712 190 3773 tuit
211 3714 242 3773 in
264 3713 433 3774 auctiorem
455 3712 611 3792 spiritum,
633 3712 719 3772 cuius
740 3711 887 3793 primitias
909 3711 1053 3791 habebat,
