2348 4162
188 277 252 345 262
420 276 464 333 De
496 291 579 334 servo
598 274 713 332 arbitrio
731 276 765 331 D.
783 275 820 332 ll.
836 274 867 331 L.

190 468 249 530 ego
273 466 386 530 operor
406 452 436 508 et
458 448 487 507 iu
513 465 604 507 mauu
627 465 697 506 mea
717 444 835 518 haheo,
857 401 910 526 dui
932 444 1030 506 libero
1053 462 1120 521 vos,

190 539 306 594 tantum
328 531 381 591 illa
401 537 470 591 utar
490 530 529 591 ad
552 529 648 590 multa
669 530 758 610 signa
779 528 921 590 iacienda
952 534 984 588 et
1004 525 1044 589 ad
1067 525 1118 589 de-

82 680 87 687 ,
190 614 366 676 clarandam
389 615 580 675 maiestatem
603 632 702 674 meam
736 631 792 693 pro
813 611 874 673 fide
895 613 1008 674 vestra.

273 732 352 792 Hine
373 730 447 791 illud
471 738 535 808 eet,
568 729 650 810 quod
673 730 736 790 iere
757 737 830 810 post
850 728 989 810 singulas
1010 728 1119 811 plagas

125 883 130 892 ,
189 816 301 895 repetit
321 816 440 876 Moses:
463 815 504 875 Et
524 813 698 875 induratum
721 819 769 874 eat
790 832 844 874 cor
865 812 1057 893 Pharaonis,
1088 818 1121 873 ιιι

189 918 252 959 ιιοιι
276 898 439 960 dimitteret
460 897 625 977 populum,
648 898 726 957 sieut
752 897 873 959 loeutus
894 895 993 957 fuerat
1013 895 1119 983 Domi·

190 1001 256 1045 nus.
300 980 381 1057 Quid
395 987 442 1041 est
463 981 532 1062 hoo,
556 981 641 1041 Siout
661 980 783 1040 loeutus
805 986 870 1040 erat
881 978 1046 1058 Dominus,
1063 978 1120 1040 nisi

191 1070 224 1125 ιιι
247 1083 341 1125 verax
363 1072 527 1143 appareret
548 1062 711 1141 Dominus,
734 1063 786 1142 qui
806 1062 893 1123 illum
915 1060 1119 1123 indurandum

190 1147 409 1229 praedixerat?
450 1144 485 1208 Si
507 1147 557 1206 hio
583 1146 645 1207 ulla
667 1152 734 1207 erat
753 1144 934 1207 vertibilitas
957 1151 1011 1207 aut
1032 1144 1119 1207 liban

192 1239 240 1291 tas
264 1229 379 1290 arbitrii
400 1230 431 1288 in
457 1228 637 1309 Pharaone,
664 1248 744 1309 quae
765 1230 795 1288 iu
819 1235 982 1308 utrumque
1004 1230 1119 1311 potuis·

193 1320 258 1391 aet,
286 1331 348 1375 uon
371 1314 523 1392 potuisset
544 1314 627 1373 Deus
659 1319 720 1373 tam
745 1319 830 1373 eerto
852 1310 1035 1392 praedicere
1057 1312 1119 1373 eins

191 1395 431 1458 indurationem.
474 1395 564 1456 Nune
585 1414 655 1457 oum
681 1395 838 1474 promittat
859 1395 897 1474 is,
920 1395 971 1473 qui
985 1394 1119 1457 neeialli

191 1498 250 1540 nee
272 1479 391 1539 mentiri
415 1484 527 1559 potest,
551 1479 727 1539 necessario
750 1485 781 1539 et
803 1478 973 1538 certissime
986 1478 1137 1541 futurum.

192 1568 267 1641 erat,
290 1568 323 1622 ut
343 1561 549 1640 induraretur3
573 1560 655 1640 quod
677 1580 740 1621 non
762 1560 859 1641 fieret,
881 1560 940 1622 nisi
964 1560 1118 1623 induratio

191 1664 317 1727 prorsus
340 1651 423 1706 esset
461 1650 549 1705 extra
571 1646 650 1705 vires
672 1644 805 1704 hominis
838 1644 920 1706 etin
944 1644 1043 1707 solius
1064 1644 1118 1707 oei

192 1733 357 1809 potestate,
382 1726 476 1789 modo
499 1747 560 1808 quo
585 1728 719 1789 diximus
733 1747 836 1807 supra,
859 1726 1015 1808 videlieet,
1039 1724 1117 1809 quod

193 1812 276 1874 Deus
300 1818 399 1871 sertus
423 1817 504 1890 erat,
539 1830 607 1873 sese
641 1811 853 1891 operationem
877 1811 1119 1890 omnipotentiae

192 1894 369 1975 generalem
391 1913 454 1954 uon
478 1894 660 1954 omissurum
683 1895 714 1955 in
737 1893 898 1954 Pharaone
921 1902 975 1955 aut
996 1900 1120 1977 propter

192 1977 399 2058 Pharaonem,
422 1996 491 2037 eum
514 1995 572 2037 neo
592 1978 692 2057 possit
704 1995 773 2037 eam
796 1977 949 2038 omittere.

276 2110 396 2172 Deinde
419 2130 517 2191 aeque
539 2117 638 2172 sertus
661 2118 743 2192 erat,
778 2112 970 2173 voluntatem
990 2111 1118 2175 Pharao·

67 2228 75 2239 -
192 2194 239 2255 nis
261 2195 439 2255 naturaliter
473 2195 584 2255 malam
607 2197 638 2255 et
658 2190 798 2255 aversam
836 2212 899 2256 non
932 2214 1030 2276 posse
1052 2214 1119 2258 oon·

193 2279 305 2339 sentire
327 2278 422 2340 verbo
457 2285 488 2339 et
510 2279 596 2358 operi
619 2278 676 2338 Dei
700 2279 855 2340 contrario
877 2278 953 2357 sihi,
974 2277 1048 2340 ideo
1070 2280 1118 2340 im·

193 2368 265 2442 petu
287 2361 413 2422 volendi
442 2362 472 2421 in
498 2361 659 2422 Pharaone
690 2381 746 2440 per
783 2362 1042 2442 omnipotentiam
1063 2361 1133 2423 Dei-

191 2443 273 2506 intus
297 2452 440 2525 servato,
475 2451 506 2504 et
528 2463 656 2505 oeoursu
684 2444 770 2506 verbi
798 2451 830 2505 et
852 2445 955 2525 operis
978 2444 1117 2507 contrarii

192 2527 265 2589 foris
289 2528 430 2605 obieoto,
453 2527 527 2587 nihil
550 2527 632 2587 aliud
655 2527 719 2587 lieri
742 2527 851 2608 potuit,
875 2546 967 2607 quam
991 2527 1117 2590 offensio

193 2617 224 2671 et
244 2609 398 2672 induratio
428 2611 529 2671 eordis
563 2612 594 2670 in
617 2610 788 2673 Pharaone.
845 2608 879 2673 Si
925 2611 1008 2671 enim
1039 2611 1118 2673 Deus

193 2695 347 2754 omisisset
369 2696 523 2755 astionem
546 2694 790 2773 omnipotentiae
806 2713 880 2754 suae
901 2694 932 2753 iu
947 2693 1118 2771 Pharaone,

192 2784 254 2836 tum
278 2796 345 2837 oum
369 2778 396 2836 ei
419 2774 544 2836 verbum
561 2777 638 2836 Most
655 2777 841 2838 eontrarium
864 2776 989 2857 obieolt,
1013 2778 1119 2840 etsola

192 2859 336 2920 voluutas
359 2859 527 2919 Pharaonis
561 2879 617 2920 sua
651 2861 681 2919 vi
704 2861 806 2940 egisse
835 2858 1019 2939 tingeretur,
1058 2864 1117 2921 tum

192 2941 366 3022 disputandi
396 2943 483 3002 loeus
515 2942 593 3002 forte
614 2943 736 3022 luisset,
769 2950 838 3003 utro
870 2962 939 3003 sese
973 2943 1118 3005 inclinare

191 3025 351 3105 potuisset.
393 3023 485 3087 Nune
513 3044 602 3102 vero,
638 3045 707 3086 oum
731 3032 839 3106 agatur
860 3032 891 3086 et
911 3028 1050 3106 rapiatur
1070 3044 1118 3087 vo·

191 3106 293 3187 leudo,
317 3127 377 3168 nou
402 3108 436 3169 fit
458 3108 580 3189 quidem
606 3109 756 3169 voluntati
780 3110 845 3170 eius
870 3109 932 3186 vis,
964 3111 1118 3190 quianon

191 3193 311 3272 cogitur
332 3191 457 3268 nolens,
492 3192 545 3251 sed
569 3191 698 3253 naturali
721 3193 902 3272 operatione
924 3191 983 3254 Dei
1006 3193 1118 3275 rapitur

189 3273 228 3336 ad
251 3274 417 3335 volendum
440 3274 630 3355 naturaliter,
667 3275 864 3354 qualisqualis
894 3280 942 3335 est
981 3273 1048 3359 (est
1068 3295 1118 3337 au·

191 3365 251 3418 tem
274 3358 387 3436 mala),
411 3356 483 3419 ideo
506 3376 568 3417 uon
591 3362 695 3438 potest
716 3377 780 3419 non
808 3359 981 3438 impingere
1001 3359 1034 3419 iu
1056 3376 1116 3420 var

189 3440 260 3502 bum
295 3448 325 3501 et
348 3442 392 3500 aie
413 3440 556 3502 indurari.
601 3441 646 3501 lta
674 3440 812 3502 videmus
834 3441 914 3502 hune
936 3439 1041 3504 looum
1062 3442 1116 3503 lor

189 3525 259 3584 titer
280 3530 387 3584 eontra
409 3524 538 3585 liberum
560 3522 716 3585 arbitrium
738 3543 891 3605 pugnare,
923 3544 962 3587 eo
985 3526 1115 3600 nomine,

190 3605 272 3684 quod
295 3606 388 3686 Deus,
411 3607 461 3686 qui
483 3607 642 3687 promittit,
664 3614 797 3686 nequeat
814 3606 945 3688 mentiri,
967 3608 994 3670 si
1017 3614 1114 3670 autem

189 3707 252 3749 nou
282 3691 447 3769 mentitur,
474 3709 535 3749 non
567 3696 669 3769 potest
689 3690 808 3752 Pharao
844 3710 907 3752 nou
935 3690 1079 3754 indurari.
