2348 4162
211 236 273 303 186
456 239 499 295 De
516 254 598 296 servo
616 237 731 296 arbitrio
748 239 783 295 D.
801 238 837 296 u.
853 238 885 295 L.

208 410 268 488 nii3
289 415 415 489 propter
435 407 602 470 imbecilles
624 410 705 471 enim
732 415 764 469 et
782 409 820 470 ad
854 408 1022 472 imbeuillos
1044 409 1128 472 chri-

209 498 273 553 stus
296 499 327 552 ot
348 494 432 554 venit
454 500 485 553 et
508 494 597 552 mittit
619 492 744 553 verbum
767 513 865 553 suum.
908 492 969 554 Sed
991 496 1128 573 nequitia

210 574 345 638 Satanae
367 585 413 635 est
434 577 464 635 in
486 581 592 637 nostra
614 574 822 636 imbecillitate
832 576 977 658 sedentis,
998 596 1128 658 regnan·

209 659 247 717 tis
277 677 314 718 ao
340 659 398 721 Dei
427 658 523 720 verbo
557 661 743 737 resistentis3
776 662 806 719 ni
836 658 967 720 Satanas
1002 660 1128 740 laceret,

209 760 270 801 uno
294 761 437 803 sermone
457 742 515 801 Dei
538 744 632 803 semel
654 742 758 803 audito
773 747 855 803 totus
878 742 1009 803 mundus
1032 742 1125 804 homi·

208 844 280 884 num
303 833 541 900 converteretur,
564 844 622 885 neo
643 825 779 906 pluribus
802 845 880 905 opus
903 834 996 891 esset.

290 908 423 988 utquid
448 909 550 969 multis
572 909 654 990 ago?
697 909 757 969 Cur
780 928 841 970 non
864 910 954 969 simul
976 928 1047 969 oum
1069 910 1129 971 boo

208 991 336 1053 exordio
367 991 489 1052 finimus
518 1011 663 1068 eausam,
697 1000 728 1052 et
754 1000 859 1052 eontra
889 1000 918 1052 to
946 994 1047 1073 ipsum
1070 995 1129 1053 tuis

207 1075 303 1154 ipsius
337 1075 438 1136 verbis
466 1075 591 1135 ferimus
614 1077 820 1151 sententiam,
852 1076 1019 1137 seoundum
1054 1074 1127 1137 illud

195 1156 380 1236 ·0hristi*):
424 1158 474 1218 Ex
500 1159 601 1218 verbis
625 1161 684 1218 tuis
706 1157 934 1239 iustificaberis,
965 1178 1005 1220 ex
1027 1157 1128 1220 verbis

207 1241 265 1301 tuis
294 1240 574 1302 condemnaberis?
632 1242 678 1302 Tu
708 1243 789 1302 enim
820 1242 917 1320 diois,
939 1241 1128 1322 Soripturam

206 1323 257 1384 bio
279 1343 339 1384 non
363 1343 432 1384 esso
455 1324 629 1386 dilucidam.
672 1325 792 1385 Deinde
803 1326 957 1386 sententia
977 1344 1129 1407 suspensa

206 1407 237 1466 in
260 1414 421 1488 utramque
442 1407 719 1488 partemdisputas,
743 1408 814 1488 quid
837 1427 904 1489 pro,
926 1407 998 1486 quid
1021 1415 1129 1469 eontra

205 1489 266 1552 dioi
288 1492 404 1571 possit,
445 1498 604 1571 praeterea
634 1490 708 1551 nihil
746 1495 813 1571 agis
835 1499 900 1552 toto
929 1493 989 1552 isto
1012 1490 1129 1571 libello,

206 1590 296 1653 quem
320 1572 514 1634 obeundum
550 1593 674 1634 oausam
704 1573 852 1635 diatriben
884 1575 1008 1655 potins,
1037 1593 1128 1654 quam

206 1656 379 1737 apophasin
409 1656 459 1716 vel
481 1657 562 1717 aliud
591 1656 748 1737 appellare
769 1658 902 1735 voluisti,
922 1656 1007 1734 quod
1026 1658 1129 1719 omnia

205 1740 382 1815 collaturus,
405 1739 479 1799 nibil
502 1741 705 1801 affirmaturus
728 1742 887 1804 scriberes.
923 1740 955 1802 Bi
977 1740 1071 1819 igitur
1086 1736 1128 1801 (li-

205 1821 309 1882 lucida
332 1822 488 1902 Scriptura
509 1843 572 1884 non
595 1829 652 1898 est,
676 1843 730 1884 our
751 1825 800 1883 bio
821 1843 882 1884 non
907 1823 1129 1884 modo-oaeou·

206 1906 294 1985 liunt,
317 1905 372 1965 sed
394 1913 510 1967 temere
533 1916 562 1966 et
584 1906 676 1966 stulte
709 1906 857 1967 deliniunt
884 1913 915 1967 et
934 1912 1078 1967 asserunt
1098 1905 1128 1965 li·

207 1986 311 2049 berum
335 1988 509 2070 arbitrium,
541 1990 624 2050 velut
651 2009 690 2050 ex
712 2000 797 2051 oertu
818 1998 849 2050 et
871 1989 1007 2050 dilucida
1028 1989 1129 2069 florip-

208 2077 293 2151 tmu,
323 2072 384 2151 itti,
406 2091 484 2152 quos
505 2073 624 2151 laotos,
645 2072 790 2134 videlieet
811 2081 872 2133 tam
894 2091 1064 2134 numerosa
1084 2090 1129 2132 se-

205 2154 266 2214 ries
289 2154 561 2216 eruditissimorum
585 2158 736 2236 virorum,
767 2174 844 2236 quos
872 2159 903 2214 in
924 2154 1008 2215 buno
1030 2172 1127 2234 usque

206 2237 286 2297 diem
310 2244 357 2299 tot
377 2238 549 2299 seculorum
574 2257 744 2299 oonsensns
766 2238 969 2319 approbavit,
997 2256 1127 2317 qnorum

206 2320 371 2400 plerosque
404 2332 524 2401 praeter
546 2321 756 2382 admirabilem
791 2340 945 2382 suorarum
975 2321 1129 2382 literarum

206 2405 345 2482 peritiam
371 2405 453 2464 vitae.
475 2423 598 2483 qnoque
621 2406 720 2484 pietas
748 2404 953 2467 sommendat.
996 2402 1128 2479 Quidam

206 2486 368 2547 doetrinae
390 2487 524 2567 Christi,
548 2506 637 2567 quam
661 2490 782 2568 seriptis
815 2487 1033 2565 defenderant,
1063 2506 1128 2549 sau·

205 2571 297 2650 guina
321 2588 377 2630 suo
400 2572 608 2630 testimonium
631 2571 838 2632 reddiderunt.
895 2569 927 2631 Si
948 2590 991 2630 ex
1025 2574 1127 2631 animo

205 2653 264 2713 ista
285 2653 441 2733 loqueris,
471 2653 565 2713 fixum
589 2662 636 2713 est
656 2654 738 2734 apud
762 2664 801 2733 te,
824 2654 951 2714 liberum
973 2652 1127 2715 arbitrium

204 2736 318 2796 habere
341 2743 520 2812 assertores,
544 2736 670 2797 mirabili
695 2737 849 2797 literarum
873 2755 1030 2797 sacrarum
1054 2738 1128 2817 peri·

205 2821 249 2878 tia
271 2819 445 2898 praeditos,
466 2821 510 2880 ita
532 2823 566 2881 ut
587 2822 738 2900 sanguine
759 2839 816 2880 suo
848 2818 920 2879 illud
944 2838 1069 2899 quoque
1090 2826 1129 2880 te·

204 2902 275 2961 stati
299 2902 366 2961 sint.
410 2901 500 2976 Quod
523 2905 548 2962 si
570 2923 677 2963 verum
701 2910 757 2973 est,
780 2902 945 2962 dilucidum
972 2901 1016 2962 illi
1040 2903 1129 2963 babe-

206 2982 279 3044 bant
302 2984 504 3065 scripturam,
536 2985 653 3065 alioqui
681 3005 760 3065 quae
790 2994 872 3047 esset
893 2987 948 3046 illa
970 2985 1129 3046 admirabi-

205 3065 242 3127 lis
264 3070 373 3147 peritia
395 3068 549 3128 literarum
573 3088 752 3149 sacrarum,
776 3068 886 3130 deinde
919 3088 1000 3147 quaa
1012 3070 1128 3130 levitas

205 3156 236 3210 et
258 3153 413 3211 temeritas
435 3154 529 3212 animi
570 3154 751 3233 sanguinem
780 3153 906 3212 sundere
937 3171 994 3232 pro
1031 3170 1066 3214 re
1086 3154 1128 3211 in·

205 3241 289 3294 certa
312 3241 344 3294 et
364 3233 520 3296 obseura?
549 3235 618 3297 Hoo
637 3237 717 3296 enim
741 3255 802 3297 non
826 3242 993 3316 martyrum
1011 3236 1128 3309 christi,

204 3316 259 3376 aed
282 3316 467 3378 daemonum
491 3328 546 3379 est.

288 3397 353 3460 Iam
376 3408 409 3460 et
429 3410 460 3461 tu
484 3421 566 3480 pone
589 3401 630 3463 ob
653 3401 760 3461 ooulos
788 3408 819 3460 et
849 3407 950 3459 teoum
980 3398 1126 3480 expende,

205 3491 305 3542 utrum
327 3483 397 3562 plus
419 3484 610 3546 tribuendum
636 3504 706 3545 esse
727 3483 844 3545 iudioes
866 3490 912 3542 tot
934 3483 1124 3555 eruditorum,
