2348 4162
348 234 538 328 ot'doctrinae
558 260 721 341 papisticus.
956 270 997 338 25

156 440 229 504 Tris
251 442 332 503 enim
360 447 431 503 sunt
459 441 541 504 bona
568 443 735 507 secuudum
758 442 997 523 Aristotelema)
1095 438 1099 444 ’
1151 422 1158 439 ’

71 527 205 606 septimo
223 526 432 604 Politioorum,
454 526 582 609 seilicet,
605 529 797 610 temporalia,
815 527 998 610 corporolia,

71 617 104 672 et
125 610 306 690 spiritualia.

156 693 304 776 Magnum
327 698 384 774 est,
407 695 473 755 Deo
493 695 602 758 offerre
624 696 806 778 temporalis
827 714 884 776 pro
906 700 998 757 struo·

74 782 144 838 ture
165 780 316 853 ecclesiae
339 786 409 862 eto,
442 799 513 839 nom
536 800 592 861 per
624 780 724 857 hoen)
760 779 995 861 speretuuisc)

73 864 225 942 consequi
248 865 458 925 remissionem
481 870 677 942 peecatorum
700 883 834 926 suorum.

159 945 220 1009 Sed
236 948 344 1025 maius,
368 949 419 1027 qui
444 947 531 1007 offert
548 948 615 1009 Deo
638 950 769 1009 enimam
794 966 848 1026 per
869 945 997 1007 liberum

73 1028 276 1109 erbitriumd)
315 1039 345 1093 et
384 1032 537 1112 propriam
569 1032 778 1110 uoluntatem,
816 1030 894 1091 sicut
925 1029 999 1089 fecit

73 1111 313 1194 Religiosuse),
348 1116 398 1195 qui
427 1133 481 1193 per
514 1115 575 1175 hoe
605 1116 803 1195 consequitur
830 1113 998 1193 plenarium

72 1197 307 1273 remissionem,
349 1200 435 1279 quesi
476 1199 644 1279 susciperet
677 1195 914 1277 Baptismumf).
959 1196 999 1259 ut

74 1297 187 1359 eorpus
214 1282 349 1355 (scilicet
372 1281 502 1358 offerte)
535 1301 591 1361 per
618 1282 799 1363 virginitatis
832 1281 997 1341 maximum

73 1360 190 1425 donum
215 1371 246 1426 et
267 1365 448 1446 cliuodium,
480 1370 510 1425 et
532 1363 753 1446 praesertimh)
779 1384 847 1425 eum
870 1363 923 1425 ills
945 1363 997 1425 ob·

73 1444 148 1508 letio
170 1447 205 1509 fit
227 1449 265 1509 in·
279 1450 447 1512 iuventute.

156 1531 199 1594 Ut
221 1534 288 1611 quis
317 1534 428 1594 nedum
458 1531 617 1613 arborem,
654 1531 708 1592 sed
742 1532 833 1592 etiam
866 1531 996 1591 fructum
1102 1572 1104 1576 .

74 1612 142 1674 Deo
167 1614 221 1676 dat
241 1636 297 1695 per
318 1623 421 1680 votum
445 1615 619 1694 religionis,
643 1614 724 1696 quod
748 1620 852 1676 votum
877 1613 997 1675 excedit

75 1715 168 1759 omne
180 1718 278 1779 genus
293 1701 475 1782 martyriii),
498 1697 632 1777 omnek)
660 1705 765 1759 votum
779 1699 997 1777 peregrinatio-

75 1780 136 1860 nis,
166 1783 257 1844 etiem
280 1790 380 1846 terrae
403 1789 544 1860 sanctae,
569 1789 600 1842 et
622 1802 743 1842 omnem
766 1781 996 1861 poenitentiam.

156 1865 198 1925 Elt
232 1868 303 1944 quie
344 1887 491 1949 praesens
531 1865 635 1944 puelle
670 1862 852 1945 exemploll
890 1864 998 1926 beetcs

75 1947 201 2026 virginis
225 1948 321 2032 (ques
337 1953 435 2032 primo
459 1949 639 2028 virginitatis
655 1956 758 2010 votum
777 1945 893 2030 emisit)
916 1967 997 2026 sper-

36 2089 41 2095 .
75 2029 205 2115 nens'm)
229 2050 355 2113 regnum
379 2033 482 2095 mundi
517 2039 547 2093 et
579 2052 700 2093 omnem
732 2038 871 2092 ornatum
902 2030 997 2091 seculi

76 2112 164 2175 offert
185 2135 220 2176 se
242 2118 345 2180 anime
375 2125 406 2179 et
428 2135 557 2196 corpore
579 2117 772 2176 aeternaliter
796 2115 896 2174 vivere
920 2113 997 2192 Deo,

16 2208 21 2219 ·
74 2195 135 2258 imo
168 2198 199 2258 id
235 2201 317 2279 quod
352 2207 398 2263 est
425 2201 492 2261 Deo
526 2201 746 2279 gratissimum,
784 2198 999 2278 virginitatem,

285 2344 494 2353 .......-.-----—

144 2405 174 2471 a)
194 2402 361 2459 Aristoteles
380 2403 426 2458 hio
444 2405 580 2473 accipitur
598 2421 649 2473 pro
666 2403 803 2475 Megistris
824 2401 924 2456 nostris
943 2401 998 2456 exi-

75 2473 133 2528 miis
152 2477 181 2529 in
200 2476 319 2544 Papatu,
340 2476 386 2545 qui
405 2477 485 2532 istam
511 2476 714 2532 distinctionem
738 2476 914 2540 invenerunt,
934 2473 999 2542 quia

75 2546 245 2603 Aristoteles
273 2547 355 2603 valde
368 2548 395 2618 ⁴)
426 2547 518 2613 novit,
556 2549 621 2616 quid
647 2548 702 2602 sint
727 2547 803 2601 bona
836 2545 999 2614 spiritualia.

74 2619 101 2685 l)
114 2619 145 2672 ln
165 2619 209 2674 ed.
225 2621 297 2674 len:
318 2621 428 2688 optime.
447 2619 477 2688 b)
489 2621 543 2675 Per
561 2618 623 2674 hoo.
642 2619 658 2672 i.
680 2635 703 2674 e,
722 2634 777 2672 non
797 2633 847 2686 per
860 2616 998 2672 Christum

75 2706 162 2759 neque
183 2688 350 2761 perfidem,
376 2692 425 2747 sed
444 2709 494 2761 per
511 2696 642 2761 negatum
664 2689 798 2745 Christum
823 2695 851 2744 et
869 2687 998 2756 blasphe-

74 2768 183 2817 matum.
223 2765 250 2832 o)
272 2762 346 2827 Quis.
371 2764 388 2817 i.
408 2780 431 2818 e.
451 2764 576 2832 Papistru
613 2763 647 2827 d)
669 2761 766 2825 Gratia
784 2778 839 2816 non
857 2766 900 2815 est
918 2776 997 2830 opus,

73 2830 176 2889 sufficit
195 2834 311 2890 liberum
331 2834 480 2889 arbitrium.
516 2837 543 2904 e)
562 2835 720 2905 Religiosus
740 2835 801 2889 i.·e.
821 2832 998 2888 adversarius

75 2905 175 2960 Christi
206 2913 234 2961 et
263 2906 415 2978 sacrilegus
440 2903 506 2961 fidei
538 2912 692 2975 corruptor.
730 2905 754 2961 fr
786 2907 828 2960 En
860 2905 998 2974 gloriosos

75 2975 295 3046 Anabaptistas‚
315 2979 408 3044 vides,
428 2985 459 3034 ut
476 2979 633 3047 Baptismo,
652 2979 707 3033 imo
728 2976 838 3033 Christo
857 2978 927 3046 ipsi,
947 2991 999 3032 sua

10 3074 13 3079 ¹
74 3055 204 3118 portenta
223 3056 343 3119 aequent
361 3050 490 3120 sacrilegi
510 3057 538 3105 et
556 3049 718 3118 blasphemi.
744 3051 777 3119 g)
798 3050 896 3105 Fortes
914 3048 997 3117 plane

73 3121 138 3189 viri,
165 3121 286 3190 quinon
307 3122 446 3190 accipiunt
465 3137 483 3176 e
501 3123 579 3189 Deo,
604 3122 654 3177 sed
673 3122 741 3176 dant
759 3121 794 3176 de
813 3136 864 3176 sua
883 3119 998 3188 plenitu-

76 3192 136 3248 dine
157 3199 214 3247 tam
236 3193 363 3263 grandia.
400 3195 430 3260 h)
449 3192 575 3260 Scilicet,
603 3210 664 3248 oum
683 3198 725 3248 est
744 3193 858 3247 castitas
879 3191 997 3247 maxime

74 3266 239 3333 periculosa,
259 3266 317 3320 imo
336 3265 524 3334 impossibilis.
561 3266 582 3334 i)
602 3266 690 3320 Etiam
712 3263 812 3319 Christi
832 3269 859 3318 et
877 3263 997 3318 omnium
1061 3272 1069 3285 ·

75 3334 249 3403 Sanctorum,
278 3342 310 3391 nt
332 3341 373 3392 sio
397 3337 449 3392 soli
474 3337 607 3406 Religiosi
631 3337 686 3392 sint
709 3335 804 3391 Sancti
824 3335 996 3403 Sanctorum.

74 3405 102 3474 lr)
120 3408 212 3463 Etiam
241 3424 323 3470 omne
343 3409 418 3477 quod
438 3409 539 3464 dicitur
556 3410 645 3473 Deus,
677 3414 725 3463 eut
749 3407 823 3476 quod
843 3407 949 3461 colitur.
974 3407 995 3474 l)

76 3479 141 3543 Quis
162 3479 215 3535 fuit
233 3480 377 3548 Monielis‚
402 3485 430 3535 st
448 3479 549 3548 Ioseph
568 3479 619 3534 fuit
638 3480 697 3535 eius
716 3478 886 3545 Abbatissa‚
907 3484 935 3533 et
955 3478 996 3532 di-

76 3552 226 3607 versorium
246 3551 298 3607 fuit
316 3553 375 3607 eius
394 3553 603 3617 monasterium,
625 3558 653 3606 et
671 3551 766 3606 asinus
785 3550 838 3604 fuit
853 3551 912 3605 eius
931 3565 995 3605 oon-

76 3619 162 3678 lessor
182 3630 209 3679 et
228 3623 419 3692 praedicator,
438 3630 466 3679 et
483 3639 619 3692 praesepe
639 3622 690 3677 fuit
709 3623 818 3689 chorus,
837 3622 922 3690 panni
940 3619 996 3677 tue-

76 3701 135 3749 runt
154 3710 254 3765 cappa,
273 3701 302 3750 et
320 3696 426 3766 reliqua
445 3696 479 3751 de
498 3696 597 3752 eadem
615 3695 743 3751 lectione.
764 3695 805 3764 m)
824 3693 901 3749 Sicut
919 3696 998 3761 patet

78 3763 277 3839 inReligiosis‚
297 3767 380 3825 stiam
399 3784 494 3838 regum
514 3767 614 3838 opibus
633 3772 660 3822 et
678 3767 744 3822 luxu
761 3764 995 3836 superbientibus,
