2348 4162
263 299 268 306 -
299 264 388 320 amico
409 262 518 319 cuidam
537 263 731 334 praescriptae.
917 261 978 329 389

56 433 320 516 contemptoribus
341 433 509 516 respondet
519 439 635 495 tentum
654 432 790 495 secundo
812 433 927 515 generi,
948 432 978 494 id

57 526 114 600 est,
137 518 277 579 hostibus
300 522 358 578 etc.

141 602 242 662 Primo
266 597 463 661 similitudine
484 597 625 679 pulchre,
657 602 689 662 et
710 617 800 678 quem
824 600 902 662 ratio
926 600 979 661 lru·

58 703 152 746 mana
173 703 234 745 non
258 688 360 764 polest
381 700 505 762 negare,
526 680 556 740 id
580 689 642 762 est,
665 681 704 742 de
725 699 822 763 regno
845 684 979 744 interce
1029 734 1032 739 .

58 768 169 831 diviso.
212 766 280 827 Hoc
302 771 515 847 argumentum
528 771 574 825 est
595 765 768 830 insolubile.

143 848 287 914 Secundo
311 848 468 927 exemplo,
496 848 563 908 Filii
585 850 676 909 vestri
698 849 728 909 iu
752 867 813 927 quc
836 847 979 908 eiiciunt?
1087 882 1090 889 ·

58 934 87 996 id
111 940 173 1013 est,
204 951 259 994 vce
281 951 344 994 nou
367 931 497 1012 potestis
520 931 668 993 damnare
691 936 826 1010 vestros,
865 931 980 992 scilicet

58 1018 241 1096 exorcistas,
264 1033 317 1077 eur
334 1034 383 1076 me
398 1014 548 1075 damnetis
571 1014 651 1076 idern
663 1014 848 1077 facientem?
868 1010 978 1078 Odium

59 1107 107 1282 θῗι
128 1107 245 1244 offitio
267 1181 377 1243 bellica
399 1180 546 1262 allegoria
568 1180 606 1242 de
627 1180 698 1242 lorti
737 1199 792 1262 per
824 1180 980 1242 fortiorem

59 1273 225 1428 vmto'Elrgo
248 1366 310 1408 non
333 1347 363 1406 in
385 1346 524 1425 principe
535 1344 766 1407 daemoniorum
790 1347 888 1424 eiicio‚
911 1364 980 1406 cum
1024 1395 1027 1399 .

60 1435 155 1494 simus
176 1432 283 1493 hostes
306 1449 360 1511 per
383 1429 497 1491 omnic.

155 1512 248 1578 Nunc
268 1512 385 1574 duabus
407 1510 577 1572 rationibus
601 1510 681 1572 idem
706 1510 882 1572 confirmat:

146 1618 173 1679 l.
197 1613 257 1690 Qui
278 1633 341 1674 non
364 1617 412 1672 est
434 1630 564 1690 mecum,
639 1664 641 1670 .

143 1700 172 1762 2.
196 1697 255 1773 Qui
277 1716 339 1758 non
362 1693 478 1774 colligit
501 1713 636 1773 mecum,
669 1694 700 1754 id
723 1700 784 1773 est,
807 1693 912 1755 hostes
934 1712 981 1753 su-

60 1801 138 1861 mus,
161 1799 220 1862 ego
243 1785 274 1840 et
295 1777 446 1841 diabolus.

414 1884 522 1940 contra
555 1883 602 1937 est

602 1873 668 2128 ἔθει
689 1959 796 2023 hostis.

240 1963 319 2024 Nam
342 1896 410 2122 quii

434 2043 581 2126 dispergit

415 2168 462 2223 est
493 2167 599 2222 contra

224 2244 374 2307 Diabolus
397 2173 412 2404 ζ
605 2163 695 2386 Ξθτςο
718 2250 764 2305 est
784 2244 891 2307 hostis.

437 2326 585 2408 dispergit

154 2445 297 2524 Summa,
320 2445 457 2507 Christus
480 2451 511 2505 et
532 2440 673 2504 diabolus
696 2449 766 2503 sunt
786 2442 902 2505 hostes.

395 2527 483 2588 Alius
506 2525 630 2588 Sermo:

444 2627 523 2687 Esse

584 2727 653 2771 cum
677 2707 807 2770 Christo.

398 2791 564 2872 ¹Colligere
692 2795 696 2799 '

444 2891 523 2952 Esse

503 3013 505 3017 -
585 2992 653 3036 cum
676 2971 819 3035 Diabolo.

382 3057 564 3137 Dispergere

149 3174 205 3234 Hic
230 3194 278 3236 res
312 3193 444 3254 magnae
467 3173 606 3235 dicuntur
635 3177 743 3232 contro
765 3190 899 3233 summas
920 3171 987 3232 reli-

63 3259 173 3338 giones
197 3263 228 3318 et
249 3258 414 3338 sapienties
450 3262 480 3317 et
506 3274 563 3338 pro
600 3256 775 3316 miserrimis
799 3254 987 3316 Christianis.

64 3340 144 3401 Nam
168 3340 331 3401 Christiani
366 3345 529 3401 censentur
557 3357 626 3399 esse
653 3345 759 3400 contra
782 3337 934 3399 Ohrislum
957 3343 988 3398 et

65 3424 170 3483 omnia
193 3423 379 3503 dispergere.
423 3424 509 3503 impii
532 3422 673 3484 videntur
696 3440 765 3481 esse
779 3440 846 3481 cum
866 3419 986 3482 cbristo

64 3516 96 3567 st
113 3507 217 3566 omnia
234 3506 389 3587 colligere.
434 3505 493 3566 Sed
512 3505 585 3565 nihil
598 3514 654 3584 est,
677 3500 780 3566 omnia
802 3503 877 3564 fiunt
889 3503 986 3580 aliter,

64 3608 157 3669 quam
180 3597 331 3671 apparent
351 3590 382 3649 in
406 3590 551 3669 speciem.

373 3671 516 3732 Definitio
539 3669 610 3752 quid
633 3671 686 3731 sit:
