2348 4162
375 261 462 320 virum
481 262 613 321 Gooleum
631 242 666 322 ii.
687 213 717 321 L
962 266 1008 333 ’53
1037 289 1040 293 ’

81 422 192 488 floetae
213 444 270 507 per
287 425 380 488 fldem
392 426 521 509 arboria,
544 434 578 490 ut
598 428 691 490 etiam
703 430 790 492 iuxta
811 448 1007 493 oommunam

81 529 205 572 aeneum
226 509 420 592 impossibile
441 512 481 572 ait
502 511 646 592 operibus
667 512 834 577 iustitioari.

37 642 40 647 .
103 598 106 601 ’
164 593 308 655 Proinde·
319 595 393 655 satis
415 594 575 656 ridioulum
598 601 654 673 eat,
677 596 708 656 in
730 597 812 657 huno
823 596 946 658 modum
960 615 1008 658 ea·

80 676 197 738 villari:
229 676 316 739 fiola
337 675 414 737 fldea
435 678 593 754 iustitium,
628 698 702 757 ergo
725 678 855 762 Spiritus
877 679 1007 742 Sanetus
1122 690 1125 695 '

80 780 144 843 non
166 759 321 841 iustificat,
343 760 409 824 vei:
431 759 560 841 Spiritus
581 758 736 840 iustificat,
760 766 833 844 ergo
855 782 916 824 non
939 762 1010 824 sola
1019 777 1029 783 ··

79 844 178 921 tides,
209 862 279 904 oum
308 844 355 929 his
379 842 634 924 disputationibus
663 865 745 912 nuno
766 865 828 908 non
851 847 891 907 sit
911 846 1009 923 loeus,

79 928 135 990 sad
158 925 199 987 da
235 926 302 998 title¹
330 932 359 987 et
384 927 534 1008 operibus
556 934 672 989 tantum
696 932 736 990 sit
757 930 916 1009 quaestio:
959 931 1008 990 Au

51 1059 54 1064 .
79 1010 308 1079 iustificationis
340 1008 506 1091 quidquam
537 1011 742 1092 aitoperibus
765 1011 956 1074 tribuendum
968 1010 1009 1091 1),

80 1090 192 1175 quibus
216 1112 285 1153 oum
306 1093 379 1155 nihii
393 1094 697 1175 tribuatApostotua,
720 1096 779 1157 aoli
800 1096 870 1157 fidei
892 1095 1010 1175 absque
1128 1158 1131 1163 Δ

79 1177 176 1261 dubio
199 1177 317 1241 asserit.
361 1176 426 1247 Neo
447 1185 521 1257 puto
543 1196 726 1258 quemquam
751 1187 812 1252 tam
834 1178 1010 1258 vesordem,

36 1265 54 1290 ·’
74 1260 134 1341 qui
167 1259 329 1322 crediderit
351 1279 405 1320 me
436 1279 550 1340 negare
579 1262 731 1343 votuisse,
763 1281 818 1343 per
847 1263 1033 1339 Christum„

80 1363 139 1427 per
161 1342 307 1425 Spiritum
329 1349 486 1421 sanetum,
518 1345 719 1425 perverbum
743 1345 917 1426 iustitioeri,
952 1344 1011 1406 niai
1123 1414 1126 1421 ¹

82 1427 247 1502 (toaleam,
284 1427 335 1507 qui
367 1425 428 1487 hoo
449 1426 526 1488 libro
549 1429 623 1489 satia
645 1427 764 1509 doouit,
795 1447 864 1490 asso
885 1446 1010 1510 prorsus

81 1529 147 1574 non
169 1509 352 1590 intelligere,
375 1509 449 1589 quid
471 1509 609 1588 aittideq
633 1513 741 1592 gratie,
763 1511 911 1588 Christus,
935 1512 1010 1572 sari·
1099 1554 1102 1559 «

82 1601 143 1674 tua,
161 1593 405 1671 Seorammtum,
428 1599 459 1653 et
479 1614 497 1654 a
519 1594 604 1655 nullo
640 1594 733 1656 oredo
751 1614 838 1673 auum
862 1596 957 1676 ipsius
979 1593 1012 1654 li-

80 1677 171 1741 brum
195 1677 294 1737 minus
315 1676 455 1754 intelligi,
477 1694 569 1756 quam
591 1697 610 1738 a
633 1679 768 1758 seipso
973 1746 976 1752 ,

168 1759 237 1840 Ego
259 1765 342 1820 serta
355 1760 432 1820 moia
447 1758 672 1821 adsertionibus
694 1760 755 1822 hoo
776 1761 835 1840 ogi,
858 1759 929 1820 dum
952 1758 1011 1820 soli
1049 1791 1052 1797 ·

83 1843 157 1905 fidei
180 1841 428 1904 iustificationum
451 1842 556 1923 tribui,
579 1852 612 1903 ut
631 1841 1014 1925 impieatudiaSophiata·
1103 1842 1106 1847 ⁴

81 1945 152 1988 rum
175 1925 437 1987 atMonaohorum
449 1926 639 1988 confutarem
651 1925 693 2010 ²),
717 1928 766 2007 qui
785 1934 882 1989 totum
906 1925 1012 1987 orbem

83 2009 277 2077 seduxerunt
304 2009 335 2069 in
357 2007 500 2072 fiduoiam
528 2029 665 2090 operum.
709 2009 851 2072 Sciebam
874 2027 929 2071 eos
950 2027 1013 2069 nou

74 2087 212 2174 regma,
234 2092 343 2169 saltem
366 2092 478 2165 verbo,
500 2091 748 2154 iustifioationem
772 2113 827 2175 per
848 2092 1013 2169 Christum,

55 2179 60 2185 ’
83 2195 143 2258 per
164 2174 361 2255 baptismum,
383 2193 439 2256 per
460 2173 605 2255 Spiritum
630 2177 835 2257 ooutiugere,.
854 2174 909 2236 sed
930 2174 1015 2235 vide·

84 2259 157 2322 bam
181 2276 237 2319 eoa
258 2277 374 2338 negare
406 2257 503 2319 aoliua
526 2257 597 2319 fidei
619 2278 688 2320 esso
710 2259 894 2338 iustificare,
915 2258 1015 2336 operi-

84 2342 144 2405 bus
167 2351 242 2402 vero
265 2346 361 2401 totam
378 2341 446 2401 -fere
465 2341 594 2422 gloriam
626 2342 850 2404 iustifloationis
866 2339 1025 2402 tribuere„
1048 2390 1050 2395 ⁴
1108 2365 1112 2373 ·

84 2425 179 2502 Quod
201 2425 261 2495 nisi
282 2423 443 2501 feoiaaent,
466 2442 528 2485 uon
553 2431 656 2503 essent
678 2431 764 2486 tanta
785 2426 930 2495 examina
951 2441 1015 2483 mo·

84 2509 312 2582 austeriorum,
335 2507 555 2587 Ooliegiorum
577 2508 751 2569 scholarum
775 2513 806 2568 et
827 2506 1014 2568 infinitorum
1095 2504 1097 2509 ’

85 2587 259 2654 studiorum
283 2610 345 2671 per·
360 2609 456 2671 opera
477 2591 623 2659 iustitiam
639 2590 861 2670 quaerentium.
904 2585 1016 2651 Omnia
1081 2611 1084 2617 ·

84 2676 169 2736 enim
191 2673 271 2734 haee
302 2692 393 2753 super
416 2692 512 2753 opera
532 2675 696 2751 nituntur,¹
718 2692 779 2734 non
803 2691 896 2753 super
916 2671 1038 2732 solam

84 2757 191 2835 fidem,
212 2762 243 2818 et
264 2755 384 2838 fingunt
404 2754 495 2817 fldem
519 2758 625 2818 nesoio
646 2756 722 2837 ‘quid
744 2757 775 2816 in
798 2757 901 2818 anima
920 2754 1016 2814 laten-

85 2842 127 2902 tia
148 2841 277 2919 iormae‚
302 2859 383 2918 quae
402 2839 547 2901 sitveluti
570 2860 652 2921 pars,
674 2859 736 2919 non
749 2838 1017 2900 summaomnium
1101 2900 1105 2908 ,

86 2925 244 3013 virtqtum.
287 2921 389 2997 Quare
411 2931 559 3001 nonest,
575 2990 578 2998 a
592 2929 625 2984 ut
651 2923 777 2985 verbum
792 2941 907 2991 ‚meum
930 2927 1018 2981 extra

86 3008 303 3089 argumentum
327 3025 380 3066 eeu
404 3005 744 3084 materiamsubieotsm
768 3006 882 3083 trahas,
905 3007 944 3081 et,
966 3002 1018 3063 ubi

87 3088 213 3151 deiide
236 3095 267 3149 et
288 3088 439 3170 operibus·
456 3089 579 3170 disputo
602 3109 661 3169 pro
673 3089 888 3151 oonaoieutiae
904 3086 1017 3147 iudioio
1074 3084 1077 3088 ’
1135 3146 1139 3155 ,

86 3169 293 3248 instituendo,
331 3178 363 3231 tu
401 3170 456 3232 de'
473 3179 627 3253 potestate
664 3173 721 3234 Dei
754 3172 846 3232 fidem
887 3169 1018 3235 creantis

89 3264 128 3318 oo
153 3256 224 3318 'tea'
258 3293 262 3301 ·
1086 3260 1089 3267 '

129 3275 269 3401 g‘lPorro
291 3339 318 3399 ai
341 3339 391 3417 qui
415 3346 495 3417 aunt,
518 3340 568 3417 qui
592 3358 646 3419 per
659 3357 753 3419 opera
764 3336 854 3416 Legis
875 3336 906 3396 in
921 3335 1018 3395 Paulo
1041 3329 1044 3334 ’
1069 3335 1073 3343 ’

90 3442 153 3485 non
177 3423 283 3484 omnia
303 3439 415 3500 opere,
443 3421 497 3481 aed
526 3428 643 3481 tantum
668 3419 887 3480 oeremonialia
908 3417 1015 3501 intelli·
1113 3469 1129 3487 ,.

90 3512 182 3586 gunt,
207 3523 276 3565 oum
299 3504 358 3565 illis
380 3523 442 3565 uon
466 3523 579 3565 oenaeo
600 3501 818 3583 'disputandum
843 3520 928 3577 ease,
962 3501 1019 3561 sel·
1105 3516 1106 3520 ’

91 3589 153 3649 tem
174 3587 235 3675 heo
256 3587 354 3667 hore,
388 3586 470 3667 quod
505 3585 667 3648 videantur
703 3585 742 3646 de
769 3585 918 3646 industrie
939 3583 1021 3645 velle
1125 3628 1129 3635 ·

165 3776 197 3854 1)
217 3777 249 3830 In
269 3774 314 3832 ed.
330 3773 416 3855 orig.:
436 3761 585 3836 tribuendi,
598 3723 604 3859 Ι.
622 3775 654 3843 2)
672 3773 705 3828 In
723 3770 767 3834 au
785 3771 845 3833 Ian:
864 3769 1021 3831 refutarem.
1043 3731 1051 3803 '-
