2348 4162
203 248 269 317 298
451 251 494 307 De
512 267 594 307 servo
613 250 727 307 arbitrio
746 252 779 307 D.
798 252 835 307 Μ.
850 253 882 308 L.
905 298 908 303 .

206 421 326 482 Diuites
346 428 402 483 etc,
447 421 518 482 Flos
540 423 622 482 foeni
645 428 727 482 recte
748 422 847 503 gloria
869 421 989 499 dicitur,
1013 421 1129 481 seilicet

207 504 288 583 quod
311 504 349 565 de
371 525 483 584 regno,
518 504 556 565 de
578 505 699 584 politia,
734 506 868 566 maxime
896 523 970 566 vero
993 503 1033 565 de
1050 504 1127 583 lege,

207 589 288 668 Deo,
320 589 435 648 iustitia
465 595 496 651 et
518 590 667 667 sapientia
697 588 920 667 gloriabantur,
962 594 995 647 ut
1018 587 1127 647 Paulus

205 672 315 734 Roma.
338 670 367 750 2,
391 674 408 736 3
431 679 462 731 et
483 675 502 735 9
524 670 666 750 disputat.
710 671 786 732 Gum
815 690 890 751 ergo
912 670 987 731 dicit
1012 670 1127 747 ussus,

207 754 314 816 Omnis
337 773 419 833 caro,
442 754 514 833 quid
531 754 592 814 hoc
604 762 651 814 est
672 754 764 834 eliud,
786 774 875 834 quam
901 753 1126 815 omneloenum

146 893 151 898 .
207 858 261 898 eeu
295 839 394 898 omnis
431 837 585 917 populus?
627 835 699 899 Non
739 839 818 897 enim
852 837 1031 916 simpliciter
1057 837 1127 895 dicit

207 922 297 995 Caro,
320 920 375 980 sed
400 923 498 981 omnis
521 940 602 981 caro.
649 921 696 984 Ad
718 921 865 1001 populum
878 927 979 980 autem
999 922 1127 999 pertinet

207 1006 321 1081 anime,
343 1023 466 1083 corpus,
490 1023 585 1082 mens,
608 1007 704 1081 ratio,
720 1048 723 1055 .
738 1003 899 1081 iudicium,
931 1009 962 1062 et
985 1001 1124 1082 quicquid

206 1089 297 1148 etiam
320 1088 351 1146 in
386 1087 510 1146 homine
544 1094 646 1166 potest
676 1087 969 1168 praestantissimum
994 1086 1054 1145 dici
1078 1090 1126 1145 aut

205 1171 343 1233 inveniri.
386 1168 509 1229 Nullum
524 1171 604 1230 enim
616 1173 740 1251 exeipit,
762 1171 812 1248 qui
826 1170 907 1247 dicit,
932 1167 1040 1229 Omnis
1057 1185 1124 1229 caro

183 1238 347 1332 'foenum,
382 1253 438 1312 nisi
470 1253 606 1333 spiritum
636 1256 686 1335 qui
709 1255 854 1317 exsiccat.
898 1251 981 1312 Nihil
1006 1269 1125 1330 quoque

206 1336 333 1414 omittit,
372 1337 422 1414 qui
445 1335 533 1410 dicit,
567 1337 690 1398 loenum
714 1349 762 1397 eet
783 1332 923 1416 populus.
969 1335 1017 1395 Da
1039 1335 1124 1415 igitur

205 1418 332 1479 liberum
355 1417 521 1496 arbitrium,
545 1419 737 1500 daquicquid
751 1421 781 1479 in
795 1420 909 1499 populo
932 1423 1038 1497 potest
1051 1436 1124 1477 som·

206 1522 288 1561 mum
312 1506 343 1562 et
363 1499 499 1562 infimum
522 1502 642 1579 heberi,
670 1508 767 1564 totum
790 1502 850 1562 hoc
871 1502 980 1561 Esaias
1005 1518 1122 1561 caruem

127 1631 130 1635 «
206 1583 341 1665 appellat
370 1591 401 1645 et
431 1585 565 1648 foenum.
609 1583 688 1660 Quia
710 1585 767 1646 tria
788 1585 841 1644 illa
860 1585 1002 1662 uomina,
1039 1584 1122 1658 Geso,

205 1668 341 1741 foenum,
364 1668 507 1746 populus,
530 1670 661 1748 ipsomet
683 1670 866 1748 interprete,
903 1668 953 1746 qui
976 1673 1024 1727 est
1042 1674 1123 1727 autor

207 1751 284 1828 libri,
308 1750 389 1810 idem
412 1750 564 1812 hocloco
587 1751 770 1831 significent.
1047 1796 1051 1801 -

290 1831 417 1905 Deinde
432 1841 462 1892 tu
488 1836 553 1913 ipse
567 1833 710 1914 affirmas,
735 1833 923 1894 Graecorum
945 1831 1122 1910 sapientiam

208 1923 238 1975 et
260 1914 443 1976 ludaeorum
484 1919 644 1993 iustitiam,
679 1937 758 1998 qnae
796 1917 952 1975 exsiccata
986 1915 1050 1975 sint
1077 1931 1123 1992 per

207 1999 419 2078 Evangelium,
441 1999 564 2060 foenum
589 2000 636 2060 vel
658 2000 764 2061 florem
777 1999 861 2060 foeni
884 2016 961 2060 esse.
1007 1998 1056 2057 Au
1080 2015 1123 2076 pu·

207 2088 253 2142 tas
275 2083 456 2161 sapientiam
488 2085 517 2141 in
541 2083 668 2144 Graecis
704 2102 764 2143 non
787 2082 881 2142 fuisse
902 2079 1123 2160 praestantissi-

207 2184 299 2240 mum,
323 2163 403 2242 quod
426 2164 613 2243 hahuerunt,
652 2175 681 2226 et
702 2167 845 2226 iustitiam
869 2165 899 2222 iu
923 2163 1046 2225 ludaeis
1069 2176 1123 2223 uon

206 2248 298 2307 fuisse
320 2250 623 2327 praestantissimum,
646 2249 728 2329 quod
754 2247 940 2328 potuerunt?
983 2246 1030 2306 Tu
1053 2246 1123 2306 doce

206 2330 288 2390 aliud
310 2332 527 2411 praestantius.
570 2332 628 2393 Ubi
657 2334 747 2411 igitur
768 2339 815 2390 est
835 2330 947 2391 tiducie
970 2339 1038 2408 tua,
1071 2345 1124 2407 que

206 2415 297 2473 etiam
324 2414 512 2494 (Philippum
537 2421 628 2494 puto)
655 2414 842 2494 suggillabas
864 2413 983 2473 dicens:

290 2495 319 2556 st
344 2498 411 2576 quis
435 2497 621 2573 contendat,
655 2499 684 2557 id
708 2497 790 2578 quod
812 2498 843 2555 in
866 2496 999 2557 hominis
1022 2500 1123 2554 nature

207 2585 253 2638 est
277 2581 588 2657 praestantissimum,
612 2581 686 2640 nihil
708 2582 789 2641 aliud
813 2598 902 2658 quam
927 2597 1071 2656 caruem,
1097 2574 1122 2635 id

207 2667 263 2740 est,
285 2664 410 2741 impium
434 2683 513 2739 esse,
536 2663 606 2722 huic
621 2664 710 2723 facile
733 2664 910 2737 assentiam,
934 2662 959 2720 ei
983 2660 1025 2737 id,
1049 2657 1123 2738 quod

207 2753 374 2820 asseverat,
397 2745 569 2825 Scripturas
591 2766 698 2807 sacrae
722 2746 903 2806 testimoniis
926 2744 1048 2804 doceat.

290 2826 392 2888 Habes
411 2828 611 2904 hicEsaiem,
636 2831 685 2907 qui
703 2829 850 2909 populum
874 2828 982 2906 spiritu
1006 2823 1123 2887 Domini

207 2929 338 2969 vacuum
371 2929 494 2970 carnem
518 2931 630 2990 magua
643 2930 719 2972 voce
735 2911 856 2985 clamat,
879 2928 1057 2989 quanquam
1073 2925 1125 2969 nec

208 2994 253 3052 sio
274 2993 390 3056 audias.
433 2992 537 3055 Hebes
567 3002 650 3055 tuam
684 2997 778 3074 ipsius
801 2994 1051 3067 confessionem,
1080 2990 1124 3071 qui

207 3074 395 3137 Graecorum
419 3078 600 3157 sapientiam
621 3079 716 3147 (forte
729 3077 955 3157 imprudenter]
980 3076 1124 3136 dicisloe·

208 3177 279 3217 num
302 3159 352 3220 vel
373 3158 502 3238 gloriam
514 3160 607 3239 foeni,
630 3161 712 3240 quod
725 3161 806 3221 idem
820 3167 876 3238 est,
898 3177 936 3218 ac
957 3161 982 3219 si
1006 3175 1123 3221 carnem

208 3239 339 3317 dixeris,
373 3243 430 3302 nisi
458 3244 638 3321 sapientiam
662 3243 850 3304 Graecorum
873 3241 1045 3303 contendas
1069 3258 1123 3302 nou

208 3326 360 3404 pertinere
382 3325 420 3385 ad
445 3327 593 3386 rationem
619 3327 666 3387 vel
688 3328 895 3405 igemonicon,
919 3332 952 3386 ut
974 3325 1068 3403 dicis,
1098 3320 1124 3381 id

208 3412 264 3482 est,
287 3408 486 3488 principalem
511 3417 626 3488 partem
650 3411 791 3471 hominis.
836 3408 916 3470 Audi
939 3428 1075 3488 quaeso,
1103 3404 1123 3463 si

207 3509 265 3550 uos
288 3493 475 3569 contemnis,
510 3493 558 3552 vel
595 3500 625 3552 te
656 3494 756 3572 ipsum
785 3494 812 3552 vi
837 3494 973 3554 veritatis
996 3499 1124 3573 captum,

208 3578 292 3633 recta
314 3573 481 3636 dicentem:
503 3574 606 3636 Habes
627 3575 795 3637 Iohannem
812 3574 865 3659 *):
909 3575 1002 3652 Quod
1024 3581 1123 3637 natum

282 3754 313 3822 *l
334 3754 430 3810 lohau.
443 3758 469 3812 3.
