<?xml version="1.0" encoding="UTF-8"?>
<!DOCTYPE html PUBLIC "-//W3C//DTD XHTML 1.0 Transitional//EN"
    "http://www.w3.org/TR/xhtml1/DTD/xhtml1-transitional.dtd">
<html xmlns="http://www.w3.org/1999/xhtml" xml:lang="en" lang="en">
 <head>
  <title>
</title>
<meta http-equiv="Content-Type" content="text/html;charset=utf-8" />
  <meta name='ocr-system' content='tesseract 3.04.00' />
  <meta name='ocr-capabilities' content='ocr_page ocr_carea ocr_par ocr_line ocrx_word'/>
</head>
<body>
  <div class='ocr_page' id='page_1' title='image "./dmartinilutheri02luthgoog_0115.png"; bbox 0 0 2348 4162; ppageno 0'>
   <div class='ocr_carea' id='block_1_1' title="bbox 173 248 870 319">
    <p class='ocr_par' dir='ltr' id='par_1_1' title="bbox 173 248 870 319">
     <span class='ocr_line' id='line_1_1' title="bbox 173 248 870 319; baseline -0.017 -3"><span class='ocrx_word' id='word_1_1' title='bbox 173 248 233 316; x_wconf 82' lang='lat'><strong>104</strong></span> <span class='ocrx_word' id='word_1_2' title='bbox 324 314 327 319; x_wconf 76' lang='grc'>,</span> <span class='ocrx_word' id='word_1_3' title='bbox 467 249 571 306; x_wconf 75' lang='lat' dir='ltr'><strong>consto</strong></span> <span class='ocrx_word' id='word_1_4' title='bbox 590 252 625 305; x_wconf 91' lang='lat' dir='ltr'><strong>n.</strong></span> <span class='ocrx_word' id='word_1_5' title='bbox 645 251 679 306; x_wconf 85' lang='lat' dir='ltr'><strong>n.</strong></span> <span class='ocrx_word' id='word_1_6' title='bbox 700 251 808 306; x_wconf 78' lang='lat' dir='ltr'><strong>authen</strong></span> <span class='ocrx_word' id='word_1_7' title='bbox 866 312 870 317; x_wconf 52' lang='grc'>,</span> 
     </span>
    </p>
   </div>
   <div class='ocr_carea' id='block_1_2' title="bbox 171 409 1147 668">
    <p class='ocr_par' dir='ltr' id='par_1_2' title="bbox 171 409 1147 668">
     <span class='ocr_line' id='line_1_2' title="bbox 171 409 1147 501; baseline -0.002 -20"><span class='ocrx_word' id='word_1_8' title='bbox 171 422 316 482; x_wconf 89' lang='lat' dir='ltr'><strong>adversus</strong></span> <span class='ocrx_word' id='word_1_9' title='bbox 361 440 467 481; x_wconf 87' lang='lat' dir='ltr'><strong>omnes</strong></span> <span class='ocrx_word' id='word_1_10' title='bbox 504 428 634 483; x_wconf 88' lang='lat' dir='ltr'><strong>terrores</strong></span> <span class='ocrx_word' id='word_1_11' title='bbox 673 428 704 483; x_wconf 88' lang='lat' dir='ltr'><strong>et</strong></span> <span class='ocrx_word' id='word_1_12' title='bbox 743 423 928 483; x_wconf 77' lang='lat' dir='ltr'><strong>tentationes</strong></span> <span class='ocrx_word' id='word_1_13' title='bbox 960 409 1091 501; x_wconf 78' lang='lat' dir='ltr'><strong>peceati,</strong></span> <span class='ocrx_word' id='word_1_14' title='bbox 1137 466 1147 474; x_wconf 85' lang='lat'><strong>..</strong></span> 
     </span>
     <span class='ocr_line' id='line_1_3' title="bbox 174 490 703 579; baseline -0.002 -14"><span class='ocrx_word' id='word_1_15' title='bbox 174 505 289 579; x_wconf 88' lang='lat' dir='ltr'><strong>mortis,</strong></span> <span class='ocrx_word' id='word_1_16' title='bbox 311 510 438 565; x_wconf 89' lang='lat' dir='ltr'><strong>satanae</strong></span> <span class='ocrx_word' id='word_1_17' title='bbox 461 511 491 564; x_wconf 91' lang='lat' dir='ltr'><strong>et</strong></span> <span class='ocrx_word' id='word_1_18' title='bbox 512 490 703 568; x_wconf 84' lang='lat' dir='ltr'><strong>inferorum.-</strong></span> 
     </span>
     <span class='ocr_line' id='line_1_4' title="bbox 254 586 1092 668; baseline -0.001 -22"><span class='ocrx_word' id='word_1_19' title='bbox 254 587 322 647; x_wconf 91' lang='lat' dir='ltr'><strong>Hoo</strong></span> <span class='ocrx_word' id='word_1_20' title='bbox 344 586 418 646; x_wconf 92' lang='lat' dir='ltr'><strong>illud</strong></span> <span class='ocrx_word' id='word_1_21' title='bbox 455 594 501 648; x_wconf 88' lang='lat' dir='ltr'><strong>est</strong></span> <span class='ocrx_word' id='word_1_22' title='bbox 524 589 668 648; x_wconf 89' lang='lat' dir='ltr'><strong>eximium</strong></span> <span class='ocrx_word' id='word_1_23' title='bbox 703 592 734 647; x_wconf 90' lang='lat' dir='ltr'><strong>et</strong></span> <span class='ocrx_word' id='word_1_24' title='bbox 756 587 954 668; x_wconf 91' lang='lat' dir='ltr'><strong>singulare</strong></span> <span class='ocrx_word' id='word_1_25' title='bbox 946 606 975 646; x_wconf 89' lang='lat' dir='ltr'><strong>m</strong></span> <span class='ocrx_word' id='word_1_26' title='bbox 999 587 1092 665; x_wconf 90' lang='lat' dir='ltr'><strong>serip-</strong></span> 
     </span>
    </p>
   </div>
   <div class='ocr_carea' id='block_1_3' title="bbox 53 654 1091 767">
    <p class='ocr_par' dir='ltr' id='par_1_3' title="bbox 53 654 1091 767">
     <span class='ocr_line' id='line_1_5' title="bbox 53 654 1091 767; baseline -0.001 -38"><span class='ocrx_word' id='word_1_27' title='bbox 53 654 76 662; x_wconf 17' lang='lat' dir='ltr'>ff</span> <span class='ocrx_word' id='word_1_28' title='bbox 103 656 123 731; x_wconf 39' lang='lat'><strong>⁵.</strong></span> <span class='ocrx_word' id='word_1_29' title='bbox 171 656 238 730; x_wconf 89' lang='lat' dir='ltr'><strong>tnra</strong></span> <span class='ocrx_word' id='word_1_30' title='bbox 260 669 412 748; x_wconf 85' lang='lat' dir='ltr'><strong>Mosaios,</strong></span> <span class='ocrx_word' id='word_1_31' title='bbox 442 670 523 750; x_wconf 89' lang='lat' dir='ltr'><strong>quod</strong></span> <span class='ocrx_word' id='word_1_32' title='bbox 554 671 645 730; x_wconf 91' lang='lat' dir='ltr'><strong>etiam</strong></span> <span class='ocrx_word' id='word_1_33' title='bbox 679 670 767 731; x_wconf 87' lang='lat' dir='ltr'><strong>nobis</strong></span> <span class='ocrx_word' id='word_1_34' title='bbox 791 670 944 767; x_wconf 80' lang='lat' dir='ltr'><strong>gentibus</strong></span> <span class='ocrx_word' id='word_1_35' title='bbox 955 668 1091 750; x_wconf 82' lang='lat' dir='ltr'><strong>prodest,</strong></span> 
     </span>
    </p>
   </div>
   <div class='ocr_carea' id='block_1_4' title="bbox 170 751 1128 1247">
    <p class='ocr_par' dir='ltr' id='par_1_4' title="bbox 170 751 1128 1247">
     <span class='ocr_line' id='line_1_6' title="bbox 173 751 1091 834; baseline -0.001 -23"><span class='ocrx_word' id='word_1_36' title='bbox 173 759 287 812; x_wconf 87' lang='lat' dir='ltr'><strong>ettam</strong></span> <span class='ocrx_word' id='word_1_37' title='bbox 311 751 348 813; x_wconf 93' lang='lat' dir='ltr'><strong>ad</strong></span> <span class='ocrx_word' id='word_1_38' title='bbox 371 772 551 832; x_wconf 63' lang='lat' dir='ltr'><strong>nosquam</strong></span> <span class='ocrx_word' id='word_1_39' title='bbox 575 753 766 814; x_wconf 91' lang='lat' dir='ltr'><strong>adludaeos</strong></span> <span class='ocrx_word' id='word_1_40' title='bbox 802 754 940 834; x_wconf 82' lang='lat' dir='ltr'><strong>pertinet.</strong></span> <span class='ocrx_word' id='word_1_41' title='bbox 986 751 1091 812; x_wconf 87' lang='lat' dir='ltr'><strong>Altera</strong></span> 
     </span>
     <span class='ocr_line' id='line_1_7' title="bbox 170 799 1094 917; baseline -0.001 -21"><span class='ocrx_word' id='word_1_42' title='bbox 170 854 253 917; x_wconf 84' lang='lat' dir='ltr'><strong>pars,</strong></span> <span class='ocrx_word' id='word_1_43' title='bbox 275 836 392 897; x_wconf 86' lang='lat' dir='ltr'><strong>seiliost</strong></span> <span class='ocrx_word' id='word_1_44' title='bbox 411 799 487 916; x_wconf 81' lang='lat' dir='ltr'><strong>te&#39;gis</strong></span> <span class='ocrx_word' id='word_1_45' title='bbox 502 835 633 916; x_wconf 88' lang='lat' dir='ltr'><strong>traditio,</strong></span> <span class='ocrx_word' id='word_1_46' title='bbox 647 836 735 897; x_wconf 89' lang='lat' dir='ltr'><strong>nobis</strong></span> <span class='ocrx_word' id='word_1_47' title='bbox 757 855 816 896; x_wconf 89' lang='lat' dir='ltr'><strong>neo</strong></span> <span class='ocrx_word' id='word_1_48' title='bbox 838 835 920 911; x_wconf 83' lang='lat' dir='ltr'><strong>data,¹</strong></span> <span class='ocrx_word' id='word_1_49' title='bbox 943 854 1001 894; x_wconf 88' lang='lat' dir='ltr'><strong>nee</strong></span> <span class='ocrx_word' id='word_1_50' title='bbox 1021 835 1094 895; x_wconf 86' lang='lat' dir='ltr'><strong>sari·</strong></span> 
     </span>
     <span class='ocr_line' id='line_1_8' title="bbox 171 882 1128 1000; baseline -0.004 -20"><span class='ocrx_word' id='word_1_51' title='bbox 171 924 225 999; x_wconf 92' lang='lat' dir='ltr'><strong>pta</strong></span> <span class='ocrx_word' id='word_1_52' title='bbox 247 925 293 979; x_wconf 90' lang='lat' dir='ltr'><strong>est</strong></span> <span class='ocrx_word' id='word_1_53' title='bbox 316 917 398 1000; x_wconf 87' lang='lat' dir='ltr'><strong>(erat</strong></span> <span class='ocrx_word' id='word_1_54' title='bbox 420 920 500 978; x_wconf 90' lang='lat' dir='ltr'><strong>enim</strong></span> <span class='ocrx_word' id='word_1_55' title='bbox 522 919 573 979; x_wconf 88' lang='lat' dir='ltr'><strong>lex</strong></span> <span class='ocrx_word' id='word_1_56' title='bbox 595 882 717 979; x_wconf 80' lang='lat' dir='ltr'><strong>aliunde</strong></span> <span class='ocrx_word' id='word_1_57' title='bbox 738 917 844 1000; x_wconf 91' lang='lat' dir='ltr'><strong>nota),</strong></span> <span class='ocrx_word' id='word_1_58' title='bbox 861 882 926 984; x_wconf 89' lang='lat' dir='ltr'><strong>sed</strong></span> <span class='ocrx_word' id='word_1_59' title='bbox 949 918 1028 978; x_wconf 87' lang='lat' dir='ltr'><strong>hane</strong></span> <span class='ocrx_word' id='word_1_60' title='bbox 1051 917 1093 976; x_wconf 91' lang='lat' dir='ltr'><strong>di·</strong></span> <span class='ocrx_word' id='word_1_61' title='bbox 1125 939 1128 943; x_wconf 90' lang='lat'>·</span> 
     </span>
     <span class='ocr_line' id='line_1_9' title="bbox 171 1002 1095 1084; baseline -0.004 -22"><span class='ocrx_word' id='word_1_62' title='bbox 171 1003 274 1062; x_wconf 90' lang='lat' dir='ltr'><strong>vinam</strong></span> <span class='ocrx_word' id='word_1_63' title='bbox 310 1003 527 1063; x_wconf 78' lang='lat' dir='ltr'><strong>revelationem</strong></span> <span class='ocrx_word' id='word_1_64' title='bbox 561 1008 627 1062; x_wconf 89' lang='lat' dir='ltr'><strong>tota</strong></span> <span class='ocrx_word' id='word_1_65' title='bbox 660 1009 761 1063; x_wconf 89' lang='lat' dir='ltr'><strong>mente</strong></span> <span class='ocrx_word' id='word_1_66' title='bbox 800 1002 1039 1084; x_wconf 79' lang='lat' dir='ltr'><strong>amplectamur,</strong></span> <span class='ocrx_word' id='word_1_67' title='bbox 1063 1005 1095 1059; x_wconf 88' lang='lat' dir='ltr'><strong>et</strong></span> 
     </span>
     <span class='ocr_line' id='line_1_10' title="bbox 174 1079 1094 1165; baseline -0.003 -20"><span class='ocrx_word' id='word_1_68' title='bbox 174 1086 279 1146; x_wconf 84' lang='lat' dir='ltr'><strong>Mosen</strong></span> <span class='ocrx_word' id='word_1_69' title='bbox 323 1084 481 1145; x_wconf 87' lang='lat' dir='ltr'><strong>audiamus</strong></span> <span class='ocrx_word' id='word_1_70' title='bbox 516 1093 742 1165; x_wconf 87' lang='lat' dir='ltr'><strong>proponentem</strong></span> <span class='ocrx_word' id='word_1_71' title='bbox 779 1086 868 1146; x_wconf 89' lang='lat' dir='ltr'><strong>nobis</strong></span> <span class='ocrx_word' id='word_1_72' title='bbox 902 1079 1094 1145; x_wconf 85' lang='lat' dir='ltr'><strong>duleissimas</strong></span> 
     </span>
     <span class='ocr_line' id='line_1_11' title="bbox 173 1165 1096 1247; baseline -0.002 -20"><span class='ocrx_word' id='word_1_73' title='bbox 173 1169 414 1246; x_wconf 91' lang='lat' dir='ltr'><strong>promissiones,</strong></span> <span class='ocrx_word' id='word_1_74' title='bbox 447 1167 556 1247; x_wconf 89' lang='lat' dir='ltr'><strong>quibus</strong></span> <span class='ocrx_word' id='word_1_75' title='bbox 579 1167 690 1229; x_wconf 88' lang='lat' dir='ltr'><strong>liduoia</strong></span> <span class='ocrx_word' id='word_1_76' title='bbox 722 1186 793 1247; x_wconf 93' lang='lat' dir='ltr'><strong>erga</strong></span> <span class='ocrx_word' id='word_1_77' title='bbox 818 1168 946 1228; x_wconf 82' lang='lat' dir='ltr'><strong>llenm</strong></span> <span class='ocrx_word' id='word_1_78' title='bbox 938 1187 968 1227; x_wconf 91' lang='grc' dir='ltr'><strong>ιιι</strong></span> <span class='ocrx_word' id='word_1_79' title='bbox 992 1165 1096 1227; x_wconf 62' lang='lat' dir='ltr'><strong>sordi:</strong></span> 
     </span>
    </p>
   </div>
   <div class='ocr_carea' id='block_1_5' title="bbox 61 1249 1095 1347">
    <p class='ocr_par' dir='ltr' id='par_1_5' title="bbox 61 1249 1095 1347">
     <span class='ocr_line' id='line_1_12' title="bbox 61 1249 1095 1347; baseline -0.003 -37"><span class='ocrx_word' id='word_1_80' title='bbox 61 1316 64 1321; x_wconf 59' lang='grc'>,</span> <span class='ocrx_word' id='word_1_81' title='bbox 175 1252 230 1310; x_wconf 90' lang='lat' dir='ltr'><strong>bus</strong></span> <span class='ocrx_word' id='word_1_82' title='bbox 265 1251 443 1311; x_wconf 78' lang='lat' dir='ltr'><strong>accenditur</strong></span> <span class='ocrx_word' id='word_1_83' title='bbox 477 1256 507 1311; x_wconf 90' lang='lat' dir='ltr'><strong>et</strong></span> <span class='ocrx_word' id='word_1_84' title='bbox 542 1250 758 1331; x_wconf 81' lang='lat' dir='ltr'><strong>confirmatur,</strong></span> <span class='ocrx_word' id='word_1_85' title='bbox 794 1270 862 1310; x_wconf 88' lang='lat' dir='ltr'><strong>eum</strong></span> <span class='ocrx_word' id='word_1_86' title='bbox 897 1249 1095 1347; x_wconf 79' lang='lat' dir='ltr'><strong>intelligimus</strong></span> 
     </span>
    </p>
   </div>
   <div class='ocr_carea' id='block_1_6' title="bbox 99 1299 1103 2241">
    <p class='ocr_par' dir='ltr' id='par_1_6' title="bbox 99 1299 1103 1580">
     <span class='ocr_line' id='line_1_13' title="bbox 176 1299 1096 1413; baseline -0.001 -21"><span class='ocrx_word' id='word_1_87' title='bbox 176 1334 272 1393; x_wconf 89' lang='lat' dir='ltr'><strong>Deum</strong></span> <span class='ocrx_word' id='word_1_88' title='bbox 311 1321 457 1395; x_wconf 86' lang='lat' dir='ltr'><strong>ineffabili</strong></span> <span class='ocrx_word' id='word_1_89' title='bbox 491 1333 702 1412; x_wconf 84' lang='lat' dir='ltr'><strong>benignitate</strong></span> <span class='ocrx_word' id='word_1_90' title='bbox 717 1299 839 1393; x_wconf 86' lang='lat' dir='ltr'><strong>dedisse</strong></span> <span class='ocrx_word' id='word_1_91' title='bbox 872 1334 1096 1413; x_wconf 84' lang='lat' dir='ltr'><strong>promissiones</strong></span> 
     </span>
     <span class='ocr_line' id='line_1_14' title="bbox 176 1413 1096 1498; baseline -0.003 -22"><span class='ocrx_word' id='word_1_92' title='bbox 176 1415 310 1496; x_wconf 89' lang='lat' dir='ltr'><strong>patribus</strong></span> <span class='ocrx_word' id='word_1_93' title='bbox 325 1413 439 1498; x_wconf 83' lang='lat' dir='ltr'><strong>(multo</strong></span> <span class='ocrx_word' id='word_1_94' title='bbox 451 1416 881 1498; x_wconf 86' lang='lat' dir='ltr'><strong>antepromulgatamlegem)</strong></span> <span class='ocrx_word' id='word_1_95' title='bbox 892 1414 1096 1478; x_wconf 79' lang='lat' dir='ltr'><strong>deliberando</strong></span> 
     </span>
     <span class='ocr_line' id='line_1_15' title="bbox 99 1496 1103 1580; baseline 0.002 -24"><span class='ocrx_word' id='word_1_96' title='bbox 99 1510 118 1564; x_wconf 66' lang='grc' dir='ltr'>ζ</span> <span class='ocrx_word' id='word_1_97' title='bbox 176 1507 241 1559; x_wconf 84' lang='lat' dir='ltr'><strong>toto</strong></span> <span class='ocrx_word' id='word_1_98' title='bbox 252 1519 365 1578; x_wconf 89' lang='lat' dir='ltr'><strong>genere</strong></span> <span class='ocrx_word' id='word_1_99' title='bbox 377 1500 511 1561; x_wconf 90' lang='lat' dir='ltr'><strong>hnmano</strong></span> <span class='ocrx_word' id='word_1_100' title='bbox 534 1521 550 1560; x_wconf 88' lang='lat' dir='ltr'><strong>o</strong></span> <span class='ocrx_word' id='word_1_101' title='bbox 564 1507 692 1578; x_wconf 86' lang='lat' dir='ltr'><strong>peeoato</strong></span> <span class='ocrx_word' id='word_1_102' title='bbox 706 1506 737 1559; x_wconf 91' lang='lat' dir='ltr'><strong>et</strong></span> <span class='ocrx_word' id='word_1_103' title='bbox 749 1505 848 1560; x_wconf 91' lang='lat' dir='ltr'><strong>morte</strong></span> <span class='ocrx_word' id='word_1_104' title='bbox 860 1519 915 1580; x_wconf 88' lang='lat' dir='ltr'><strong>per</strong></span> <span class='ocrx_word' id='word_1_105' title='bbox 926 1499 1020 1559; x_wconf 88' lang='lat' dir='ltr'><strong>filiurn</strong></span> <span class='ocrx_word' id='word_1_106' title='bbox 1037 1505 1095 1568; x_wconf 86' lang='lat' dir='ltr'><strong>ete</strong></span> <span class='ocrx_word' id='word_1_107' title='bbox 1100 1496 1103 1502; x_wconf 79' lang='grc'><strong>’</strong></span> 
     </span>
    </p>

    <p class='ocr_par' dir='ltr' id='par_1_7' title="bbox 108 1582 1100 2241">
     <span class='ocr_line' id='line_1_16' title="bbox 258 1582 1097 1662; baseline -0.002 -20"><span class='ocrx_word' id='word_1_108' title='bbox 258 1582 343 1642; x_wconf 88' lang='lat' dir='ltr'><strong>Haeo</strong></span> <span class='ocrx_word' id='word_1_109' title='bbox 365 1584 446 1643; x_wconf 92' lang='lat' dir='ltr'><strong>enim</strong></span> <span class='ocrx_word' id='word_1_110' title='bbox 474 1589 520 1643; x_wconf 87' lang='lat' dir='ltr'><strong>est</strong></span> <span class='ocrx_word' id='word_1_111' title='bbox 542 1584 693 1643; x_wconf 89' lang='lat' dir='ltr'><strong>sententia</strong></span> <span class='ocrx_word' id='word_1_112' title='bbox 724 1583 839 1662; x_wconf 89' lang='lat' dir='ltr'><strong>primas</strong></span> <span class='ocrx_word' id='word_1_113' title='bbox 872 1583 1097 1662; x_wconf 87' lang='lat' dir='ltr'><strong>promissionis,</strong></span> 
     </span>
     <span class='ocr_line' id='line_1_17' title="bbox 179 1665 1098 1745; baseline 0 -21"><span class='ocrx_word' id='word_1_114' title='bbox 179 1684 246 1725; x_wconf 86' lang='lat' dir='ltr'><strong>oum</strong></span> <span class='ocrx_word' id='word_1_115' title='bbox 271 1657 435 1726; x_wconf 89' lang='lat' dir='ltr'><strong>dioitnrad</strong></span> <span class='ocrx_word' id='word_1_116' title='bbox 458 1671 632 1745; x_wconf 88' lang='lat' dir='ltr'><strong>serpentem</strong></span> <span class='ocrx_word' id='word_1_117' title='bbox 656 1665 755 1731; x_wconf 80' lang='lat' dir='ltr'><strong>Gerre.</strong></span> <span class='ocrx_word' id='word_1_118' title='bbox 779 1667 817 1730; x_wconf 86' lang='lat'><strong>3:-</strong></span> <span class='ocrx_word' id='word_1_119' title='bbox 844 1665 1021 1726; x_wconf 77' lang='lat' dir='ltr'><strong>Inimicitias</strong></span> <span class='ocrx_word' id='word_1_120' title='bbox 1044 1680 1098 1745; x_wconf 89' lang='lat' dir='ltr'><strong>po·</strong></span> 
     </span>
     <span class='ocr_line' id='line_1_18' title="bbox 178 1744 1100 1825; baseline 0.001 -19"><span class='ocrx_word' id='word_1_121' title='bbox 178 1767 249 1807; x_wconf 86' lang='lat' dir='ltr'><strong>nam</strong></span> <span class='ocrx_word' id='word_1_122' title='bbox 272 1749 350 1808; x_wconf 91' lang='lat' dir='ltr'><strong>inter</strong></span> <span class='ocrx_word' id='word_1_123' title='bbox 371 1754 401 1809; x_wconf 92' lang='lat' dir='ltr'><strong>te</strong></span> <span class='ocrx_word' id='word_1_124' title='bbox 424 1754 454 1808; x_wconf 89' lang='lat' dir='ltr'><strong>et</strong></span> <span class='ocrx_word' id='word_1_125' title='bbox 475 1744 643 1825; x_wconf 85' lang='lat' dir='ltr'><strong>mulierem,</strong></span> <span class='ocrx_word' id='word_1_126' title='bbox 668 1755 699 1808; x_wconf 91' lang='lat' dir='ltr'><strong>et</strong></span> <span class='ocrx_word' id='word_1_127' title='bbox 719 1750 799 1808; x_wconf 89' lang='lat' dir='ltr'><strong>inter</strong></span> <span class='ocrx_word' id='word_1_128' title='bbox 820 1768 924 1808; x_wconf 89' lang='lat' dir='ltr'><strong>semen</strong></span> <span class='ocrx_word' id='word_1_129' title='bbox 948 1755 1032 1807; x_wconf 89' lang='lat' dir='ltr'><strong>tuum</strong></span> <span class='ocrx_word' id='word_1_130' title='bbox 1062 1765 1100 1807; x_wconf 88' lang='lat' dir='ltr'><strong>ae</strong></span> 
     </span>
     <span class='ocr_line' id='line_1_19' title="bbox 108 1830 1099 1927; baseline 0.002 -39"><span class='ocrx_word' id='word_1_131' title='bbox 108 1859 111 1865; x_wconf 92' lang='lat'><strong>·</strong></span> <span class='ocrx_word' id='word_1_132' title='bbox 178 1850 281 1890; x_wconf 89' lang='lat' dir='ltr'><strong>semen</strong></span> <span class='ocrx_word' id='word_1_133' title='bbox 304 1831 425 1909; x_wconf 87' lang='lat' dir='ltr'><strong>illius,</strong></span> <span class='ocrx_word' id='word_1_134' title='bbox 418 1850 530 1927; x_wconf 38' lang='lat' dir='ltr'><strong>ipsum.</strong></span> <span class='ocrx_word' id='word_1_135' title='bbox 540 1836 712 1891; x_wconf 84' lang='lat' dir='ltr'><strong>conterett</strong></span> <span class='ocrx_word' id='word_1_136' title='bbox 700 1830 754 1892; x_wconf 91' lang='lat' dir='ltr'><strong>tibi</strong></span> <span class='ocrx_word' id='word_1_137' title='bbox 778 1837 892 1910; x_wconf 90' lang='lat' dir='ltr'><strong>eaput,</strong></span> <span class='ocrx_word' id='word_1_138' title='bbox 914 1837 944 1890; x_wconf 92' lang='lat' dir='ltr'><strong>et</strong></span> <span class='ocrx_word' id='word_1_139' title='bbox 966 1837 998 1891; x_wconf 92' lang='lat' dir='ltr'><strong>tu</strong></span> <span class='ocrx_word' id='word_1_140' title='bbox 1019 1844 1099 1890; x_wconf 90' lang='lat' dir='ltr'><strong>mor·</strong></span> 
     </span>
     <span class='ocr_line' id='line_1_20' title="bbox 178 1912 1097 2012; baseline 0 -39"><span class='ocrx_word' id='word_1_141' title='bbox 178 1912 264 1973; x_wconf 89' lang='lat' dir='ltr'><strong>debis</strong></span> <span class='ocrx_word' id='word_1_142' title='bbox 301 1914 480 1973; x_wconf 85' lang='lat' dir='ltr'><strong>ealeeneum</strong></span> <span class='ocrx_word' id='word_1_143' title='bbox 504 1914 578 1978; x_wconf 91' lang='lat' dir='ltr'><strong>eius</strong></span> <span class='ocrx_word' id='word_1_144' title='bbox 633 1914 690 1973; x_wconf 85' lang='lat' dir='ltr'><strong>Hie</strong></span> <span class='ocrx_word' id='word_1_145' title='bbox 727 1913 814 1974; x_wconf 89' lang='lat' dir='ltr'><strong>audis</strong></span> <span class='ocrx_word' id='word_1_146' title='bbox 850 1913 933 1973; x_wconf 88' lang='lat' dir='ltr'><strong>illam</strong></span> <span class='ocrx_word' id='word_1_147' title='bbox 961 1914 1097 2012; x_wconf 81' lang='lat' dir='ltr'><strong>primam</strong></span> 
     </span>
     <span class='ocr_line' id='line_1_21' title="bbox 178 1995 1097 2079; baseline 0.003 -27"><span class='ocrx_word' id='word_1_148' title='bbox 178 2015 284 2055; x_wconf 88' lang='lat' dir='ltr'><strong>voeem</strong></span> <span class='ocrx_word' id='word_1_149' title='bbox 307 1996 468 2079; x_wconf 78' lang='lat' dir='ltr'><strong>Evangelii</strong></span> <span class='ocrx_word' id='word_1_150' title='bbox 491 1995 529 2056; x_wconf 90' lang='lat' dir='ltr'><strong>de</strong></span> <span class='ocrx_word' id='word_1_151' title='bbox 552 1996 698 2075; x_wconf 82' lang='lat' dir='ltr'><strong>Christo,</strong></span> <span class='ocrx_word' id='word_1_152' title='bbox 728 1998 878 2076; x_wconf 89' lang='lat' dir='ltr'><strong>promisso</strong></span> <span class='ocrx_word' id='word_1_153' title='bbox 913 1999 980 2057; x_wconf 89' lang='lat' dir='ltr'><strong>toti.</strong></span> <span class='ocrx_word' id='word_1_154' title='bbox 991 1996 1097 2076; x_wconf 83' lang='lat' dir='ltr'><strong>generi</strong></span> 
     </span>
     <span class='ocr_line' id='line_1_22' title="bbox 182 2074 1099 2160; baseline 0.002 -23"><span class='ocrx_word' id='word_1_155' title='bbox 182 2074 316 2139; x_wconf 87' lang='lat' dir='ltr'><strong>humano</strong></span> <span class='ocrx_word' id='word_1_156' title='bbox 341 2083 421 2154; x_wconf 91' lang='lat' dir='ltr'><strong>(non</strong></span> <span class='ocrx_word' id='word_1_157' title='bbox 445 2084 562 2139; x_wconf 89' lang='lat' dir='ltr'><strong>tantum</strong></span> <span class='ocrx_word' id='word_1_158' title='bbox 584 2076 754 2156; x_wconf 84' lang='lat' dir='ltr'><strong>Iudaeis),</strong></span> <span class='ocrx_word' id='word_1_159' title='bbox 771 2098 830 2140; x_wconf 91' lang='lat' dir='ltr'><strong>seu</strong></span> <span class='ocrx_word' id='word_1_160' title='bbox 853 2081 1024 2160; x_wconf 75' lang='lat' dir='ltr'><strong>posteritati</strong></span> <span class='ocrx_word' id='word_1_161' title='bbox 1049 2098 1099 2139; x_wconf 89' lang='lat' dir='ltr'><strong>na·</strong></span> 
     </span>
     <span class='ocr_line' id='line_1_23' title="bbox 178 2161 1096 2241; baseline 0.002 -22"><span class='ocrx_word' id='word_1_162' title='bbox 178 2162 309 2220; x_wconf 75' lang='lat' dir='ltr'><strong>sciturae</strong></span> <span class='ocrx_word' id='word_1_163' title='bbox 331 2181 370 2220; x_wconf 91' lang='lat' dir='ltr'><strong>ex</strong></span> <span class='ocrx_word' id='word_1_164' title='bbox 401 2163 506 2241; x_wconf 88' lang='lat' dir='ltr'><strong>primis</strong></span> <span class='ocrx_word' id='word_1_165' title='bbox 535 2163 722 2241; x_wconf 87' lang='lat' dir='ltr'><strong>parentibus,</strong></span> <span class='ocrx_word' id='word_1_166' title='bbox 755 2161 898 2222; x_wconf 87' lang='lat' dir='ltr'><strong>videlieet</strong></span> <span class='ocrx_word' id='word_1_167' title='bbox 933 2168 1096 2222; x_wconf 87' lang='lat' dir='ltr'><strong>venturum</strong></span> 
     </span>
    </p>
   </div>
   <div class='ocr_carea' id='block_1_7' title="bbox 82 2243 1097 2325">
    <p class='ocr_par' dir='ltr' id='par_1_8' title="bbox 82 2243 1097 2325">
     <span class='ocr_line' id='line_1_24' title="bbox 82 2243 1097 2325; baseline 0.003 -22"><span class='ocrx_word' id='word_1_168' title='bbox 82 2248 107 2258; x_wconf 81' lang='grc'>”</span> <span class='ocrx_word' id='word_1_169' title='bbox 178 2262 246 2303; x_wconf 88' lang='lat' dir='ltr'><strong>esse</strong></span> <span class='ocrx_word' id='word_1_170' title='bbox 267 2263 393 2320; x_wconf 89' lang='lat' dir='ltr'><strong>semen,</strong></span> <span class='ocrx_word' id='word_1_171' title='bbox 416 2263 477 2305; x_wconf 90' lang='lat' dir='ltr'><strong>non</strong></span> <span class='ocrx_word' id='word_1_172' title='bbox 502 2245 556 2304; x_wconf 88' lang='lat' dir='ltr'><strong>viri</strong></span> <span class='ocrx_word' id='word_1_173' title='bbox 580 2244 633 2304; x_wconf 91' lang='lat' dir='ltr'><strong>sed</strong></span> <span class='ocrx_word' id='word_1_174' title='bbox 658 2245 800 2324; x_wconf 90' lang='lat' dir='ltr'><strong>mulieris,</strong></span> <span class='ocrx_word' id='word_1_175' title='bbox 824 2247 874 2324; x_wconf 90' lang='lat' dir='ltr'><strong>qui</strong></span> <span class='ocrx_word' id='word_1_176' title='bbox 897 2243 999 2305; x_wconf 88' lang='lat' dir='ltr'><strong>deleto</strong></span> <span class='ocrx_word' id='word_1_177' title='bbox 1023 2263 1097 2325; x_wconf 84' lang='lat' dir='ltr'><strong>pee-</strong></span> 
     </span>
    </p>
   </div>
   <div class='ocr_carea' id='block_1_8' title="bbox 177 2326 1113 2805">
    <p class='ocr_par' dir='ltr' id='par_1_9' title="bbox 177 2326 1097 2654">
     <span class='ocr_line' id='line_1_25' title="bbox 177 2326 1097 2424; baseline 0.002 -40"><span class='ocrx_word' id='word_1_178' title='bbox 177 2333 256 2404; x_wconf 85' lang='lat' dir='ltr'><strong>nato,</strong></span> <span class='ocrx_word' id='word_1_179' title='bbox 280 2326 395 2387; x_wconf 89' lang='lat' dir='ltr'><strong>abolita</strong></span> <span class='ocrx_word' id='word_1_180' title='bbox 418 2333 516 2388; x_wconf 91' lang='lat' dir='ltr'><strong>morte</strong></span> <span class='ocrx_word' id='word_1_181' title='bbox 538 2333 568 2387; x_wconf 89' lang='lat' dir='ltr'><strong>et</strong></span> <span class='ocrx_word' id='word_1_182' title='bbox 590 2327 772 2388; x_wconf 86' lang='lat' dir='ltr'><strong>eononloata</strong></span> <span class='ocrx_word' id='word_1_183' title='bbox 793 2333 947 2424; x_wconf 78' lang='lat' dir='ltr'><strong>potestate</strong></span> <span class='ocrx_word' id='word_1_184' title='bbox 983 2326 1097 2388; x_wconf 90' lang='lat' dir='ltr'><strong>diaboli</strong></span> 
     </span>
     <span class='ocr_line' id='line_1_26' title="bbox 177 2410 1097 2491; baseline 0.001 -23"><span class='ocrx_word' id='word_1_185' title='bbox 177 2410 354 2469; x_wconf 87' lang='lat' dir='ltr'><strong>humanum</strong></span> <span class='ocrx_word' id='word_1_186' title='bbox 364 2429 461 2490; x_wconf 87' lang='lat' dir='ltr'><strong>genus</strong></span> <span class='ocrx_word' id='word_1_187' title='bbox 486 2410 640 2472; x_wconf 86' lang='lat' dir='ltr'><strong>liberaret</strong></span> <span class='ocrx_word' id='word_1_188' title='bbox 698 2410 774 2471; x_wconf 86' lang='lat' dir='ltr'><strong>Huie</strong></span> <span class='ocrx_word' id='word_1_189' title='bbox 795 2411 992 2491; x_wconf 85' lang='lat' dir='ltr'><strong>promissioni</strong></span> <span class='ocrx_word' id='word_1_190' title='bbox 1029 2412 1097 2470; x_wconf 84' lang='lat' dir='ltr'><strong>enm</strong></span> 
     </span>
     <span class='ocr_line' id='line_1_27' title="bbox 182 2490 1098 2574; baseline 0.003 -24"><span class='ocrx_word' id='word_1_191' title='bbox 182 2491 344 2554; x_wconf 86' lang='lat' dir='ltr'><strong>crederent</strong></span> <span class='ocrx_word' id='word_1_192' title='bbox 368 2490 465 2554; x_wconf 90' lang='lat' dir='ltr'><strong>Adam</strong></span> <span class='ocrx_word' id='word_1_193' title='bbox 491 2499 522 2552; x_wconf 85' lang='lat' dir='ltr'><strong>et</strong></span> <span class='ocrx_word' id='word_1_194' title='bbox 543 2495 608 2553; x_wconf 91' lang='lat' dir='ltr'><strong>eius</strong></span> <span class='ocrx_word' id='word_1_195' title='bbox 630 2495 774 2574; x_wconf 65' lang='lat' dir='ltr'><strong>posteri,¹</strong></span> <span class='ocrx_word' id='word_1_196' title='bbox 768 2493 909 2554; x_wconf 87' lang='lat' dir='ltr'><strong>haelide</strong></span> <span class='ocrx_word' id='word_1_197' title='bbox 931 2513 949 2552; x_wconf 91' lang='lat' dir='ltr'><strong>a</strong></span> <span class='ocrx_word' id='word_1_198' title='bbox 971 2494 1038 2555; x_wconf 87' lang='lat' dir='ltr'><strong>Deo</strong></span> <span class='ocrx_word' id='word_1_199' title='bbox 1052 2513 1098 2553; x_wconf 92' lang='lat' dir='ltr'><strong>re·</strong></span> 
     </span>
     <span class='ocr_line' id='line_1_28' title="bbox 177 2575 715 2654; baseline 0.004 -21"><span class='ocrx_word' id='word_1_200' title='bbox 177 2577 256 2654; x_wconf 85' lang='lat' dir='ltr'><strong>nepti</strong></span> <span class='ocrx_word' id='word_1_201' title='bbox 281 2582 311 2635; x_wconf 80' lang='lat' dir='ltr'><strong>et·</strong></span> <span class='ocrx_word' id='word_1_202' title='bbox 333 2575 408 2636; x_wconf 86' lang='lat' dir='ltr'><strong>salvi</strong></span> <span class='ocrx_word' id='word_1_203' title='bbox 430 2577 501 2636; x_wconf 86' lang='lat' dir='ltr'><strong>faeti</strong></span> <span class='ocrx_word' id='word_1_204' title='bbox 524 2580 602 2639; x_wconf 89' lang='lat' dir='ltr'><strong>sunt</strong></span> <span class='ocrx_word' id='word_1_205' title='bbox 713 2589 715 2594; x_wconf 87' lang='grc'><strong><em>·</em></strong></span> 
     </span>
    </p>

    <p class='ocr_par' dir='ltr' id='par_1_10' title="bbox 178 2658 1113 2805">
     <span class='ocr_line' id='line_1_29' title="bbox 258 2658 1098 2739; baseline 0.001 -22"><span class='ocrx_word' id='word_1_206' title='bbox 258 2658 344 2718; x_wconf 85' lang='lat' dir='ltr'><strong>Haeo</strong></span> <span class='ocrx_word' id='word_1_207' title='bbox 364 2660 527 2738; x_wconf 89' lang='lat' dir='ltr'><strong>promissio</strong></span> <span class='ocrx_word' id='word_1_208' title='bbox 552 2664 661 2738; x_wconf 83' lang='lat' dir='ltr'><strong>postea</strong></span> <span class='ocrx_word' id='word_1_209' title='bbox 688 2659 798 2719; x_wconf 89' lang='lat' dir='ltr'><strong>elarius</strong></span> <span class='ocrx_word' id='word_1_210' title='bbox 821 2659 951 2739; x_wconf 87' lang='lat' dir='ltr'><strong>repetita</strong></span> <span class='ocrx_word' id='word_1_211' title='bbox 974 2662 1038 2735; x_wconf 86' lang='lat' dir='ltr'><strong>est,</strong></span> <span class='ocrx_word' id='word_1_212' title='bbox 1067 2665 1098 2718; x_wconf 92' lang='lat' dir='ltr'><strong>et</strong></span> 
     </span>
     <span class='ocr_line' id='line_1_30' title="bbox 178 2739 1113 2805; baseline -0.002 -5"><span class='ocrx_word' id='word_1_213' title='bbox 178 2739 288 2801; x_wconf 89' lang='lat' dir='ltr'><strong>tradita</strong></span> <span class='ocrx_word' id='word_1_214' title='bbox 309 2740 453 2802; x_wconf 88' lang='lat' dir='ltr'><strong>Abrahae</strong></span> <span class='ocrx_word' id='word_1_215' title='bbox 484 2741 560 2803; x_wconf 84' lang='lat' dir='ltr'><strong>Gen.</strong></span> <span class='ocrx_word' id='word_1_216' title='bbox 587 2744 642 2805; x_wconf 73' lang='lat'><strong>12:</strong></span> <span class='ocrx_word' id='word_1_217' title='bbox 674 2742 706 2802; x_wconf 91' lang='lat' dir='ltr'><strong>ln</strong></span> <span class='ocrx_word' id='word_1_218' title='bbox 739 2743 856 2803; x_wconf 92' lang='lat' dir='ltr'><strong>semine</strong></span> <span class='ocrx_word' id='word_1_219' title='bbox 886 2747 938 2801; x_wconf 92' lang='lat' dir='ltr'><strong>tuo</strong></span> <span class='ocrx_word' id='word_1_220' title='bbox 974 2740 1113 2801; x_wconf 83' lang='lat' dir='ltr'><strong>benedi.</strong></span> 
     </span>
    </p>
   </div>
   <div class='ocr_carea' id='block_1_9' title="bbox 64 2812 1097 2901">
    <p class='ocr_par' dir='ltr' id='par_1_11' title="bbox 64 2812 1097 2901">
     <span class='ocr_line' id='line_1_31' title="bbox 64 2812 1097 2901; baseline 0.002 -19"><span class='ocrx_word' id='word_1_221' title='bbox 64 2841 67 2846; x_wconf 90' lang='lat'>·</span> <span class='ocrx_word' id='word_1_222' title='bbox 104 2812 115 2829; x_wconf 71' lang='lat'><strong>⁹</strong></span> <span class='ocrx_word' id='word_1_223' title='bbox 177 2831 283 2883; x_wconf 79' lang='lat' dir='ltr'><strong>centur·</strong></span> <span class='ocrx_word' id='word_1_224' title='bbox 306 2843 412 2883; x_wconf 88' lang='lat' dir='ltr'><strong>omnes</strong></span> <span class='ocrx_word' id='word_1_225' title='bbox 434 2830 552 2901; x_wconf 86' lang='lat' dir='ltr'><strong>gentes.</strong></span> <span class='ocrx_word' id='word_1_226' title='bbox 591 2824 677 2885; x_wconf 86' lang='lat' dir='ltr'><strong>Haeo</strong></span> <span class='ocrx_word' id='word_1_227' title='bbox 699 2833 760 2884; x_wconf 91' lang='lat' dir='ltr'><strong>tum</strong></span> <span class='ocrx_word' id='word_1_228' title='bbox 782 2817 1097 2885; x_wconf 55' lang='lat' dir='ltr'><strong>fuitsenundativanz</strong></span> 
     </span>
    </p>
   </div>
   <div class='ocr_carea' id='block_1_10' title="bbox 176 2904 1097 3815">
    <p class='ocr_par' dir='ltr' id='par_1_12' title="bbox 176 2904 1097 3302">
     <span class='ocr_line' id='line_1_32' title="bbox 178 2904 1097 2986; baseline 0.001 -21"><span class='ocrx_word' id='word_1_229' title='bbox 178 2906 249 2985; x_wconf 86' lang='lat' dir='ltr'><strong>getii</strong></span> <span class='ocrx_word' id='word_1_230' title='bbox 283 2907 462 2967; x_wconf 86' lang='lat' dir='ltr'><strong>instauratio</strong></span> <span class='ocrx_word' id='word_1_231' title='bbox 496 2906 534 2967; x_wconf 92' lang='lat' dir='ltr'><strong>de</strong></span> <span class='ocrx_word' id='word_1_232' title='bbox 564 2904 686 2970; x_wconf 81' lang='lat' dir='ltr'><strong>Christo</strong></span> <span class='ocrx_word' id='word_1_233' title='bbox 720 2909 875 2968; x_wconf 84' lang='lat' dir='ltr'><strong>nascituro</strong></span> <span class='ocrx_word' id='word_1_234' title='bbox 909 2905 1033 2986; x_wconf 90' lang='lat' dir='ltr'><strong>quidem</strong></span> <span class='ocrx_word' id='word_1_235' title='bbox 1057 2927 1097 2966; x_wconf 89' lang='lat' dir='ltr'><strong>ex</strong></span> 
     </span>
     <span class='ocr_line' id='line_1_33' title="bbox 177 2988 1096 3067; baseline 0.001 -19"><span class='ocrx_word' id='word_1_236' title='bbox 177 2989 293 3049; x_wconf 89' lang='lat' dir='ltr'><strong>semine</strong></span> <span class='ocrx_word' id='word_1_237' title='bbox 316 2988 474 3067; x_wconf 87' lang='lat' dir='ltr'><strong>Abrahae,</strong></span> <span class='ocrx_word' id='word_1_238' title='bbox 499 2989 552 3053; x_wconf 90' lang='lat' dir='ltr'><strong>sed</strong></span> <span class='ocrx_word' id='word_1_239' title='bbox 575 2991 626 3067; x_wconf 87' lang='lat' dir='ltr'><strong>ita,</strong></span> <span class='ocrx_word' id='word_1_240' title='bbox 647 2996 689 3055; x_wconf 86' lang='lat' dir='ltr'><strong>ut</strong></span> <span class='ocrx_word' id='word_1_241' title='bbox 712 2992 777 3050; x_wconf 89' lang='lat' dir='ltr'><strong>eins</strong></span> <span class='ocrx_word' id='word_1_242' title='bbox 810 2989 989 3051; x_wconf 79' lang='lat' dir='ltr'><strong>beneficium</strong></span> <span class='ocrx_word' id='word_1_243' title='bbox 1041 3009 1096 3050; x_wconf 91' lang='lat' dir='ltr'><strong>seu</strong></span> 
     </span>
     <span class='ocr_line' id='line_1_34' title="bbox 176 3070 1096 3153; baseline 0.004 -24"><span class='ocrx_word' id='word_1_244' title='bbox 176 3070 347 3132; x_wconf 76' lang='lat' dir='ltr'><strong>benedictin</strong></span> <span class='ocrx_word' id='word_1_245' title='bbox 361 3073 538 3132; x_wconf 90' lang='lat' dir='ltr'><strong>nominatim</strong></span> <span class='ocrx_word' id='word_1_246' title='bbox 561 3072 781 3153; x_wconf 89' lang='lat' dir='ltr'><strong>intelligeretur</strong></span> <span class='ocrx_word' id='word_1_247' title='bbox 795 3074 948 3153; x_wconf 86' lang='lat' dir='ltr'><strong>pertinere</strong></span> <span class='ocrx_word' id='word_1_248' title='bbox 970 3072 1009 3133; x_wconf 91' lang='lat' dir='ltr'><strong>ad</strong></span> <span class='ocrx_word' id='word_1_249' title='bbox 1033 3090 1096 3133; x_wconf 87' lang='lat' dir='ltr'><strong>orn·</strong></span> 
     </span>
     <span class='ocr_line' id='line_1_35' title="bbox 176 3155 1095 3296; baseline 0.002 -83"><span class='ocrx_word' id='word_1_250' title='bbox 176 3173 231 3296; x_wconf 62' lang='lat' dir='ltr'><strong>ppo</strong></span> <span class='ocrx_word' id='word_1_251' title='bbox 263 3160 392 3234; x_wconf 80' lang='lat' dir='ltr'><strong>gentes,</strong></span> <span class='ocrx_word' id='word_1_252' title='bbox 425 3158 505 3217; x_wconf 86' lang='lat' dir='ltr'><strong>sieut</strong></span> <span class='ocrx_word' id='word_1_253' title='bbox 537 3156 646 3217; x_wconf 90' lang='lat' dir='ltr'><strong>Paulus</strong></span> <span class='ocrx_word' id='word_1_254' title='bbox 682 3155 763 3215; x_wconf 89' lang='lat' dir='ltr'><strong>hune</strong></span> <span class='ocrx_word' id='word_1_255' title='bbox 783 3155 885 3217; x_wconf 90' lang='lat' dir='ltr'><strong>loonm</strong></span> <span class='ocrx_word' id='word_1_256' title='bbox 910 3162 1033 3216; x_wconf 87' lang='lat' dir='ltr'><strong>enarrat</strong></span> <span class='ocrx_word' id='word_1_257' title='bbox 1056 3155 1095 3217; x_wconf 90' lang='lat' dir='ltr'><strong>ad</strong></span> 
     </span>
     <span class='ocr_line' id='line_1_36' title="bbox 206 3237 296 3302; baseline 0.022 -6"><span class='ocrx_word' id='word_1_258' title='bbox 206 3237 243 3299; x_wconf 92' lang='lat' dir='ltr'><strong>al.</strong></span> <span class='ocrx_word' id='word_1_259' title='bbox 268 3240 296 3302; x_wconf 82' lang='lat'><strong>3.</strong></span> 
     </span>
    </p>

    <p class='ocr_par' dir='ltr' id='par_1_13' title="bbox 176 3319 1097 3815">
     <span class='ocr_line' id='line_1_37' title="bbox 258 3319 1097 3402; baseline -0.001 -22"><span class='ocrx_word' id='word_1_260' title='bbox 258 3319 311 3380; x_wconf 88' lang='lat' dir='ltr'><strong>His</strong></span> <span class='ocrx_word' id='word_1_261' title='bbox 345 3319 598 3400; x_wconf 88' lang='lat' dir='ltr'><strong>promissionibus</strong></span> <span class='ocrx_word' id='word_1_262' title='bbox 637 3321 758 3401; x_wconf 80' lang='lat' dir='ltr'><strong>agitatis</strong></span> <span class='ocrx_word' id='word_1_263' title='bbox 789 3341 807 3380; x_wconf 83' lang='lat' dir='ltr'><strong>a</strong></span> <span class='ocrx_word' id='word_1_264' title='bbox 840 3320 977 3402; x_wconf 87' lang='lat' dir='ltr'><strong>patribus</strong></span> <span class='ocrx_word' id='word_1_265' title='bbox 1011 3320 1097 3381; x_wconf 87' lang='lat' dir='ltr'><strong>addit</strong></span> 
     </span>
     <span class='ocr_line' id='line_1_38' title="bbox 176 3402 1093 3485; baseline 0.001 -23"><span class='ocrx_word' id='word_1_266' title='bbox 176 3402 307 3463; x_wconf 87' lang='lat' dir='ltr'><strong>Moses</strong></span> <span class='ocrx_word' id='word_1_267' title='bbox 299 3422 366 3483; x_wconf 90' lang='lat' dir='ltr'><strong>rpse</strong></span> <span class='ocrx_word' id='word_1_268' title='bbox 388 3404 581 3463; x_wconf 85' lang='lat' dir='ltr'><strong>manifestum</strong></span> <span class='ocrx_word' id='word_1_269' title='bbox 607 3405 781 3464; x_wconf 78' lang='lat' dir='ltr'><strong>vaticinium</strong></span> <span class='ocrx_word' id='word_1_270' title='bbox 805 3404 842 3464; x_wconf 92' lang='lat' dir='ltr'><strong>de</strong></span> <span class='ocrx_word' id='word_1_271' title='bbox 867 3404 999 3485; x_wconf 81' lang='lat' dir='ltr'><strong>Christo,</strong></span> <span class='ocrx_word' id='word_1_272' title='bbox 1024 3422 1093 3464; x_wconf 91' lang='lat' dir='ltr'><strong>oum</strong></span> 
     </span>
     <span class='ocr_line' id='line_1_39' title="bbox 176 3485 1097 3567; baseline 0.003 -24"><span class='ocrx_word' id='word_1_273' title='bbox 176 3486 218 3543; x_wconf 88' lang='lat' dir='ltr'><strong>ait</strong></span> <span class='ocrx_word' id='word_1_274' title='bbox 240 3485 276 3545; x_wconf 91' lang='lat' dir='ltr'><strong>ad</strong></span> <span class='ocrx_word' id='word_1_275' title='bbox 300 3486 458 3566; x_wconf 90' lang='lat' dir='ltr'><strong>populum</strong></span> <span class='ocrx_word' id='word_1_276' title='bbox 480 3486 626 3550; x_wconf 88' lang='lat' dir='ltr'><strong>Deutero</strong></span> <span class='ocrx_word' id='word_1_277' title='bbox 651 3488 704 3552; x_wconf 81' lang='lat'><strong>18:</strong></span> <span class='ocrx_word' id='word_1_278' title='bbox 727 3485 914 3567; x_wconf 89' lang='lat' dir='ltr'><strong>Prophetam</strong></span> <span class='ocrx_word' id='word_1_279' title='bbox 937 3487 1097 3558; x_wconf 83' lang='lat' dir='ltr'><strong>suseitabit</strong></span> 
     </span>
     <span class='ocr_line' id='line_1_40' title="bbox 177 3564 1097 3650; baseline 0.004 -24"><span class='ocrx_word' id='word_1_280' title='bbox 177 3568 231 3628; x_wconf 89' lang='lat' dir='ltr'><strong>libi</strong></span> <span class='ocrx_word' id='word_1_281' title='bbox 253 3570 404 3635; x_wconf 80' lang='lat' dir='ltr'><strong>Dominus</strong></span> <span class='ocrx_word' id='word_1_282' title='bbox 422 3589 462 3630; x_wconf 87' lang='lat' dir='ltr'><strong>ex</strong></span> <span class='ocrx_word' id='word_1_283' title='bbox 486 3569 626 3631; x_wconf 85' lang='lat' dir='ltr'><strong>iratribus</strong></span> <span class='ocrx_word' id='word_1_284' title='bbox 649 3571 718 3650; x_wconf 88' lang='lat' dir='ltr'><strong>tuis,</strong></span> <span class='ocrx_word' id='word_1_285' title='bbox 741 3569 822 3631; x_wconf 88' lang='lat' dir='ltr'><strong>hune</strong></span> <span class='ocrx_word' id='word_1_286' title='bbox 845 3564 994 3649; x_wconf 90' lang='lat' dir='ltr'><strong>audietis,</strong></span> <span class='ocrx_word' id='word_1_287' title='bbox 1017 3570 1097 3630; x_wconf 86' lang='lat' dir='ltr'><strong>sieut</strong></span> 
     </span>
     <span class='ocr_line' id='line_1_41' title="bbox 176 3617 1096 3728; baseline 0.002 -18"><span class='ocrx_word' id='word_1_288' title='bbox 176 3651 336 3728; x_wconf 89' lang='lat' dir='ltr'><strong>postulasti</strong></span> <span class='ocrx_word' id='word_1_289' title='bbox 370 3672 389 3711; x_wconf 92' lang='lat' dir='ltr'><strong>a</strong></span> <span class='ocrx_word' id='word_1_290' title='bbox 418 3652 552 3713; x_wconf 89' lang='lat' dir='ltr'><strong>Domino</strong></span> <span class='ocrx_word' id='word_1_291' title='bbox 588 3653 656 3713; x_wconf 88' lang='lat' dir='ltr'><strong>Deo</strong></span> <span class='ocrx_word' id='word_1_292' title='bbox 691 3619 744 3713; x_wconf 80' lang='lat' dir='ltr'><strong>tdo</strong></span> <span class='ocrx_word' id='word_1_293' title='bbox 776 3653 806 3712; x_wconf 93' lang='lat' dir='ltr'><strong>in</strong></span> <span class='ocrx_word' id='word_1_294' title='bbox 843 3651 947 3713; x_wconf 90' lang='lat' dir='ltr'><strong>Horeb</strong></span> <span class='ocrx_word' id='word_1_295' title='bbox 970 3617 1027 3713; x_wconf 72' lang='lat' dir='ltr'><strong>elo</strong></span> <span class='ocrx_word' id='word_1_296' title='bbox 1066 3664 1096 3713; x_wconf 90' lang='lat' dir='ltr'><strong>et</strong></span> 
     </span>
     <span class='ocr_line' id='line_1_42' title="bbox 176 3734 1094 3815; baseline 0.002 -23"><span class='ocrx_word' id='word_1_297' title='bbox 176 3753 248 3794; x_wconf 86' lang='lat' dir='ltr'><strong>mox</strong></span> <span class='ocrx_word' id='word_1_298' title='bbox 272 3735 381 3813; x_wconf 87' lang='lat' dir='ltr'><strong>repetit</strong></span> <span class='ocrx_word' id='word_1_299' title='bbox 403 3735 496 3795; x_wconf 90' lang='lat' dir='ltr'><strong>verba</strong></span> <span class='ocrx_word' id='word_1_300' title='bbox 518 3734 676 3815; x_wconf 88' lang='lat' dir='ltr'><strong>adipsum</strong></span> <span class='ocrx_word' id='word_1_301' title='bbox 700 3735 795 3796; x_wconf 87' lang='lat' dir='ltr'><strong>faeta:</strong></span> <span class='ocrx_word' id='word_1_302' title='bbox 828 3736 868 3795; x_wconf 80' lang='lat' dir='ltr'><strong>Et</strong></span> <span class='ocrx_word' id='word_1_303' title='bbox 889 3734 965 3795; x_wconf 89' lang='lat' dir='ltr'><strong>dixit</strong></span> <span class='ocrx_word' id='word_1_304' title='bbox 988 3735 1094 3813; x_wconf 89' lang='lat' dir='ltr'><strong>Domi-</strong></span> 
     </span>
    </p>
   </div>
   <div class='ocr_carea' id='block_1_11' title="bbox 0 0 1180 4162">
    <p class='ocr_par' dir='ltr' id='par_1_14' title="bbox 0 0 1180 4162">
     <span class='ocr_line' id='line_1_43' title="bbox 0 0 1180 4162; baseline 0 0"><span class='ocrx_word' id='word_1_305' title='bbox 0 0 1180 4162; x_wconf 95' lang='lat' dir='ltr'><strong> </strong></span> 
     </span>
    </p>
   </div>
  </div>
 </body>
</html>
