<?xml version="1.0" encoding="UTF-8"?>
<!DOCTYPE html PUBLIC "-//W3C//DTD XHTML 1.0 Transitional//EN"
    "http://www.w3.org/TR/xhtml1/DTD/xhtml1-transitional.dtd">
<html xmlns="http://www.w3.org/1999/xhtml" xml:lang="en" lang="en">
 <head>
  <title>
</title>
<meta http-equiv="Content-Type" content="text/html;charset=utf-8" />
  <meta name='ocr-system' content='tesseract 3.04.00' />
  <meta name='ocr-capabilities' content='ocr_page ocr_carea ocr_par ocr_line ocrx_word'/>
</head>
<body>
  <div class='ocr_page' id='page_1' title='image "./dmartinilutheri02luthgoog_0411.png"; bbox 0 0 2348 4162; ppageno 0'>
   <div class='ocr_carea' id='block_1_1' title="bbox 102 224 925 329">
    <p class='ocr_par' dir='ltr' id='par_1_1' title="bbox 102 224 925 329">
     <span class='ocr_line' id='line_1_1' title="bbox 102 224 925 329; baseline -0.01 -10"><span class='ocrx_word' id='word_1_1' title='bbox 102 314 111 329; x_wconf 86' lang='lat'>,</span> <span class='ocrx_word' id='word_1_2' title='bbox 194 224 266 319; x_wconf 59' lang='lat'><strong>&#39;398</strong></span> <span class='ocrx_word' id='word_1_3' title='bbox 408 253 610 311; x_wconf 81' lang='lat' dir='ltr'>Oeneiuneulae</span> <span class='ocrx_word' id='word_1_4' title='bbox 628 254 766 324; x_wconf 80' lang='lat' dir='ltr'>quaedam</span> <span class='ocrx_word' id='word_1_5' title='bbox 786 256 818 310; x_wconf 84' lang='lat' dir='ltr'>D.</span> <span class='ocrx_word' id='word_1_6' title='bbox 837 255 873 311; x_wconf 81' lang='lat' dir='ltr'>u.</span> <span class='ocrx_word' id='word_1_7' title='bbox 894 256 925 311; x_wconf 78' lang='lat' dir='ltr'>L,</span> 
     </span>
    </p>
   </div>
   <div class='ocr_carea' id='block_1_2' title="bbox 203 421 1129 1087">
    <p class='ocr_par' dir='ltr' id='par_1_2' title="bbox 203 421 1129 900">
     <span class='ocr_line' id='line_1_2' title="bbox 205 421 1128 504; baseline 0.002 -21"><span class='ocrx_word' id='word_1_8' title='bbox 205 421 375 484; x_wconf 80' lang='lat' dir='ltr'>cavendum</span> <span class='ocrx_word' id='word_1_9' title='bbox 398 444 417 484; x_wconf 91' lang='lat' dir='ltr'>a</span> <span class='ocrx_word' id='word_1_10' title='bbox 446 423 568 485; x_wconf 81' lang='lat' dir='ltr'>fastidia</span> <span class='ocrx_word' id='word_1_11' title='bbox 590 430 659 504; x_wconf 82' lang='lat' dir='ltr'>eta,</span> <span class='ocrx_word' id='word_1_12' title='bbox 681 423 735 486; x_wconf 85' lang='lat' dir='ltr'>sed</span> <span class='ocrx_word' id='word_1_13' title='bbox 763 423 902 504; x_wconf 83' lang='lat' dir='ltr'><strong>quotidie</strong></span> <span class='ocrx_word' id='word_1_14' title='bbox 929 424 1128 487; x_wconf 87' lang='lat' dir='ltr'>memoranda</span> 
     </span>
     <span class='ocr_line' id='line_1_3' title="bbox 203 508 1127 590; baseline 0 -23"><span class='ocrx_word' id='word_1_15' title='bbox 203 525 261 587; x_wconf 88' lang='lat' dir='ltr'>per</span> <span class='ocrx_word' id='word_1_16' title='bbox 281 526 388 567; x_wconf 82' lang='lat' dir='ltr'>omnes</span> <span class='ocrx_word' id='word_1_17' title='bbox 411 508 652 569; x_wconf 85' lang='lat' dir='ltr'>eiraunratantias</span> <span class='ocrx_word' id='word_1_18' title='bbox 675 526 844 589; x_wconf 80' lang='lat' dir='ltr'>personae,</span> <span class='ocrx_word' id='word_1_19' title='bbox 873 509 1040 590; x_wconf 87' lang='lat' dir='ltr'>temporis,</span> <span class='ocrx_word' id='word_1_20' title='bbox 1063 508 1127 586; x_wconf 87' lang='lat' dir='ltr'>loei,</span> 
     </span>
     <span class='ocr_line' id='line_1_4' title="bbox 204 589 1128 673; baseline 0.004 -25"><span class='ocrx_word' id='word_1_21' title='bbox 204 589 464 670; x_wconf 88' lang='lat' dir='ltr'>adversariorum,</span> <span class='ocrx_word' id='word_1_22' title='bbox 505 591 674 670; x_wconf 78' lang='lat' dir='ltr'>qualitatis,</span> <span class='ocrx_word' id='word_1_23' title='bbox 720 592 912 670; x_wconf 74' lang='lat' dir='ltr'>quantitatis,</span> <span class='ocrx_word' id='word_1_24' title='bbox 949 610 1128 673; x_wconf 81' lang='lat' dir='ltr'>poenarum,</span> 
     </span>
     <span class='ocr_line' id='line_1_5' title="bbox 208 672 1128 755; baseline 0.002 -23"><span class='ocrx_word' id='word_1_25' title='bbox 208 683 355 752; x_wconf 88' lang='lat' dir='ltr'>quantum</span> <span class='ocrx_word' id='word_1_26' title='bbox 377 672 443 734; x_wconf 86' lang='lat' dir='ltr'>fieri</span> <span class='ocrx_word' id='word_1_27' title='bbox 464 682 587 754; x_wconf 81' lang='lat' dir='ltr'>potest·</span> <span class='ocrx_word' id='word_1_28' title='bbox 626 673 686 735; x_wconf 80' lang='lat' dir='ltr'>Sed</span> <span class='ocrx_word' id='word_1_29' title='bbox 709 672 786 734; x_wconf 83' lang='lat' dir='ltr'>haee</span> <span class='ocrx_word' id='word_1_30' title='bbox 815 673 948 736; x_wconf 89' lang='lat' dir='ltr'>breviter</span> <span class='ocrx_word' id='word_1_31' title='bbox 975 673 1128 755; x_wconf 85' lang='lat' dir='ltr'>tangenda</span> 
     </span>
     <span class='ocr_line' id='line_1_6' title="bbox 203 750 1129 898; baseline 0.001 -82"><span class='ocrx_word' id='word_1_32' title='bbox 203 757 269 898; x_wconf 72' lang='lat' dir='ltr'>idetis</span> <span class='ocrx_word' id='word_1_33' title='bbox 291 750 414 837; x_wconf 70' lang='lat' dir='ltr'>diebus,</span> <span class='ocrx_word' id='word_1_34' title='bbox 451 758 522 836; x_wconf 88' lang='lat' dir='ltr'>quia</span> <span class='ocrx_word' id='word_1_35' title='bbox 542 776 591 818; x_wconf 91' lang='lat' dir='ltr'>res</span> <span class='ocrx_word' id='word_1_36' title='bbox 620 756 730 817; x_wconf 88' lang='lat' dir='ltr'>infiniti</span> <span class='ocrx_word' id='word_1_37' title='bbox 758 755 872 818; x_wconf 88' lang='lat' dir='ltr'>laboris</span> <span class='ocrx_word' id='word_1_38' title='bbox 905 763 988 819; x_wconf 87' lang='lat' dir='ltr'>esset</span> <span class='ocrx_word' id='word_1_39' title='bbox 1029 759 1129 819; x_wconf 86' lang='lat' dir='ltr'>amnia</span> 
     </span>
     <span class='ocr_line' id='line_1_7' title="bbox 227 858 328 900; baseline 0.02 -2"><span class='ocrx_word' id='word_1_40' title='bbox 227 858 328 900; x_wconf 83' lang='lat' dir='ltr'>ruere:</span> 
     </span>
    </p>

    <p class='ocr_par' dir='ltr' id='par_1_3' title="bbox 289 921 1127 1005">
     <span class='ocr_line' id='line_1_8' title="bbox 289 921 1127 1005; baseline -0.004 -19"><span class='ocrx_word' id='word_1_41' title='bbox 289 928 317 986; x_wconf 83' lang='lat'>1.</span> <span class='ocrx_word' id='word_1_42' title='bbox 339 921 443 1004; x_wconf 79' lang='lat' dir='ltr'>Quae,</span> <span class='ocrx_word' id='word_1_43' title='bbox 464 922 580 1002; x_wconf 90' lang='lat' dir='ltr'>qualis,</span> <span class='ocrx_word' id='word_1_44' title='bbox 603 928 718 1001; x_wconf 87' lang='lat' dir='ltr'>quanta</span> <span class='ocrx_word' id='word_1_45' title='bbox 739 941 883 1003; x_wconf 85' lang='lat' dir='ltr'>persona,</span> <span class='ocrx_word' id='word_1_46' title='bbox 904 942 985 1004; x_wconf 86' lang='lat' dir='ltr'>quas</span> <span class='ocrx_word' id='word_1_47' title='bbox 1008 925 1127 1005; x_wconf 90' lang='lat' dir='ltr'>patitur.</span> 
     </span>
    </p>

    <p class='ocr_par' dir='ltr' id='par_1_4' title="bbox 286 1002 1128 1087">
     <span class='ocr_line' id='line_1_9' title="bbox 286 1002 1128 1087; baseline -0.004 -17"><span class='ocrx_word' id='word_1_48' title='bbox 286 1009 317 1070; x_wconf 88' lang='lat'>2.</span> <span class='ocrx_word' id='word_1_49' title='bbox 339 1004 438 1082; x_wconf 79' lang='lat' dir='ltr'>Quam</span> <span class='ocrx_word' id='word_1_50' title='bbox 467 1002 594 1087; x_wconf 86' lang='lat' dir='ltr'>indigno</span> <span class='ocrx_word' id='word_1_51' title='bbox 623 1007 692 1066; x_wconf 86' lang='lat' dir='ltr'>loeo</span> <span class='ocrx_word' id='word_1_52' title='bbox 722 1013 753 1066; x_wconf 88' lang='lat' dir='ltr'>et</span> <span class='ocrx_word' id='word_1_53' title='bbox 774 1007 914 1087; x_wconf 76' lang='lat' dir='ltr'>civitate,</span> <span class='ocrx_word' id='word_1_54' title='bbox 948 1006 1000 1070; x_wconf 86' lang='lat' dir='ltr'>ubi</span> <span class='ocrx_word' id='word_1_55' title='bbox 1034 1008 1128 1069; x_wconf 84' lang='lat' dir='ltr'>minus</span> 
     </span>
    </p>
   </div>
   <div class='ocr_carea' id='block_1_3' title="bbox 102 1087 532 1171">
    <p class='ocr_par' dir='ltr' id='par_1_5' title="bbox 102 1087 532 1171">
     <span class='ocr_line' id='line_1_10' title="bbox 102 1087 532 1171; baseline -0.002 -21"><span class='ocrx_word' id='word_1_56' title='bbox 102 1142 107 1157; x_wconf 89' lang='grc'><em>,</em></span> <span class='ocrx_word' id='word_1_57' title='bbox 206 1090 342 1171; x_wconf 90' lang='lat' dir='ltr'>oportuit</span> <span class='ocrx_word' id='word_1_58' title='bbox 362 1088 436 1149; x_wconf 86' lang='lat' dir='ltr'>talia</span> <span class='ocrx_word' id='word_1_59' title='bbox 457 1087 532 1149; x_wconf 86' lang='lat' dir='ltr'>fieri.</span> 
     </span>
    </p>
   </div>
   <div class='ocr_carea' id='block_1_4' title="bbox 169 1170 1126 2148">
    <p class='ocr_par' dir='ltr' id='par_1_6' title="bbox 205 1170 1125 1335">
     <span class='ocr_line' id='line_1_11' title="bbox 284 1170 1125 1252; baseline 0.005 -22"><span class='ocrx_word' id='word_1_60' title='bbox 284 1175 316 1237; x_wconf 87' lang='lat'>3.</span> <span class='ocrx_word' id='word_1_61' title='bbox 340 1170 438 1247; x_wconf 79' lang='lat' dir='ltr'>Quam</span> <span class='ocrx_word' id='word_1_62' title='bbox 461 1171 589 1251; x_wconf 88' lang='lat' dir='ltr'>indigna</span> <span class='ocrx_word' id='word_1_63' title='bbox 612 1177 761 1252; x_wconf 86' lang='lat' dir='ltr'>ternpore,</span> <span class='ocrx_word' id='word_1_64' title='bbox 783 1172 901 1233; x_wconf 87' lang='lat' dir='ltr'>suilieet</span> <span class='ocrx_word' id='word_1_65' title='bbox 921 1175 1125 1251; x_wconf 76' lang='lat' dir='ltr'>sanctissima,</span> 
     </span>
     <span class='ocr_line' id='line_1_12' title="bbox 205 1253 809 1335; baseline 0.002 -20"><span class='ocrx_word' id='word_1_66' title='bbox 205 1263 235 1315; x_wconf 90' lang='lat' dir='ltr'>et</span> <span class='ocrx_word' id='word_1_67' title='bbox 257 1255 398 1315; x_wconf 89' lang='lat' dir='ltr'>amnibus</span> <span class='ocrx_word' id='word_1_68' title='bbox 420 1254 563 1335; x_wconf 86' lang='lat' dir='ltr'>gentibus</span> <span class='ocrx_word' id='word_1_69' title='bbox 586 1253 809 1335; x_wconf 85' lang='lat' dir='ltr'>praesentibus.</span> 
     </span>
    </p>

    <p class='ocr_par' dir='ltr' id='par_1_7' title="bbox 204 1337 1125 1503">
     <span class='ocr_line' id='line_1_13' title="bbox 285 1337 1125 1420; baseline 0.001 -20"><span class='ocrx_word' id='word_1_70' title='bbox 285 1339 315 1400; x_wconf 84' lang='lat'>4.</span> <span class='ocrx_word' id='word_1_71' title='bbox 338 1337 438 1413; x_wconf 76' lang='lat' dir='ltr'>Quam</span> <span class='ocrx_word' id='word_1_72' title='bbox 460 1337 499 1402; x_wconf 89' lang='lat' dir='ltr'>ab</span> <span class='ocrx_word' id='word_1_73' title='bbox 522 1337 649 1419; x_wconf 85' lang='lat' dir='ltr'>indigno</span> <span class='ocrx_word' id='word_1_74' title='bbox 666 1337 858 1420; x_wconf 81' lang='lat' dir='ltr'>adversario,</span> <span class='ocrx_word' id='word_1_75' title='bbox 881 1339 1001 1399; x_wconf 87' lang='lat' dir='ltr'>sailiaet</span> <span class='ocrx_word' id='word_1_76' title='bbox 1014 1338 1125 1420; x_wconf 87' lang='lat' dir='ltr'>popula</span> 
     </span>
     <span class='ocr_line' id='line_1_14' title="bbox 204 1420 790 1503; baseline 0.007 -22"><span class='ocrx_word' id='word_1_77' title='bbox 204 1420 272 1503; x_wconf 87' lang='lat' dir='ltr'>Dei,</span> <span class='ocrx_word' id='word_1_78' title='bbox 296 1422 344 1481; x_wconf 86' lang='lat' dir='ltr'>eui</span> <span class='ocrx_word' id='word_1_79' title='bbox 365 1423 534 1501; x_wconf 85' lang='lat' dir='ltr'>promissus</span> <span class='ocrx_word' id='word_1_80' title='bbox 556 1429 622 1482; x_wconf 87' lang='lat' dir='ltr'>erat</span> <span class='ocrx_word' id='word_1_81' title='bbox 643 1421 790 1485; x_wconf 76' lang='lat' dir='ltr'>Christus.</span> 
     </span>
    </p>

    <p class='ocr_par' dir='ltr' id='par_1_8' title="bbox 169 1503 1126 1750">
     <span class='ocr_line' id='line_1_15' title="bbox 169 1503 1126 1585; baseline -0.003 -17"><span class='ocrx_word' id='word_1_82' title='bbox 169 1564 178 1579; x_wconf 84' lang='grc'><em>,</em></span> <span class='ocrx_word' id='word_1_83' title='bbox 287 1503 316 1568; x_wconf 85' lang='lat'>5.</span> <span class='ocrx_word' id='word_1_84' title='bbox 341 1503 440 1580; x_wconf 79' lang='lat' dir='ltr'>Quam</span> <span class='ocrx_word' id='word_1_85' title='bbox 464 1504 634 1585; x_wconf 84' lang='lat' dir='ltr'>multiplex,</span> <span class='ocrx_word' id='word_1_86' title='bbox 658 1505 751 1579; x_wconf 86' lang='lat' dir='ltr'>varia,</span> <span class='ocrx_word' id='word_1_87' title='bbox 775 1504 888 1585; x_wconf 84' lang='lat' dir='ltr'>gravis,</span> <span class='ocrx_word' id='word_1_88' title='bbox 909 1511 941 1566; x_wconf 84' lang='lat' dir='ltr'>et</span> <span class='ocrx_word' id='word_1_89' title='bbox 962 1524 1028 1567; x_wconf 90' lang='lat' dir='ltr'>non</span> <span class='ocrx_word' id='word_1_90' title='bbox 1049 1506 1080 1565; x_wconf 90' lang='lat' dir='ltr'>in</span> <span class='ocrx_word' id='word_1_91' title='bbox 1098 1523 1126 1565; x_wconf 85' lang='lat' dir='ltr'>re</span> 
     </span>
     <span class='ocr_line' id='line_1_16' title="bbox 205 1587 1126 1670; baseline 0 -23"><span class='ocrx_word' id='word_1_92' title='bbox 205 1593 258 1648; x_wconf 89' lang='lat' dir='ltr'>ant</span> <span class='ocrx_word' id='word_1_93' title='bbox 279 1587 376 1666; x_wconf 86' lang='lat' dir='ltr'>lama,</span> <span class='ocrx_word' id='word_1_94' title='bbox 405 1587 460 1648; x_wconf 91' lang='lat' dir='ltr'>sed</span> <span class='ocrx_word' id='word_1_95' title='bbox 483 1605 613 1669; x_wconf 80' lang='lat' dir='ltr'>corpure</span> <span class='ocrx_word' id='word_1_96' title='bbox 640 1588 708 1668; x_wconf 91' lang='lat' dir='ltr'>ipso</span> <span class='ocrx_word' id='word_1_97' title='bbox 743 1596 775 1648; x_wconf 89' lang='lat' dir='ltr'>et</span> <span class='ocrx_word' id='word_1_98' title='bbox 806 1589 908 1649; x_wconf 89' lang='lat' dir='ltr'>anima</span> <span class='ocrx_word' id='word_1_99' title='bbox 929 1590 1059 1670; x_wconf 88' lang='lat' dir='ltr'>propria</span> <span class='ocrx_word' id='word_1_100' title='bbox 1077 1589 1126 1649; x_wconf 85' lang='lat' dir='ltr'>luit</span> 
     </span>
     <span class='ocr_line' id='line_1_17' title="bbox 206 1688 316 1750; baseline 0.027 -18"><span class='ocrx_word' id='word_1_101' title='bbox 206 1688 316 1750; x_wconf 90' lang='lat' dir='ltr'>poena.</span> 
     </span>
    </p>

    <p class='ocr_par' dir='ltr' id='par_1_9' title="bbox 204 1752 1125 2001">
     <span class='ocr_line' id='line_1_18' title="bbox 288 1752 1124 1834; baseline -0.002 -19"><span class='ocrx_word' id='word_1_102' title='bbox 288 1755 383 1834; x_wconf 83' lang='lat' dir='ltr'>Hane,</span> <span class='ocrx_word' id='word_1_103' title='bbox 406 1754 548 1833; x_wconf 90' lang='lat' dir='ltr'>iuquam,</span> <span class='ocrx_word' id='word_1_104' title='bbox 570 1771 631 1813; x_wconf 89' lang='lat' dir='ltr'>nou</span> <span class='ocrx_word' id='word_1_105' title='bbox 655 1759 785 1833; x_wconf 83' lang='lat' dir='ltr'>possunt</span> <span class='ocrx_word' id='word_1_106' title='bbox 805 1755 866 1815; x_wconf 89' lang='lat' dir='ltr'>isto</span> <span class='ocrx_word' id='word_1_107' title='bbox 889 1761 942 1815; x_wconf 89' lang='lat' dir='ltr'>aut</span> <span class='ocrx_word' id='word_1_108' title='bbox 963 1755 1063 1817; x_wconf 86' lang='lat' dir='ltr'>altero</span> <span class='ocrx_word' id='word_1_109' title='bbox 1082 1752 1124 1814; x_wconf 86' lang='lat' dir='ltr'>(lie</span> 
     </span>
     <span class='ocr_line' id='line_1_19' title="bbox 204 1834 1125 1917; baseline -0.001 -20"><span class='ocrx_word' id='word_1_110' title='bbox 204 1839 308 1898; x_wconf 90' lang='lat' dir='ltr'>omnia</span> <span class='ocrx_word' id='word_1_111' title='bbox 341 1837 503 1917; x_wconf 81' lang='lat' dir='ltr'>explicari,</span> <span class='ocrx_word' id='word_1_112' title='bbox 544 1834 723 1916; x_wconf 84' lang='lat' dir='ltr'>amplilieari</span> <span class='ocrx_word' id='word_1_113' title='bbox 752 1837 797 1897; x_wconf 84' lang='lat' dir='ltr'>sie</span> <span class='ocrx_word' id='word_1_114' title='bbox 826 1843 896 1916; x_wconf 80' lang='lat' dir='ltr'>eta,</span> <span class='ocrx_word' id='word_1_115' title='bbox 941 1837 998 1899; x_wconf 89' lang='lat' dir='ltr'>sed</span> <span class='ocrx_word' id='word_1_116' title='bbox 1035 1837 1125 1899; x_wconf 85' lang='lat' dir='ltr'>obiter</span> 
     </span>
     <span class='ocr_line' id='line_1_20' title="bbox 205 1918 943 2001; baseline 0 -20"><span class='ocrx_word' id='word_1_117' title='bbox 205 1920 360 2001; x_wconf 82' lang='lat' dir='ltr'>tangenda</span> <span class='ocrx_word' id='word_1_118' title='bbox 383 1926 414 1981; x_wconf 93' lang='lat' dir='ltr'>et</span> <span class='ocrx_word' id='word_1_119' title='bbox 436 1919 640 2001; x_wconf 84' lang='lat' dir='ltr'>aspergenda,</span> <span class='ocrx_word' id='word_1_120' title='bbox 663 1918 713 1980; x_wconf 92' lang='lat' dir='ltr'>nbi</span> <span class='ocrx_word' id='word_1_121' title='bbox 736 1920 822 1981; x_wconf 85' lang='lat' dir='ltr'>loeus</span> <span class='ocrx_word' id='word_1_122' title='bbox 844 1920 943 1982; x_wconf 85' lang='lat' dir='ltr'>fuerit.</span> 
     </span>
    </p>

    <p class='ocr_par' dir='ltr' id='par_1_10' title="bbox 260 2002 1081 2148">
     <span class='ocr_line' id='line_1_21' title="bbox 260 2002 1081 2085; baseline 0 -21"><span class='ocrx_word' id='word_1_123' title='bbox 260 2002 446 2082; x_wconf 81' lang='lat' dir='ltr'>Secundum,</span> <span class='ocrx_word' id='word_1_124' title='bbox 468 2003 550 2082; x_wconf 91' lang='lat' dir='ltr'>quod</span> <span class='ocrx_word' id='word_1_125' title='bbox 573 2003 702 2063; x_wconf 87' lang='lat' dir='ltr'>historia</span> <span class='ocrx_word' id='word_1_126' title='bbox 723 2004 783 2063; x_wconf 84' lang='lat' dir='ltr'>ista</span> <span class='ocrx_word' id='word_1_127' title='bbox 805 2009 852 2065; x_wconf 90' lang='lat' dir='ltr'>est</span> <span class='ocrx_word' id='word_1_128' title='bbox 873 2003 912 2064; x_wconf 85' lang='lat' dir='ltr'>de</span> <span class='ocrx_word' id='word_1_129' title='bbox 933 2006 1081 2085; x_wconf 83' lang='lat' dir='ltr'>passione</span> 
     </span>
     <span class='ocr_line' id='line_1_22' title="bbox 580 2085 761 2148; baseline -0.006 -2"><span class='ocrx_word' id='word_1_130' title='bbox 580 2086 639 2147; x_wconf 91' lang='lat' dir='ltr'>Pro</span> <span class='ocrx_word' id='word_1_131' title='bbox 663 2085 761 2148; x_wconf 83' lang='lat' dir='ltr'>nobis.</span> 
     </span>
    </p>
   </div>
   <div class='ocr_carea' id='block_1_5' title="bbox 204 2229 1120 2726">
    <p class='ocr_par' dir='ltr' id='par_1_11' title="bbox 204 2229 1120 2643">
     <span class='ocr_line' id='line_1_23' title="bbox 509 2229 667 2308; baseline 0.025 -21"><span class='ocrx_word' id='word_1_132' title='bbox 509 2247 565 2308; x_wconf 91' lang='lat' dir='ltr'>pro</span> <span class='ocrx_word' id='word_1_133' title='bbox 588 2229 667 2307; x_wconf 88' lang='lat' dir='ltr'>ipso.</span> 
     </span>
     <span class='ocr_line' id='line_1_24' title="bbox 206 2310 767 2391; baseline -0.004 -16"><span class='ocrx_word' id='word_1_134' title='bbox 206 2324 239 2375; x_wconf 91' lang='lat' dir='ltr'>ut</span> <span class='ocrx_word' id='word_1_135' title='bbox 261 2312 357 2373; x_wconf 85' lang='lat' dir='ltr'>Abra·</span> <span class='ocrx_word' id='word_1_136' title='bbox 508 2329 564 2391; x_wconf 88' lang='lat' dir='ltr'>pro</span> <span class='ocrx_word' id='word_1_137' title='bbox 587 2329 644 2371; x_wconf 90' lang='lat' dir='ltr'>sua</span> <span class='ocrx_word' id='word_1_138' title='bbox 666 2310 767 2390; x_wconf 82' lang='lat' dir='ltr'>eulpa.</span> 
     </span>
     <span class='ocr_line' id='line_1_25' title="bbox 204 2392 1120 2497; baseline -0.005 -37"><span class='ocrx_word' id='word_1_139' title='bbox 204 2400 288 2474; x_wconf 90' lang='lat' dir='ltr'>ham,</span> <span class='ocrx_word' id='word_1_140' title='bbox 304 2394 354 2455; x_wconf 90' lang='lat' dir='ltr'>Hi·</span> <span class='ocrx_word' id='word_1_141' title='bbox 376 2435 445 2497; x_wconf 68' lang='lat' dir='ltr'>Non</span> <span class='ocrx_word' id='word_1_142' title='bbox 508 2412 565 2474; x_wconf 89' lang='lat' dir='ltr'>pra</span> <span class='ocrx_word' id='word_1_143' title='bbox 582 2392 775 2454; x_wconf 88' lang='lat' dir='ltr'>ostendenda</span> <span class='ocrx_word' id='word_1_144' title='bbox 790 2400 853 2453; x_wconf 91' lang='lat' dir='ltr'>tan·</span> <span class='ocrx_word' id='word_1_145' title='bbox 924 2396 980 2457; x_wconf 87' lang='lat' dir='ltr'>sed</span> <span class='ocrx_word' id='word_1_146' title='bbox 1001 2415 1057 2477; x_wconf 88' lang='lat' dir='ltr'>pra</span> <span class='ocrx_word' id='word_1_147' title='bbox 1079 2414 1120 2455; x_wconf 88' lang='lat' dir='ltr'>nn·</span> 
     </span>
     <span class='ocr_line' id='line_1_26' title="bbox 207 2476 1055 2543; baseline -0.009 0"><span class='ocrx_word' id='word_1_148' title='bbox 207 2483 246 2542; x_wconf 87' lang='lat' dir='ltr'>ab</span> <span class='ocrx_word' id='word_1_149' title='bbox 260 2478 353 2543; x_wconf 88' lang='lat' dir='ltr'>etalii</span> <span class='ocrx_word' id='word_1_150' title='bbox 509 2487 571 2536; x_wconf 90' lang='lat' dir='ltr'>tum</span> <span class='ocrx_word' id='word_1_151' title='bbox 610 2476 787 2537; x_wconf 87' lang='lat' dir='ltr'>obedientia</span> <span class='ocrx_word' id='word_1_152' title='bbox 825 2485 856 2536; x_wconf 89' lang='lat' dir='ltr'>et</span> <span class='ocrx_word' id='word_1_153' title='bbox 1001 2482 1055 2543; x_wconf 75' lang='lat' dir='ltr'>bis,</span> 
     </span>
     <span class='ocr_line' id='line_1_27' title="bbox 207 2560 855 2643; baseline -0.008 -17"><span class='ocrx_word' id='word_1_154' title='bbox 207 2572 265 2626; x_wconf 86' lang='lat' dir='ltr'>eta.</span> <span class='ocrx_word' id='word_1_155' title='bbox 509 2560 657 2640; x_wconf 86' lang='lat' dir='ltr'>patientia</span> <span class='ocrx_word' id='word_1_156' title='bbox 695 2579 750 2620; x_wconf 89' lang='lat' dir='ltr'>sua</span> <span class='ocrx_word' id='word_1_157' title='bbox 781 2580 855 2643; x_wconf 87' lang='lat' dir='ltr'>erga</span> 
     </span>
    </p>

    <p class='ocr_par' dir='ltr' id='par_1_12' title="bbox 507 2652 634 2726">
     <span class='ocr_line' id='line_1_28' title="bbox 507 2652 634 2726; baseline 0 -19"><span class='ocrx_word' id='word_1_158' title='bbox 507 2652 634 2726; x_wconf 88' lang='lat' dir='ltr'>patrem.</span> 
     </span>
    </p>
   </div>
   <div class='ocr_carea' id='block_1_6' title="bbox 250 2787 1080 3039">
    <p class='ocr_par' dir='ltr' id='par_1_13' title="bbox 250 2787 1080 3039">
     <span class='ocr_line' id='line_1_29' title="bbox 250 2787 1080 2870; baseline 0.001 -20"><span class='ocrx_word' id='word_1_159' title='bbox 250 2790 318 2850; x_wconf 85' lang='lat' dir='ltr'>letis</span> <span class='ocrx_word' id='word_1_160' title='bbox 343 2787 462 2849; x_wconf 85' lang='lat' dir='ltr'>duabus</span> <span class='ocrx_word' id='word_1_161' title='bbox 485 2789 545 2849; x_wconf 87' lang='lat' dir='ltr'>iam</span> <span class='ocrx_word' id='word_1_162' title='bbox 568 2787 642 2848; x_wconf 84' lang='lat' dir='ltr'>satis</span> <span class='ocrx_word' id='word_1_163' title='bbox 666 2793 712 2846; x_wconf 86' lang='lat' dir='ltr'>est</span> <span class='ocrx_word' id='word_1_164' title='bbox 734 2790 775 2847; x_wconf 93' lang='lat' dir='ltr'>uti</span> <span class='ocrx_word' id='word_1_165' title='bbox 797 2808 854 2869; x_wconf 91' lang='lat' dir='ltr'>pro</span> <span class='ocrx_word' id='word_1_166' title='bbox 877 2792 943 2853; x_wconf 90' lang='lat' dir='ltr'>istis</span> <span class='ocrx_word' id='word_1_167' title='bbox 966 2791 1080 2870; x_wconf 90' lang='lat' dir='ltr'>diebus,</span> 
     </span>
     <span class='ocr_line' id='line_1_30' title="bbox 484 2870 846 2950; baseline 0.003 -19"><span class='ocrx_word' id='word_1_168' title='bbox 484 2871 601 2950; x_wconf 86' lang='lat' dir='ltr'>reliqua</span> <span class='ocrx_word' id='word_1_169' title='bbox 624 2871 690 2949; x_wconf 89' lang='lat' dir='ltr'>tria,</span> <span class='ocrx_word' id='word_1_170' title='bbox 713 2870 846 2932; x_wconf 75' lang='lat' dir='ltr'>seilicet:</span> 
     </span>
     <span class='ocr_line' id='line_1_31' title="bbox 669 2957 1060 3039; baseline 0.018 -28"><span class='ocrx_word' id='word_1_171' title='bbox 669 2970 748 3031; x_wconf 87' lang='lat' dir='ltr'>quae</span> <span class='ocrx_word' id='word_1_172' title='bbox 767 2957 972 3034; x_wconf 82' lang='lat' dir='ltr'>apprehendit</span> <span class='ocrx_word' id='word_1_173' title='bbox 993 2978 1060 3039; x_wconf 82' lang='lat' dir='ltr'>paa-</span> 
     </span>
    </p>
   </div>
   <div class='ocr_carea' id='block_1_7' title="bbox 282 2974 1048 3208">
    <p class='ocr_par' dir='ltr' id='par_1_14' title="bbox 282 2974 1048 3208">
     <span class='ocr_line' id='line_1_32' title="bbox 282 2974 1048 3208; baseline 0.009 -112"><span class='ocrx_word' id='word_1_174' title='bbox 282 3036 372 3115; x_wconf 85' lang='lat' dir='ltr'>Usus,</span> <span class='ocrx_word' id='word_1_175' title='bbox 395 3038 424 3098; x_wconf 94' lang='lat' dir='ltr'>id</span> <span class='ocrx_word' id='word_1_176' title='bbox 447 3044 503 3120; x_wconf 89' lang='lat' dir='ltr'>est,</span> <span class='ocrx_word' id='word_1_177' title='bbox 526 3036 601 3098; x_wconf 85' lang='lat' dir='ltr'>fides</span> <span class='ocrx_word' id='word_1_178' title='bbox 629 2974 645 3208; x_wconf 60' lang='grc' dir='ltr'><strong><em>ί</em></strong></span> <span class='ocrx_word' id='word_1_179' title='bbox 668 3037 786 3097; x_wconf 85' lang='lat' dir='ltr'>sionem</span> <span class='ocrx_word' id='word_1_180' title='bbox 809 3040 897 3101; x_wconf 89' lang='lat' dir='ltr'>istam</span> <span class='ocrx_word' id='word_1_181' title='bbox 928 3060 985 3121; x_wconf 89' lang='lat' dir='ltr'>pra</span> <span class='ocrx_word' id='word_1_182' title='bbox 1007 3060 1048 3103; x_wconf 89' lang='lat' dir='ltr'>uo</span> 
     </span>
     <span class='ocr_line' id='line_1_33' title="bbox 667 3119 858 3205; baseline 0.016 -26"><span class='ocrx_word' id='word_1_183' title='bbox 667 3119 713 3180; x_wconf 88' lang='lat' dir='ltr'>bis</span> <span class='ocrx_word' id='word_1_184' title='bbox 736 3121 858 3205; x_wconf 82' lang='lat' dir='ltr'>lautam,</span> 
     </span>
    </p>
   </div>
   <div class='ocr_carea' id='block_1_8' title="bbox 289 3228 1123 3664">
    <p class='ocr_par' dir='ltr' id='par_1_15' title="bbox 289 3228 1123 3664">
     <span class='ocr_line' id='line_1_34' title="bbox 693 3228 1122 3311; baseline 0.005 -24"><span class='ocrx_word' id='word_1_185' title='bbox 693 3246 772 3306; x_wconf 85' lang='lat' dir='ltr'>qnae</span> <span class='ocrx_word' id='word_1_186' title='bbox 794 3237 919 3291; x_wconf 68' lang='lat' dir='ltr'>exerunt</span> <span class='ocrx_word' id='word_1_187' title='bbox 936 3250 1035 3311; x_wconf 86' lang='lat' dir='ltr'>opera</span> <span class='ocrx_word' id='word_1_188' title='bbox 1055 3228 1122 3291; x_wconf 85' lang='lat' dir='ltr'>sirni-</span> 
     </span>
     <span class='ocr_line' id='line_1_35' title="bbox 691 3310 876 3392; baseline 0.027 -23"><span class='ocrx_word' id='word_1_189' title='bbox 691 3310 733 3370; x_wconf 90' lang='lat' dir='ltr'>lia</span> <span class='ocrx_word' id='word_1_190' title='bbox 754 3311 876 3392; x_wconf 80' lang='lat' dir='ltr'>Christi,</span> 
     </span>
     <span class='ocr_line' id='line_1_36' title="bbox 728 3414 1079 3494; baseline 0.009 -22"><span class='ocrx_word' id='word_1_191' title='bbox 728 3430 807 3491; x_wconf 86' lang='lat' dir='ltr'>quas</span> <span class='ocrx_word' id='word_1_192' title='bbox 828 3416 944 3494; x_wconf 88' lang='lat' dir='ltr'>patitur</span> <span class='ocrx_word' id='word_1_193' title='bbox 966 3414 1079 3475; x_wconf 79' lang='lat' dir='ltr'>similia</span> 
     </span>
     <span class='ocr_line' id='line_1_37' title="bbox 729 3495 851 3575; baseline 0 -19"><span class='ocrx_word' id='word_1_194' title='bbox 729 3495 851 3575; x_wconf 78' lang='lat' dir='ltr'>Christi,</span> 
     </span>
     <span class='ocr_line' id='line_1_38' title="bbox 289 3574 1123 3664; baseline -0.011 -19"><span class='ocrx_word' id='word_1_195' title='bbox 289 3585 382 3664; x_wconf 82' lang='lat' dir='ltr'>haee,</span> <span class='ocrx_word' id='word_1_196' title='bbox 415 3585 553 3662; x_wconf 88' lang='lat' dir='ltr'>inquam,</span> <span class='ocrx_word' id='word_1_197' title='bbox 583 3584 702 3643; x_wconf 87' lang='lat' dir='ltr'>tautum</span> <span class='ocrx_word' id='word_1_198' title='bbox 737 3585 902 3659; x_wconf 84' lang='lat' dir='ltr'>tangantur</span> <span class='ocrx_word' id='word_1_199' title='bbox 936 3587 969 3641; x_wconf 85' lang='lat' dir='ltr'>et</span> <span class='ocrx_word' id='word_1_200' title='bbox 999 3582 1030 3641; x_wconf 91' lang='lat' dir='ltr'>iu</span> <span class='ocrx_word' id='word_1_201' title='bbox 1052 3574 1123 3641; x_wconf 89' lang='lat' dir='ltr'>aliul</span> 
     </span>
    </p>
   </div>
   <div class='ocr_carea' id='block_1_9' title="bbox 208 3663 1123 3828">
    <p class='ocr_par' dir='ltr' id='par_1_16' title="bbox 208 3663 1123 3828">
     <span class='ocr_line' id='line_1_39' title="bbox 209 3663 1123 3749; baseline -0.007 -22"><span class='ocrx_word' id='word_1_202' title='bbox 209 3674 328 3749; x_wconf 85' lang='lat' dir='ltr'>tempus</span> <span class='ocrx_word' id='word_1_203' title='bbox 361 3664 552 3748; x_wconf 85' lang='lat' dir='ltr'>differantur,</span> <span class='ocrx_word' id='word_1_204' title='bbox 581 3665 636 3726; x_wconf 88' lang='lat' dir='ltr'>sed</span> <span class='ocrx_word' id='word_1_205' title='bbox 670 3670 786 3724; x_wconf 88' lang='lat' dir='ltr'>tautum</span> <span class='ocrx_word' id='word_1_206' title='bbox 816 3664 976 3743; x_wconf 84' lang='lat' dir='ltr'>signentur</span> <span class='ocrx_word' id='word_1_207' title='bbox 1006 3663 1070 3742; x_wconf 85' lang='lat' dir='ltr'>hie,</span> <span class='ocrx_word' id='word_1_208' title='bbox 1098 3666 1123 3721; x_wconf 87' lang='lat' dir='ltr'>ul</span> 
     </span>
     <span class='ocr_line' id='line_1_40' title="bbox 208 3748 880 3828; baseline -0.007 -18"><span class='ocrx_word' id='word_1_209' title='bbox 208 3751 274 3810; x_wconf 85' lang='lat' dir='ltr'>istis</span> <span class='ocrx_word' id='word_1_210' title='bbox 296 3756 362 3811; x_wconf 83' lang='lat' dir='ltr'>tota</span> <span class='ocrx_word' id='word_1_211' title='bbox 383 3768 476 3810; x_wconf 84' lang='lat' dir='ltr'>eausa</span> <span class='ocrx_word' id='word_1_212' title='bbox 500 3752 529 3809; x_wconf 91' lang='lat' dir='ltr'>iu</span> <span class='ocrx_word' id='word_1_213' title='bbox 552 3750 655 3809; x_wconf 86' lang='lat' dir='ltr'>auimo</span> <span class='ocrx_word' id='word_1_214' title='bbox 679 3748 880 3828; x_wconf 72' lang='lat' dir='ltr'>coneipiatur,</span> 
     </span>
    </p>
   </div>
   <div class='ocr_carea' id='block_1_10' title="bbox 208 3226 669 3390">
    <p class='ocr_par' dir='ltr' id='par_1_17' title="bbox 208 3226 669 3390">
     <span class='ocr_line' id='line_1_41' title="bbox 208 3226 669 3390; baseline -0.009 -68"><span class='ocrx_word' id='word_1_215' title='bbox 208 3261 344 3338; x_wconf 81' lang='lat' dir='ltr'>Fructus,</span> <span class='ocrx_word' id='word_1_216' title='bbox 366 3261 397 3321; x_wconf 90' lang='lat' dir='ltr'>id</span> <span class='ocrx_word' id='word_1_217' title='bbox 422 3266 478 3337; x_wconf 91' lang='lat' dir='ltr'>est,</span> <span class='ocrx_word' id='word_1_218' title='bbox 500 3260 610 3320; x_wconf 83' lang='lat' dir='ltr'>caritas</span> <span class='ocrx_word' id='word_1_219' title='bbox 655 3226 669 3390; x_wconf 52' lang='grc' dir='ltr'><strong><em>ξ</em></strong></span> 
     </span>
    </p>
   </div>
   <div class='ocr_carea' id='block_1_11' title="bbox 270 3447 657 3525">
    <p class='ocr_par' dir='ltr' id='par_1_18' title="bbox 270 3447 657 3525">
     <span class='ocr_line' id='line_1_42' title="bbox 270 3447 657 3525; baseline -0.013 -15"><span class='ocrx_word' id='word_1_220' title='bbox 270 3449 424 3525; x_wconf 88' lang='lat' dir='ltr'>Probatio,</span> <span class='ocrx_word' id='word_1_221' title='bbox 447 3447 478 3507; x_wconf 91' lang='lat' dir='ltr'>id</span> <span class='ocrx_word' id='word_1_222' title='bbox 501 3454 556 3525; x_wconf 86' lang='lat' dir='ltr'>est,</span> <span class='ocrx_word' id='word_1_223' title='bbox 580 3465 657 3506; x_wconf 89' lang='lat' dir='ltr'>erux</span> 
     </span>
    </p>
   </div>
   <div class='ocr_carea' id='block_1_12' title="bbox 0 0 1180 4162">
    <p class='ocr_par' dir='ltr' id='par_1_19' title="bbox 0 0 1180 4162">
     <span class='ocr_line' id='line_1_43' title="bbox 0 0 1180 4162; baseline 0 0"><span class='ocrx_word' id='word_1_224' title='bbox 0 0 1180 4162; x_wconf 95' lang='lat' dir='ltr'> </span> 
     </span>
    </p>
   </div>
  </div>
 </body>
</html>
