2348 4162
518 217 556 276 A.
572 220 652 278 15³4.
839 240 844 253 ⁸
984 218 1047 286 529

124 386 242 448 iactant
271 391 304 448 et
323 385 509 451 daemonnm
531 408 649 452 errores
671 387 780 449 nolunt
801 385 914 448 docere
934 386 1047 468 videri3

123 471 241 532 iactant
267 488 360 550 sane,
396 471 451 532 sed
477 491 518 534 ex
549 471 694 534 fructibus
721 470 812 533 arbor
840 472 1046 551 cognoscitur.

125 553 173 614 Ac
194 572 233 614 ne
255 552 306 615 hio
324 552 476 636 disputem
498 556 635 638 prolixe,
665 554 695 614 id
717 555 791 614 setis
814 561 950 631 constat,
972 553 1047 615 nihil

125 654 181 697 eos
204 637 415 718 eurars,2.qnid
439 646 523 700 certo
545 645 576 701 et
597 637 696 700 solide
708 636 841 698 doceant
855 655 911 717 pro
926 635 1046 699 firman·

125 719 172 780 dis
195 720 409 798 conscientiis,
435 741 497 782 una
519 729 566 783 est
588 741 693 784 eorum
716 720 908 781 vociferatio:
940 719 1047 781 Eccle-

124 804 187 882 sia,
209 802 370 882 Ecclesia,
392 804 549 882 Ecclesia,
579 811 610 866 ct
631 805 792 865 ecclesiam
815 808 929 864 vocant
949 802 1045 863 homi-

124 904 196 966 nes,
219 885 313 948 etiam
335 887 463 967 impios,
492 890 543 967 qui
565 907 657 969 supra
679 893 711 947 et
732 893 839 947 contra
860 885 1046 966 &cripturam

123 969 239 1029 sentire
260 974 292 1029 et
312 975 446 1031 statuere
467 979 597 1051 possunt
617 971 710 1050 idque
727 969 909 1030 auctoritate
931 968 1044 1032 divine.

123 1051 341 1125 Heraeorum
363 1071 470 1114 vocem
494 1061 525 1114 et
546 1054 691 1114 Erasmus
714 1051 885 1128 confirmat,
909 1053 960 1130 qui
983 1052 1051 1112 ιώὶν

124 1152 186 1214 que
207 1134 370 1195 ecclesiam
394 1138 479 1216 sequi
511 1143 580 1198 sese
602 1138 750 1218 promittit
777 1143 809 1196 et
840 1135 959 1194 interim
983 1153 1046 1195 om·

124 1218 176 1277 nia
197 1216 290 1278 dubia
311 1224 342 1278 et
363 1221 477 1283 incerta
500 1221 599 1284 docet.
643 1219 716 1280 Sed·
736 1220 762 1279 si
794 1217 956 1279 eeclesiam
985 1216 1046 1278 hoc

124 1318 237 1361 vocare
259 1300 416 1380 debemus,
437 1303 520 1382 quod
541 1303 585 1362 illi
608 1302 772 1363 ecclesiam
794 1300 1045 1362 essevooiferan-

124 1390 189 1462 tur,
224 1383 335 1445 deinde
357 1384 497 1464 eredere,
534 1384 675 1465 quicquid
705 1382 756 1445 illa
785 1382 916 1444 ecclesia
939 1402 1044 1444 eorum

123 1465 198 1527 facit
219 1473 251 1527 et
272 1466 363 1545 dicit,
385 1468 455 1547 quid
479 1487 557 1549 opuc
580 1467 752 1529 est-divina
774 1465 950 1546 Scriptura?
984 1466 1045 1528 Gur

123 1549 350 1630 reprendantur
387 1551 481 1611 vitiu?
523 1570 576 1613 cur
606 1551 812 1632 periclitamur
851 1549 1045 1610 contorsione

125 1632 283 1693 veritatis?
315 1633 437 1712 quando
468 1634 658 1696 brevissimo
680 1631 864 1714 compendio
893 1638 924 1692 et
945 1633 1045 1693 otiose

125 1715 326 1776 dormitantes
348 1717 501 1796 possimus
519 1717 598 1778 salvi
612 1716 688 1798 fleri,
711 1723 826 1778 tantum
839 1717 884 1775 sic
896 1714 1044 1776 dicendo:

125 1797 226 1861 Credo
249 1799 388 1878 Papistas
410 1819 479 1860 esse
501 1800 678 1878 ecelesiam,
713 1803 744 1863 et
772 1797 864 1858 credo
887 1799 1044 1858 veritatem
1134 1872 1137 1879 Ι

124 1898 205 1961 esse,
229 1882 372 1961 quicquid
395 1882 537 1965 Papistae
560 1889 709 1960 statuunt,
744 1883 835 1943 etiam
861 1882 887 1941 si
918 1879 1044 1961 ubsque,

126 1983 220 2045 supra
241 1973 272 2025 ct
293 1974 400 2026 contra
411 1965 581 2047 Scripturas
604 1971 747 2026 statuant.
771 1960 832 2026 Sed
856 1963 928 2043 quid
949 1963 1044 2023 facies

125 2049 183 2128 piis
205 2053 236 2107 et
258 2047 346 2109 bonis
368 2048 542 2126 animabus,
564 2067 644 2129 quae
667 2049 841 2128 Scripturas
863 2047 1045 2107 auctoritate

124 2135 244 2211 captae,
267 2137 301 2190 ut
321 2131 416 2192 verbo
441 2133 576 2210 ¹veritatis
598 2133 729 2213 divinae,
751 2150 813 2192 non
832 2137 961 2210 possunt
983 2148 1045 2190 ere·

125 2213 213 2293 dere,
249 2212 331 2293 quod
356 2215 517 2276 manifeste
549 2222 656 2276 contra
679 2213 867 2295 Scriptorum
896 2211 1045 2273 docetur?

123 2296 236 2359 Istisne
258 2297 412 2358 dicemus:
444 2298 624 2359 Audiendus
647 2305 693 2357 est
714 2298 808 2376 Papa,
830 2302 864 2356 ut
883 2314 947 2376 pax
969 2313 1044 2355 con·

122 2387 181 2440 stet
207 2386 237 2440 et
254 2380 527 2461 ·conoordia,·aut
553 2382 689 2440 incertae
722 2387 791 2438 sunt
814 2376 1045 2457 relinquendae,

122 2481 274 2543 suspensa
296 2464 415 2522 interim
439 2464 601 2540 sententia,
624 2461 726 2522 donec
740 2460 823 2521 aliud
838 2456 1045 2540 Papaulecre·

122 2546 200 2606 verit
222 2562 290 2606 oum
313 2545 399 2606 suis?
429 2548 469 2606 At
491 2547 552 2607 sint
572 2545 624 2606 ulii
646 2551 707 2605 tam
730 2545 829 2604 securi
850 2550 881 2603 et
901 2561 976 2604 suae
997 2562 1046 2604 su·

124 2629 194 2689 lutis
227 2634 288 2689 tam
319 2628 528 2709 negligentes,
562 2629 614 2708 qui
650 2627 774 2707 volent',
810 2632 892 2686 certe
925 2627 1045 2687 animus

125 2712 222 2772 Deum
246 2712 356 2772 timens
378 2719 409 2772 et
430 2713 509 2772 serio
533 2717 672 2771 metuens
695 2718 823 2770 mortem
841 2716 997 2769 aeternam
1015 2714 1047 2769 et

123 2795 250 2874 cupiens
273 2802 428 2855 aeternam
451 2795 545 2854 vitam
577 2811 640 2854 non
671 2801 773 2874 potest
795 2793 917 2853 incertis
940 2799 972 2854 et
992 2790 1046 2852 du·

124 2879 181 2938 biis
204 2876 351 2937 doctrinis
374 2879 512 2957 quietari.

206 2959 296 3021 Unde
318 2968 348 3022 et
368 2961 492 3035 inmeo
505 2959 601 3021 Servo
614 2958 747 3021 Arbitrio
768 2959 798 3018 in
820 2956 939 3017 Erasmi
960 2955 1046 3017 theo-

123 3044 208 3124 logia
229 3042 409 3124 reprehendi
427 3045 516 3104 istam
538 3042 749 3123 Scepticorum
772 3041 972 3118 sententiam,
994 3047 1046 3100 ue·

123 3145 213 3188 cesae
235 3137 282 3187 est
304 3128 383 3187 enim
406 3127 437 3188 in
461 3127 593 3187 ecclesia
622 3132 738 3185 certum
767 3124 896 3204 dogma,
930 3128 1046 3183 certum

123 3209 250 3272 verbum
272 3209 328 3271 Dei
351 3210 473 3286 haberi,
507 3210 554 3269 cui
577 3214 661 3270 certo
695 3215 726 3269 et
753 3225 860 3268 secure
891 3206 1045 3286 possimus

122 3291 251 3354 credere
273 3293 355 3354 etin
378 3292 486 3354 eadem
510 3291 690 3352 certitudine
723 3289 793 3351 fidei
826 3296 856 3350 et
886 3289 988 3349 vivere
1017 3295 1048 3348 et

122 3376 210 3438 mori.
254 3374 353 3450 Quem
376 3373 588 3438 certitudinem
619 3376 691 3456 quia
721 3381 751 3434 et
773 3373 919 3432 Erasmus
940 3390 1048 3452 perum

123 3452 210 3519 adrat
231 3465 261 3518 et
282 3459 425 3539 Papistae
458 3477 520 3519 non
556 3456 669 3519 docent
697 3454 772 3540 (nec
804 3456 885 3515 enim
908 3460 1047 3534 possunt,

122 3561 192 3602 cum
215 3559 282 3601 eam
306 3561 367 3602 non
391 3542 565 3621 intelligent
586 3546 748 3621 prorsus),
784 3538 838 3598 sed
863 3537 993 3598 oderunt
1015 3544 1045 3596 et

124 3631 365 3706 persequuntur,
386 3626 470 3684 coire
492 3624 576 3685 nullu
598 3621 764 3683 concordia
786 3621 820 3681 in'
839 3620 900 3681 lide
922 3626 954 3680 et
975 3618 1047 3680 doc·

122 3709 202 3769 trine
222 3714 340 3788 potest,
375 3709 446 3788 qula
468 3706 599 3768 ccclesia
634 3707 692 3765 hac
725 3712 808 3765 certa
841 3703 912 3764 fidei
935 3706 1050 3764 autore

150 3820 244 3862 naraon
261 3829 312 3870 opp.
327 3821 353 3862 v,
369 3821 397 3864 A.
411 3820 440 3859 aa
459 3820 502 3865 rer,
519 3819 570 3858 na.
583 3820 597 3859 r.
612 3829 633 3868 p.
652 3818 695 3859 vor
710 3819 759 3859 vn.
871 3789 911 3851 34
