2348 4162
272 246 310 304 ad
327 248 361 305 D.
380 249 523 307 Ilrcsmm
542 242 764 306 Rotcrodamum.
920 246 982 313 187

59 425 104 484 tol
134 420 402 498 orthodoxorum,
435 428 481 483 tot
507 430 702 502 sauctorum,
732 429 778 484 tol
806 427 983 504 martyrum,

58 510 103 566 lot
125 510 263 565 veterum
286 524 324 567 ao
345 507 510 565 recentium
540 506 777 586 theologorum,
809 514 855 568 tot
875 505 983 567 acade-

59 588 206 667 miarum,
228 594 276 648 tot
297 588 512 669 conciliorum,
536 597 581 650 lot
615 592 828 670 episcoporum
852 600 883 649 et
904 609 983 649 sum·

58 690 179 732 morum
208 671 386 751 pontificum
410 674 625 751 praeiudiciis,
649 674 698 751 qui
721 675 884 752 scripturas
910 672 982 732 dilu-

57 753 143 815 cidas
166 773 237 815 essa
257 761 435 833 senserunt,
464 762 494 814 et
514 755 543 815 id
567 763 629 815 lum
652 756 794 835 scriptis,
827 761 889 815 tum
913 774 983 814 san·

57 838 151 917 gniuc
175 836 442 913 confirmaverunt,
465 858 504 897 an
529 846 580 898 luo
603 840 692 899 unius
716 840 836 918 privato
858 838 982 914 iudicio,

57 921 108 999 qui
131 938 230 1001 negas
252 920 423 1000 Scripturas
453 940 522 981 esse
545 923 714 996 dilucidas,
743 923 793 1000 qui
826 921 904 980 forte
926 938 984 980 nec

56 1022 151 1064 unam
174 1023 308 1083 unquam
332 1004 488 1064 lacrimam
513 1005 561 1064 vel
581 1007 742 1085 suspirium
764 1023 820 1085 pro
845 1003 984 1063 doctrina

57 1085 171 1147 Christi
194 1088 330 1148 emisisti.
380 1086 409 1148 Si
433 1085 502 1147 illos
525 1095 606 1148 recte
629 1089 764 1149 sensisse
783 1086 907 1166 credis,
930 1105 984 1145 cur

56 1188 120 1231 noo
142 1169 294 1231 imitaris?
322 1169 354 1231 si
375 1188 437 1231 non
461 1170 569 1247 credis,
592 1189 645 1230 cur
656 1172 753 1231 iactas
770 1178 855 1231 tanta
877 1169 984 1247 bucca,

55 1259 145 1314 touls
167 1255 268 1334 copia,
290 1254 378 1333 quasi
401 1272 450 1313 me
473 1253 604 1314 obruere
632 1254 726 1314 velles
749 1260 932 1333 tempestate
954 1259 985 1313 et

57 1334 176 1398 diluvio
197 1335 330 1415 quodam
345 1337 502 1413 orationis,
527 1336 608 1416 quod
622 1342 723 1397 tameo
738 1338 768 1396 in
785 1347 877 1416 caput
900 1343 984 1396 tuum

55 1418 167 1481 lortius
188 1419 326 1496 inundat,
350 1437 424 1481 arca
445 1437 518 1479 vero
535 1439 605 1480 mco
625 1422 654 1479 iu
680 1420 800 1480 sublimi
823 1420 916 1480 fertur
938 1438 984 1479 se·

56 1520 139 1567 cura.
183 1499 264 1563 Nam
286 1509 332 1562 tot
352 1501 544 1580 tantisque1)
571 1504 642 1562 viris
665 1504 754 1563 simul
777 1501 881 1562 tribuis
903 1513 1007 1561 sum-⁴

56 1604 140 1647 mam
165 1591 196 1646 et
217 1584 373 1645 stultitiam
397 1592 427 1645 at
449 1588 665 1656 temeritatem,
689 1585 760 1645 dum
782 1585 852 1645 illos
875 1584 983 1644 scribis
1068 1630 1077 1649 .

56 1667 236 1746 Scripturae
259 1669 460 1748 peritissimos
492 1668 581 1747 stilo,
605 1667 687 1746 vita,
709 1676 808 1728 morte
828 1668 911 1728 illam
936 1686 983 1727 aa·

58 1752 204 1826 caruisse,
228 1771 319 1831 quam
343 1757 444 1812 tamen
469 1750 629 1812 obscuram
661 1761 690 1812 et
713 1751 887 1830 ambiguam
916 1769 983 1812 esse

57 1834 232 1914 contendis,
253 1835 314 1895 hoc
336 1842 383 1895 ast
405 1832 487 1894 aliud
500 1834 584 1913 nihil,
607 1854 697 1914 quam
716 1835 785 1895 illos
808 1834 910 1894 lacere
930 1834 983 1892 im·

57 1918 261 1997 peritissimos
283 1916 504 1996 cognoscendo
533 1925 564 1978 el
586 1917 782 1978 stultissimos
805 1916 984 1985 asserendo.

57 1999 110 2061 Sic
130 1998 202 2062 illos
224 2018 286 2061 uon
309 1999 509 2063 honorassem
523 2019 581 2079 ego
604 2003 740 2080 privatus
761 2001 814 2062 illa
827 2006 983 2080 contemp·

56 2089 116 2161 tor,
138 2088 174 2143 ut
194 2088 227 2143 lu
249 2083 324 2143 lacis
347 2083 486 2162 publicus
508 2084 559 2143 ille
581 2083 731 2146 laudator.

142 2166 280 2227 cornuto
302 2168 403 2245 igitur,
426 2166 508 2244 quod
531 2168 635 2248 aiunt,
673 2167 723 2228 hic
751 2174 780 2226 te
801 2167 982 2247 syllogismo

56 2254 161 2326 tenco,
184 2255 285 2309 utrum
307 2252 388 2310 enim
416 2250 526 2309 falsum
550 2269 618 2310 esse
641 2257 788 2330 oportet,
826 2250 874 2310 vel
908 2249 983 2310 illud

56 2330 141 2411 quod
164 2330 250 2412 dicis,
272 2332 344 2392 illos
365 2333 457 2393 fuisse
480 2332 674 2393 admirabiles
697 2334 806 2413 peritia
827 2352 983 2405 sacrarum

56 2413 238 2490 literarum,
272 2416 334 2476 vila
356 2424 387 2475 et
409 2417 571 2495 martyrio,
605 2416 652 2476 vel
675 2416 750 2476 illud
784 2415 865 2494 quod
898 2415 983 2493 dicis,

57 2496 246 2577 Scriptorum
269 2516 330 2581 uon
365 2516 433 2559 esse
466 2496 639 2562 dilucidam.
691 2500 803 2559 Verum
832 2517 899 2558 cum
923 2498 983 2557 buc

56 2583 160 2659 potius
183 2581 321 2658 rapiaris,
346 2588 379 2642 ut
400 2579 571 2660 Scripturas
593 2599 653 2641 non
667 2580 815 2641 dilucidas
828 2599 898 2641 ease
920 2599 982 2640 cre-

57 2661 112 2723 das
136 2661 216 2741 (hoc
236 2665 317 2723 enim
346 2669 412 2725 toto
435 2663 539 2725 libello
562 2663 667 2745 agis),
691 2664 839 2743 reliquum
862 2662 914 2739 lit,
950 2670 983 2724 ut

56 2745 106 2807 vel
126 2747 221 2806 animi
244 2745 293 2806 vel
315 2745 458 2808 adulandi
475 2749 583 2826 gralia,
607 2766 799 2827 nequaquam
819 2748 898 2806 sario
910 2746 981 2806 illos

58 2827 172 2891 dixeris
202 2830 404 2909 peritissimos
427 2829 601 2910 Scripturae
635 2841 665 2890 et
689 2839 836 2911 martyres
860 2829 981 2909 christi,

57 2918 175 2972 butum
199 2918 231 2972 ut
253 2912 319 2973 rudi
342 2913 435 2992 vulgo
463 2912 580 2993 lucum,
609 2913 740 2974 Luthero
764 2922 865 2974 autem
888 2932 982 2992 nego·

57 2995 130 3055 lium
157 2994 293 3074 faceres,
320 3004 499 3058 etecusam
528 2998 593 3057 eius
614 2998 756 3058 inanibus
778 2997 879 3058 verbis
912 3015 980 3076 gra-

57 3095 146 3140 vares
170 3077 242 3138 odio
272 3084 303 3139 ct
332 3085 519 3158 contemptu.
565 3080 633 3157 Ego
656 3100 728 3141 vero
765 3087 905 3140 neutrum
929 3098 981 3138 ve-

55 3179 132 3239 ruru,
155 3160 210 3221 scd
233 3168 393 3241 utrumque
414 3162 523 3222 falsum
546 3162 632 3241 dico;
658 3164 788 3243 primum
810 3162 980 3240 Scripturas

57 3261 125 3305 esse
149 3242 366 3325 lucidissimas,
389 3245 500 3306 deinde
521 3245 600 3325 illos,
628 3256 778 3325 quatenus
791 3247 917 3306 liberum
935 3264 980 3304 ar·

58 3323 179 3387 bitrium
202 3335 366 3404 asserunt,
389 3348 457 3388 esse
487 3329 731 3408 imperitissimos
769 3347 923 3389 sacrarum
947 3327 979 3387 li·

58 3414 199 3483 terarum,
223 3418 285 3470 tum
307 3411 381 3471 illud
405 3430 503 3491 neque
526 3413 588 3472 vita
610 3431 711 3493 neque
733 3423 852 3487 morte,
880 3411 978 3473 solum

59 3509 129 3554 varo
153 3493 237 3569 stilo,
259 3493 314 3554 sed
338 3497 554 3576 peregrinante
579 3497 682 3556 animo
705 3497 883 3557 asseruisse.

128 3744 158 3811 1)
177 3743 210 3799 In
227 3743 273 3801 ad.
292 3746 361 3803 1525
379 3745 469 3802 etad.
489 3746 561 3804 Ian:
582 3747 652 3805 Nam
671 3752 703 3803 tu
719 3752 762 3805 tot
779 3746 932 3821 mnusque.
