2348 4162
123 250 186 316 4‘28
321 248 527 309 Gonotnnenlae
546 252 683 322 quaedam
700 253 735 309 D.
752 253 788 308 ll.
805 253 838 309 L

123 425 259 505 peooatia
295 426 357 485 suis
379 427 484 486 terreri
507 431 537 485 et
558 425 663 505 lugere
684 426 797 503 Deum,
830 445 892 488 non
918 423 1041 487 die'eret:

125 507 270 587 Confide3
292 507 395 568 dioere
417 510 497 569 enim
521 508 559 570 ad
574 508 722 588 aliquem:
760 509 901 587 confide,
922 516 970 571 ast
990 511 1043 607 sig·

123 590 267 667 nificare,
296 592 381 652 illum
404 592 527 671 lugere,
554 592 722 672 trepidare,
753 594 868 654 terreri.
913 593 955 655 Ut
978 590 1044 672 quud

106 672 204 757 ‚enim
228 674 344 735 diceret
366 674 447 735 duris
470 681 500 735 et
521 676 701 755 insensatis,
736 675 805 755 plus
832 676 909 745 satis
933 674 1044 738 auimo

125 760 166 819 sis
188 758 238 818 vel
260 760 362 839 potius
384 758 522 818 furiosis:
547 757 711 837 confidite,
733 778 801 820 oum
826 779 933 821 eornm
957 758 1045 821 nontl-

126 841 230 902 dentia
252 843 291 902 sit
311 843 414 921 potius
437 840 595 918 terrenda,
620 843 698 902 siout
716 843 825 903 horum
848 842 1044 922 pusillanimi·

123 933 170 986 tas
203 923 357 1005 erigenda.
402 923 627 1005 Opponendum
656 944 732 1005 ergo
764 932 813 986 est
839 926 902 987 boe
923 924 1044 987 verbum

123 1008 248 1069 Christi:
270 1005 410 1086 confide,
431 1007 484 1084 fili,
506 1007 555 1067 vel
576 1008 719 1069 universo
741 1008 821 1069 hlosi
843 1016 875 1070 et
896 1009 967 1090 legi,
987 1010 1043 1071 imo

123 1092 181 1171 ipsi
204 1092 300 1151 monti
322 1090 406 1152 Sinai
429 1110 496 1151 eum
521 1090 662 1152 omnibus
684 1091 849 1153 terroribus
872 1093 948 1156 suis.
972 1092 1045 1168 Quia

125 1180 198 1235 tuno
234 1193 296 1233 non
331 1172 510 1235 audiebatur
535 1176 595 1235 ista
617 1174 741 1236 vivifiea
764 1193 840 1236 vox:
879 1174 1044 1251 Eonlldita,

124 1256 178 1318 sed
200 1256 433 1333 istomortifioa‚
456 1277 535 1336 quae
548 1257 641 1318 dixit:
664 1258 704 1319 Ut
725 1259 1043 1337 timeatisDominnm,

123 1346 154 1401 et
175 1340 217 1401 illi
240 1359 363 1419 quoque
385 1340 541 1401 dixerunt:
574 1339 644 1401 Non
666 1341 808 1421 loquatur
829 1341 922 1403 nobis
945 1341 1044 1403 Domi·

124 1443 191 1501 nus,
212 1443 251 1483 ne
275 1425 447 1488 moriamur.
490 1423 573 1503 Ergo
596 1424 674 1503 legis
696 1443 760 1486 vox
781 1431 842 1486 est:
864 1425 966 1503 rliure,
988 1442 1043 1484 mo·

124 1526 201 1579 rere,
219 1506 320 1579 interi,
344 1505 506 1567 damnatus
520 1513 597 1584 esto,
621 1509 713 1569 etiam
734 1509 832 1568 iustus
844 1527 886 1569 ex
908 1508 980 1588 lege
992 1514 1042 1569 eta.

125 1589 184 1651 Sed
200 1589 279 1651 haee
299 1608 361 1650 vox
385 1596 431 1650 est
447 1589 620 1670 Evangelii:
644 1590 783 1670 confide,
805 1591 887 1667 vive,
910 1596 1043 1652 servatus

124 1678 202 1734 esto.
247 1672 363 1733 Pendet
385 1693 459 1753 ergo
483 1679 547 1733 tota
569 1672 724 1734 rhetorica
744 1673 907 1754 Evangelii
936 1676 967 1734 in
991 1676 1042 1734 isto

123 1754 232 1817 verbo:
269 1755 414 1833 confide,
435 1755 495 1834 fili,
531 1756 602 1836 quia
624 1755 791 1838 signifieat,
825 1756 1042 1838 impellendum

124 1859 192 1900 esse
215 1858 268 1900 oor
291 1838 329 1899 ad
352 1838 494 1900 fiduoiam
518 1838 660 1901 omnibus
683 1841 870 1920 argumentis
894 1846 926 1902 et
947 1858 1043 1902 exem-

124 1922 201 2001 plis,
233 1941 313 2003 quae
344 1922 672 1984 misericordiamllei
695 1920 904 2003 ¹praedioant,
942 1925 1044 1987 oonlra

124 2006 228 2148 (dmnda
249 2011 431 2086 argumenta
452 2012 483 2066 et
504 2006 658 2086 exempla,
682 2024 763 2086 quae
782 2008 859 2068 iram
876 2006 936 2068 Dei
949 2013 1044 2069 ostan-

147 2107 187 2147 un
203 2137 210 2151 .

208 2204 378 2265 Dialeotioa
415 2213 515 2267 autem
540 2205 700 2284 Evangelii
731 2213 779 2267 est
798 2208 859 2267 ista
881 2208 1042 2269 sententia:

123 2288 329 2349 Remittuntur
357 2288 410 2349 tibi
439 2295 578 2369 peeoata.
621 2288 678 2349 Hie
708 2289 791 2350 nulla
820 2290 852 2350 fit
875 2290 977 2351 verbis
999 2310 1042 2350 ex·

123 2371 266 2451 hostetin,
290 2371 342 2432 sed
367 2392 414 2432 res
437 2373 505 2451 ipsa
527 2378 611 2433 certa
633 2371 810 2434 definitione
830 2372 969 2447 donetur,
991 2373 1042 2434 sni-

122 2454 203 2531 lioet,
226 2474 295 2514 esse
318 2454 407 2516 nobis
419 2456 630 2516 remissionem
645 2460 841 2535 peecatorum
854 2456 941 2536 apud
951 2456 1042 2517 Deum

124 2557 178 2617 per
192 2536 344 2598 Christum
366 2538 537 2599 oertissime
559 2539 760 2618 propositam.
803 2538 891 2599 Haeo
912 2538 1043 2600 definitio

123 2640 184 2681 nou
208 2622 307 2681 estin
330 2620 453 2681 dubium
476 2621 637 2702 ponenda,
672 2622 744 2700 quia
766 2620 845 2681 iilius
870 2622 927 2683 Dei
952 2624 1044 2700 (quaa

124 2711 170 2764 est
191 2723 310 2764 summa
332 2703 572 2775 demonstratio)
609 2723 676 2765 eam
700 2703 857 2783 praedicat
879 2713 911 2766 et
930 2704 1043 2780 asserit,

123 2805 181 2846 neo
204 2787 336 2865 pertinet
363 2785 401 2847 ad
424 2788 514 2847 istum
538 2787 741 2867 paralyticum
770 2787 869 2849 solum
895 2789 956 2848 ista
977 2784 1043 2847 dell·

123 2870 208 2947 nitio‚
232 2869 295 2928 sed
309 2869 347 2930 ad
370 2888 427 2930 nos
451 2889 578 2946 omnes,
600 2880 632 2929 ut
654 2873 684 2930 in
708 2870 768 2931 fine
792 2870 956 2951 Evangelii
978 2869 1044 2931 dioi-

123 2957 184 3012 tur:
222 2951 280 3027 Qui
303 2952 476 3013 hominibus
507 2953 599 3012 talem
623 2960 807 3032 potestatem
831 2952 930 3032 dedit,
965 2952 1043 3032 quasi

125 3033 248 3113 dioeret,
271 3043 409 3114 potestas
431 3036 483 3096 illa
504 3036 716 3097 universaliter
738 3035 810 3096 data
832 3042 879 3097 est
896 3038 977 3098 inter
997 3037 1045 3096 ho·

124 3118 222 3177 mines
245 3124 302 3179 eto.
346 3117 539 3195 Germanice,
573 3117 659 3181 Earn
682 3120 725 3182 eir
746 3117 857 3199 Elenld)
882 3122 937 3182 bot
960 3115 1045 3194 tisun?

123 3200 241 3261 soilioet
262 3203 417 3262 remittere
438 3210 567 3282 peecata
589 3208 649 3264 eto.
708 3256 712 3261 .

206 3336 268 3397 lam
305 3336 491 3397 delinitionis
531 3343 632 3417 partes
655 3336 802 3416 explicari
826 3338 956 3397 seorsim
981 3355 1044 3417 pos·

123 3425 204 3498 sunt,
226 3419 345 3480 seilioet
376 3420 523 3495 Peooata,
546 3420 707 3494 Remissio‚
739 3420 816 3481 Tibi.
860 3419 919 3481 Ubi
943 3438 1046 3500 peona·

123 3507 185 3562 tum
210 3502 296 3582 dioit,
335 3523 396 3566 non
421 3504 458 3563 de
482 3502 553 3563 fleto
577 3510 629 3565 aut
651 3522 731 3563 vano
754 3508 885 3583 peoonto
909 3503 1046 3583 intelligi·

124 3592 180 3659 tur,
203 3605 261 3645 nee
283 3587 321 3647 de
344 3606 398 3663 eo,
422 3587 503 3666 quod
526 3585 683 3647 homiuum
708 3584 922 3647 traditionibus
947 3588 1044 3657 oritur,

125 3666 178 3727 sed
202 3667 240 3727 de
263 3689 336 3729 vero
355 3679 485 3750 peooato
508 3669 728 3729 oontralleum
752 3669 861 3729 eteius
878 3678 1045 3813 Krneoepta

125 3750 292 3810 seeundum
315 3750 507 3833 decalogum.
552 3753 608 3812 Hie
631 3751 669 3811 de
692 3758 822 3832 peeoato
844 3755 875 3814 in
901 3754 982 3816 nitus
1002 3770 1045 3812 as·
