2348 4162
314 243 351 299 nd
370 244 404 299 D.
422 244 566 300 Erasmurn
585 245 810 301 Rotsrodanrurn.
963 218 1024 310 117

99 432 206 494 peras,
235 413 356 494 qualem
384 431 442 473 uos
465 432 572 474 omues
596 415 704 475 merito
734 413 787 476 tibi
816 416 1023 491 concedimus,

99 505 219 577 quanto
243 497 340 577 magis
363 515 422 576 ego
444 494 592 558 barbarus
604 498 633 556 in
658 496 796 558 barbarie
820 519 941 580 semper
960 520 1023 559 ver·

98 587 202 661 satus,
233 579 288 640 sed
310 578 392 658 quod
416 585 447 639 et
468 582 604 659 spiritum
629 599 728 640 meum
759 588 789 641 et
810 584 955 662 impetum
978 603 1023 642 re-

78 663 237 724 moratus
260 681 314 739 es,
337 669 367 722 et
392 661 569 741 languidum
599 669 669 723 ante
697 682 830 743 pugnam
857 664 1023 744 reddidisti,

98 745 192 827 idque
213 745 332 806 duabus
355 745 541 805 rationibus:
569 747 698 825 primum
723 756 806 824 arte,
831 747 912 825 quod
936 749 1023 808 mira-

100 829 152 889 bili
175 828 294 888 scilicet
316 834 346 887 et
363 834 512 906 perpetua
525 824 676 888 modestia
693 848 832 888 caussam
845 830 924 889 hanc
947 829 1024 910 agis,

98 931 160 991 qna
182 910 258 971 mihi
281 909 436 988 obstitisti,
459 931 497 971 ne
510 928 632 989 possem
656 913 685 971 in
710 919 740 971 te
753 913 890 988 accendi,
913 912 1023 972 deinde

98 995 224 1056 fortuna
244 992 294 1054 vel
322 1012 394 1053 casu
416 994 465 1053 vel
487 994 572 1071 lato,
608 994 690 1073 quod
713 996 743 1054 in
781 1001 878 1055 tanta.
895 1015 927 1055 re
949 996 1022 1055 nihil

98 1077 186 1156 dicis,
210 1075 293 1155 quod
315 1094 375 1136 non
401 1073 513 1136 dictum
537 1078 576 1136 sit
599 1078 690 1156 prius,
715 1084 806 1156 atque
828 1077 907 1138 adeo
923 1079 1022 1137 minus

98 1161 176 1221 dicis
198 1166 229 1220 et
251 1159 319 1238 plus
341 1156 446 1218 tribuis
471 1157 565 1220 libero
589 1159 731 1236 arbitrio,
762 1180 852 1239 quam
875 1161 1022 1221 hactenus

98 1242 265 1323 Sophistae
286 1241 426 1301 dixerunt
449 1249 479 1300 et
503 1241 674 1303 tribuerunt
704 1241 844 1326 (dequo
868 1243 957 1304 latius
981 1242 1021 1304 di-

97 1344 166 1387 cam
198 1321 312 1407 inira),
340 1330 373 1384 ut
402 1325 494 1384 etiam
518 1343 779 1404 supervacaneum
803 1325 957 1387 videretur
978 1345 1021 1384 re-

95 1407 253 1489 spondere
274 1407 339 1466 istis
361 1409 548 1485 argumentis
572 1410 639 1486 tuis,
668 1415 760 1469 antea
788 1428 807 1469 a
829 1428 878 1469 me
900 1412 1022 1494 quoque

82 1486 188 1551 'toties
211 1490 396 1568 confutatis,
430 1491 618 1550 conculcatis
650 1510 721 1552 vero
753 1497 782 1550 et
803 1511 928 1571 prorsus
950 1508 1020 1570 pro-

10 1610 14 1619 ·
96 1575 174 1633 tritis
216 1591 272 1652 per
293 1572 423 1651 Philippi
446 1572 690 1634 Melanchthonis
720 1573 759 1634 de
793 1576 867 1634 locis
889 1573 1021 1634 Theolo-

95 1657 174 1738 gieis
196 1655 344 1715 invictum
367 1654 513 1732 libellum,
536 1675 605 1715 meo
625 1655 740 1736 judicio
759 1676 819 1716 non
846 1656 946 1715 solum
968 1657 1021 1716 im·

96 1739 306 1815 mortalitate,
338 1737 392 1797 sed
415 1756 535 1796 canone
568 1741 692 1817 quoque
724 1739 934 1799 ecclesiastico
959 1738 1021 1818 dig·

95 1840 179 1896 num,
213 1821 263 1880 cui
284 1828 353 1879 tuus
372 1819 493 1880 libellus
516 1829 710 1901 comparatus
733 1822 776 1881 ita
799 1821 871 1881 mihi
906 1821 1023 1881 sorduit

94 1925 133 1966 ac
155 1903 259 1981 viluit,
289 1912 321 1962 ut
343 1902 396 1963 tibi
420 1904 617 1964 vehementer
640 1914 851 1984 compaterer,
884 1906 934 1983 qni
956 1904 1020 1982 pul·

94 1987 279 2047 cherrimam
307 1991 390 2045 tuam
422 1992 452 2045 et
472 1986 664 2066 ingeniosam
695 1985 861 2052 dictionem
901 1988 1020 2059 inistis

94 2068 239 2130 sordibus
269 2068 441 2147 pollueres,
478 2087 515 2129 ac
549 2072 693 2133 materiae
723 2070 954 2150 indignissimae
976 2071 1020 2128 iu-

95 2153 249 2233 diguarer,
272 2169 351 2230 quae
373 2158 434 2210 tam
458 2153 599 2230 pretiosis
619 2152 814 2233 eloquentiae
832 2154 1019 2213 ornamentis

95 2236 271 2309 veheretur,
293 2240 438 2313 tanquam
462 2236 487 2294 si
510 2237 692 2315 quisquiliae
709 2237 754 2295 vel
768 2244 904 2296 stercora
918 2236 1019 2295 aureis

93 2319 312 2399 argenteisque
339 2318 422 2378 vasis
456 2327 658 2398 portarentur.
719 2319 752 2378 Id
782 2318 864 2398 quod
896 2326 927 2379 tu
954 2319 1020 2396 ipse

95 2419 222 2480 quoque
244 2402 434 2479 persensisse
455 2401 582 2477 videris,
610 2404 660 2482 qui
693 2409 754 2462 tarn
776 2401 909 2461 difficilis
937 2400 1018 2458 suisti

94 2483 134 2544 ad
157 2483 219 2543 hoc
240 2482 414 2561 script-ionis
443 2504 552 2543 munus
586 2483 770 2562 obeundum,
799 2503 909 2562 nempe
937 2481 1018 2560 quod

96 2565 290 2627 conscientia
327 2573 379 2626 tua
412 2573 442 2626 te
470 2567 607 2643 monuit,
642 2567 727 2640 tore,
757 2573 789 2625 ut
822 2564 1020 2645 quantislibet

95 2648 293 2727 eloquentiae
319 2647 422 2707 viribis
444 2667 509 2708 rem
532 2655 681 2726 tentares,
715 2665 776 2708 non
800 2666 894 2728 posse
917 2654 1018 2706 tamen

93 2732 169 2791 mihi
193 2731 295 2790 fucum
318 2729 400 2810 fleri,
432 2733 504 2811 quin
526 2730 628 2801 faeces
657 2731 739 2811 ipsas
763 2731 889 2790 semotis
912 2728 1018 2789 verbo-

93 2832 161 2874 rum
182 2812 343 2873 lenociniis
370 2816 598 2894 perspicerem,
627 2815 677 2892 qui
710 2814 765 2873 etsi
789 2832 930 2873 sermone
952 2831 1018 2870 sum

93 2897 267 2976 imperitus,
289 2906 390 2956 rerum
414 2905 515 2956 tamen
539 2900 667 2958 scientia
690 2916 751 2958 nou
775 2916 840 2956 sum
863 2895 1019 2976 imperitus

93 2979 195 3059 gratia
216 2978 283 3057 dei,
316 2980 360 3038 sic
382 2982 462 3039 enirn
486 2998 553 3039 cum
578 2980 672 3040 Paulo
706 2979 806 3040 audeo
836 2979 911 3038 mihi
939 2996 1019 3039 arro·

94 3080 170 3141 gare
193 3069 223 3120 et
245 3060 298 3121 tibi
328 3080 396 3121 cum
427 3061 539 3123 fiducia
568 3058 716 3142 derogare
744 3064 922 3138 scientiam,
948 3061 1021 3120 licet

93 3145 304 3223 eloquentiam
335 3150 365 3204 et
386 3147 541 3225 ingenium
571 3145 624 3205 tibi
650 3164 790 3225 arrogem
815 3164 851 3205 ae
873 3144 946 3204 mihi
971 3144 1020 3202 de-

94 3246 204 3307 rogem
228 3226 325 3287 libens
348 3247 385 3288 ac
413 3229 536 3290 debens.
581 3227 712 3288 Proinde
734 3230 778 3288 sio
803 3229 937 3306 cogitavi
961 3271 969 3304 ,
995 3228 1020 3284 si

94 3312 146 3389 qui
171 3317 262 3385 sunt,
293 3311 343 3388 qui
372 3319 477 3373 nostra
508 3313 600 3372 tantis
629 3312 791 3390 scripturis
813 3312 930 3370 munita
958 3328 1019 3369 non

95 3392 188 3454 allius
211 3393 475 3455 imbiberuntnec
496 3395 603 3454 fortius
625 3400 749 3469 tenent,
779 3412 868 3474 quam
901 3398 933 3451 ut
953 3392 1020 3450 istis

95 3475 215 3537 levibus
238 3483 267 3535 et
288 3475 374 3536 nihili
394 3479 581 3556 argumentis
605 3477 740 3556 Elraami,
770 3477 909 3555 quamvis
933 3493 1020 3535 orna·

95 3559 237 3638 tissimis,
268 3567 444 3639 moventur,
468 3560 551 3640 digni
574 3579 635 3620 non
659 3566 739 3636 sunt,
762 3559 870 3638 quibus
893 3577 962 3618 mea
975 3576 1020 3617 re·

94 3642 266 3723 sponsione
291 3641 473 3719 medeatur,
508 3643 581 3703 nihil
604 3642 684 3702 euim
712 3642 824 3703 talibus
865 3642 938 3702 satis
961 3640 1020 3702 dici

94 3730 149 3785 aut
170 3724 261 3784 scribi
283 3733 390 3804 posset
421 3726 469 3785 vel
492 3727 593 3786 multis
617 3724 737 3786 milibus
760 3726 905 3786 librorum
928 3725 1019 3785 etiam
1067 3794 1072 3801 ·
