2348 4162
200 240 263 310 638
490 243 682 303 Praelationss
700 246 735 303 D.
752 246 788 303 ll.
806 248 837 304 L.

143 451 151 493 ,
201 414 251 493 qui
276 413 350 475 liber
372 432 454 475 anno
476 411 557 481 1537
579 414 635 477 sub
656 415 716 476 bac
736 415 937 497 inscriptione
964 419 1046 498 typis
1075 418 1115 478 in·

201 496 343 578 vulgatos
368 503 427 558 est:

281 580 441 661 Epistolas
474 580 625 661 quaedam
647 581 804 643 Piissimae
837 588 867 642 et
897 581 1117 644 eruditissimae

240 662 386 725 Iohannis
410 663 485 744 lius,
506 683 586 744 quas
607 665 694 726 solae
715 666 789 725 satis
812 663 970 726 declarant
984 665 1115 746 Papists

240 765 305 806 rum
328 747 458 826 pietates
481 766 549 808 esso
571 748 706 809 Satanae
726 748 829 809 furias.
872 746 988 808 Addita
1012 755 1061 809 est
1082 749 1115 811 D.

240 828 360 889 Martini
391 829 512 890 Lutberi
537 831 698 892 Praefatio.
733 828 952 908 Vitembcrgac
975 831 1024 893 lix
1047 830 1114 892 oot-

240 913 309 971 oiua
331 912 457 974 Ioannis
478 912 566 976 Lufft.
589 915 681 974 Anno
703 911 948 975 u.D.xxxv11.-
983 911 1022 974 ln
1044 913 1116 974 lius:

240 994 287 1054 Ex
321 994 450 1056 Offioina
482 995 720 1078 Typograpbica
752 993 881 1057 Ioannis
902 995 991 1058 Laut:
1028 996 1115 1058 Anno

239 1077 474 1244 ΙΜΙ.[).ΧΧΧ“,7)ΙΙ.
488 1081 517 1144 8.
541 1078 593 1162 (cf.
606 1078 747 1156 Schinae,
760 1077 895 1158 Ungedrs
919 1078 1022 1140 Briefe
1034 1079 1114 1142 Lutb.

181 1180 205 1193 ··
255 1163 289 1239 Ι,
311 1180 341 1242 p.
364 1163 455 1226 365.
1072 1172 1075 1177 '

316 1326 353 1387 D.
375 1327 523 1387 Martinus
544 1326 656 1387 Lutber
678 1326 850 1388 Christiano
874 1325 1005 1390 Lectori.
1071 1292 1076 1299 ‚
1101 1274 1105 1287 ·

281 1441 501 1524 Episcopus*)
527 1443 682 1504 Romanus
716 1440 754 1525 (si
777 1443 951 1523 Episcopus
983 1442 1045 1505 dici
1065 1461 1116 1525 po·

198 1531 258 1586 test
277 1524 439 1586 basiliscus
462 1526 513 1586 ille
535 1527 687 1587 ecclesiae
707 1525 765 1586 Dei
787 1533 819 1585 et
839 1526 934 1605 pestis
957 1526 1041 1587 orbis
1063 1534 1115 1587 ter

197 1609 316 1684 rarum)
346 1610 424 1685 inter
461 1617 578 1670 ceteras
612 1628 683 1670 suas
718 1606 964 1669 abomibationes
987 1616 1022 1670 et
1040 1608 1116 1670 banc

197 1689 254 1751 sibi
276 1692 448 1773 arrogavit,
486 1692 545 1753 iam
570 1690 607 1753 ab
637 1692 725 1753 annis
747 1680 814 1772 pl'us
845 1692 943 1750 minus
964 1692 1115 1770 trecentis,

198 1778 230 1834 ut
251 1772 308 1833 sibi
337 1774 427 1836 licere
459 1776 572 1855 putarit
606 1772 742 1854 quotidie
770 1791 869 1834 novos
892 1773 969 1834 deos
993 1773 1067 1835 dare
1087 1781 1115 1842 et

198 1875 304 1919 creare
324 1857 354 1917 in
378 1857 529 1938 ecclesia,
551 1875 752 1937 quoscunque
775 1856 922 1934 libuisset,
945 1856 1018 1916 dum
1042 1876 1115 1918 mor·

197 1947 267 2003 tuos
290 1947 414 2000 sanctos
447 1938 497 2023 (ut
518 1943 649 2018 vocant)
674 1940 869 2001 canonisaret
901 1946 932 1998 et
954 1938 1044 2001 nobis
1066 1936 1115 2000 ad-

197 2020 348 2103 orandos,
381 2021 573 2084 invocandos
613 2022 760 2103 festisque
788 2021 895 2081 diebus
918 2020 1115 2083 honorandos

196 2103 372 2182 mandaret,
407 2123 536 2184 quorum
558 2105 784 2184 nequetidem,
806 2122 905 2183 neque
929 2122 1025 2184 opera
1047 2124 1115 2164 vera

196 2204 289 2247 nosse
314 2187 427 2266 potuit,
471 2187 638 2248 ostendens
660 2187 719 2248 bac
736 2185 872 2248 horribili
894 2188 1026 2265 insania,
1049 2205 1114 2246 vere

196 2288 229 2329 se
252 2269 335 2330 illum
359 2289 443 2348 esse,
475 2270 526 2350 qui
567 2272 596 2330 iu
624 2271 741 2350 templo
763 2269 820 2329 Dei
852 2268 958 2329 sedeat
999 2278 1029 2331 et
1051 2288 1114 2330 sese

197 2353 285 2432 quasi
307 2351 404 2412 Deum
428 2351 581 2431 ostendat,
604 2361 711 2415 contra
733 2359 763 2412 et
785 2371 877 2432 supra
890 2350 990 2412 Deum
1015 2371 1113 2412 verum

196 2443 314 2496 erectus
339 2441 369 2496 et
391 2435 539 2499 elevatus.
582 2436 697 2496 Rursus
718 2455 785 2494 cum
808 2436 853 2494 sio
874 2435 1068 2496 ascendisset
1087 2437 1113 2494 in

195 2518 315 2578 coelum
340 2518 507 2599 coelorum,
530 2519 688 2579 descendit
710 2516 798 2579 simul
827 2523 857 2577 et
879 2517 917 2576 ad
939 2517 1054 2579 inferos
1077 2519 1114 2576 in·

194 2600 343 2675 ferorum,
379 2606 410 2661 et
442 2621 503 2661 non
537 2601 637 2662 solum
669 2601 837 2682 purgatorii
868 2619 938 2660 sese
961 2600 1113 2662 dominum

195 2683 277 2760 lecit,
300 2685 417 2743 animas
453 2702 509 2764 pro
534 2684 658 2745 libidine
682 2685 916 2763 eripiens‚.tum
941 2702 980 2742 ex
1001 2683 1114 2757 favore,

195 2772 257 2826 tum
280 2784 336 2847 pro
360 2767 500 2846 pecunia,
523 2773 614 2848 prout
636 2768 732 2827 visum
755 2764 1113 2847 fuissentsummum

193 2847 318 2928 inferni,
356 2849 503 2910 damnans
527 2857 663 2910 mortuos
692 2856 722 2908 et
744 2848 912 2908 decernens
935 2847 1114 2928 haereticos,

194 2932 323 3011 quorum
357 2938 458 2992 tamen
487 2951 545 3012 nec
575 2933 666 2992 vitam
697 2951 755 2991 nec
777 2930 947 2991 doctrinam
971 2932 1114 3006 novisset,

195 3015 252 3073 nisi
276 3020 425 3093 quotenus
455 3022 562 3085 contra
594 3035 665 3076 suas
699 3014 945 3077 abominationes
977 3013 1114 3075 docuisse

195 3106 226 3155 ot
248 3098 348 3176 egisse
369 3098 526 3160 sensisset.

267 3375 298 3444 ·)
318 3378 384 3444 Nos,
406 3378 505 3446 quibus
523 3377 569 3433 bic
586 3380 656 3436 liber
674 3394 753 3433 rarus
767 3382 880 3445 praesto
899 3391 955 3430 non
974 3381 1045 3443 erat,
1062 3383 1114 3432 tor·

194 3453 251 3503 tum
272 3447 354 3502 buius
372 3448 554 3517 praefationis
573 3451 758 3505 recudendum
778 3446 944 3513 curavimus,
965 3463 1045 3516 quem
1058 3449 1114 3502 Rio-

193 3518 273 3574 dsror
291 3519 319 3573 in
341 3519 426 3576 libro:
457 3521 641 3578 Nachricbtcn
667 3538 715 3577 zur
734 3519 863 3575 Kircben=
883 3517 1046 3574 delabi-ten:
1064 3518 1114 3574 und

193 3588 477 3661 Bbobergescbicbts,
508 3593 547 3648 Ill
565 3593 606 3658 Τ.,
626 3595 673 3648 Xl.
693 3593 768 3646 Part.
787 3587 908 3644 Altdorf
924 3591 994 3647 1766
1012 3609 1041 3660 p.
1060 3593 1113 3652 359,

193 3660 241 3715 ubi
261 3661 373 3717 uberius
392 3663 613 3733 dehisepistblis
625 3665 691 3737 agit,
712 3662 863 3732 evulgavit.
891 3661 1035 3718 Walobius
1049 3662 1114 3716 banc

194 3730 400 3804 praefationem
418 3751 474 3792 non
492 3736 622 3793 reddidit.
