2348 4162
122 241 188 311 330
369 244 412 300 De
430 260 511 301 servo
530 244 644 302 arbitrio
662 245 695 301 D.
714 247 748 303 ts.
767 247 798 302 Iu

124 419 236 497 cimus,
257 416 295 479 dc
318 419 346 479 vi
370 419 528 500 potentius
551 418 683 497 scilicet,
706 438 769 479 non
792 418 831 480 de
853 426 924 481 ectu
947 419 1049 501 dispu-

123 508 232 563 tumus.

206 584 408 665 Respondeo:
436 584 538 646 Verbo
559 586 727 666 prophetae
759 584 921 646 includunt
947 590 981 647 et
1001 605 1050 647 uc

125 675 185 729 tum
210 675 241 729 et
263 670 450 749 potentium,
479 676 509 729 et
529 668 611 729 idern
635 675 681 728 est
702 668 818 729 dicere:
835 738 838 743 ¹
857 669 962 731 Homo
986 688 1048 731 uon

123 753 248 832 requirit
270 752 379 830 Deum,
403 770 441 814 oc
461 753 486 813 si
511 753 609 813 dices:
644 751 746 812 Homo
774 771 837 812 nou
860 759 967 832 potest
1001 773 1047 814 re·

80 838 84 845 '
122 838 242 916 quirere
265 835 375 899 Deum.
419 835 509 912 Quod
532 835 603 895 inde
625 834 770 914 colliges,
801 837 891 915 quia,
915 837 940 896 ei
965 843 1049 897 essct

123 921 262 1000 potentia
283 926 336 979 cut
356 920 401 979 vis
427 920 458 978 iu
481 920 606 980 bomine
628 918 700 980 boui
723 918 864 996 volendi,
894 938 964 980 oum
995 939 1049 1000 per

123 1003 367 1082 omnipotentiae
387 1001 510 1073 divinae
532 1010 647 1063 motum
662 1022 722 1064 uon
745 1003 869 1063 ciuntur.
883 1003 1048 1083 quiescere

124 1093 176 1146 out
198 1086 317 1160 feriari,
340 1091 373 1145 ut
394 1104 487 1165 supro
510 1084 695 1166 docuimus,
733 1085 799 1146 fieri
830 1103 894 1147 non
928 1092 1046 1167 posset,

124 1171 194 1247 quin
217 1170 247 1228 iu
271 1167 395 1246 aliquod
424 1169 474 1230 vel
497 1169 606 1229 saltem
634 1170 664 1229 iu
701 1189 762 1230 uuo
784 1169 888 1249 aliquo
910 1188 1047 1231 movere·

124 1260 191 1330 tur,
223 1257 254 1312 et
277 1271 332 1312 usu
356 1250 459 1332 aliquo
485 1251 709 1316 ostenderetur.
762 1252 803 1313 At
832 1252 894 1313 hoc
916 1270 980 1313 non
1003 1252 1046 1330 nt,

123 1337 195 1415 quio
219 1332 347 1414 Dens*)
373 1334 411 1396 de
434 1335 524 1397 coelo
547 1336 712 1417 prospicit,
740 1342 771 1395 et
797 1354 837 1395 ne
865 1355 961 1396 uuum
983 1335 1046 1415 qui·

124 1417 194 1479 dciu
216 1417 308 1496 videt,
327 1419 378 1498 qui
400 1421 534 1498 requirat
555 1426 608 1479 cut
622 1427 763 1498 oouetur3
785 1436 880 1498 quere
899 1418 1045 1496 sequitur,

123 1508 190 1563 eoru
213 1503 274 1563 vim
296 1520 445 1579 nusqunm
468 1521 552 1580 esee,
575 1521 653 1581 quoe
677 1508 805 1562 conetur
826 1507 879 1562 aut
900 1500 976 1564 velit
997 1520 1045 1563 re-

123 1587 251 1665 quirere,
275 1584 328 1646 sed
352 1602 459 1647 omues
482 1584 639 1645 declinent
670 1586 782 1665 potius.
838 1583 962 1645 Deinde
989 1585 1044 1645 nisi

123 1668 162 1729 de
183 1669 365 1748 impotentia
387 1669 477 1729 simul
499 1668 720 1749 intelligeretur
731 1667 854 1744 Paulus,
878 1667 1044 1748 disputatio

123 1773 179 1814 sus
201 1753 274 1812 nihil
288 1751 435 1817 efficeret.
470 1751 550 1828 Quia
570 1752 601 1812 in
623 1751 684 1812 hoo
705 1759 787 1813 totus
805 1747 958 1812 incumbit
972 1751 1044 1811 Pun-

125 1839 193 1915 lus,
217 1843 250 1897 ut
270 1837 399 1918 gratiam
422 1835 627 1896 necessarium
650 1834 743 1896 faciat
776 1836 894 1895 cunctis
916 1834 1044 1895 homini·

124 1922 189 1981 bus.
241 1919 272 1980 Si
295 1924 397 1980 cutem
426 1939 481 1999 per
503 1937 573 1979 sese
601 1918 714 1998 aliquid
748 1922 879 1998 possent
902 1917 1045 1998 insipere,

124 2005 222 2084 gratie
244 2021 305 2062 uon
328 2001 408 2063 iuret
429 2021 516 2083 opus.
550 2000 641 2062 Nunc
662 2008 775 2081 nutem,
798 2001 870 2081 quio
893 2019 957 2062 uon
979 2018 1044 2082 pos

123 2094 203 2163 suut,
226 2104 303 2165 opus
326 2084 452 2146 estillic
475 2084 584 2165 gretie.
632 2081 680 2146 Itu
704 2084 790 2145 vides
820 2082 949 2145 liberum
972 2082 1044 2145 cubi·

124 2171 213 2230 trium
234 2168 295 2228 boc
317 2168 387 2228 loco
410 2167 543 2228 funditus
567 2167 658 2247 tolli,
692 2186 749 2229 neo
787 2168 953 2248 quicquum
975 2165 1045 2228 boni

123 2262 175 2313 aut
197 2252 319 2312 honesti
340 2252 371 2311 in
394 2251 518 2312 homine
540 2251 679 2330 relinqui,
703 2251 774 2311 dum
798 2251 940 2330 iniustus,
963 2251 1044 2329 ignu-

123 2357 173 2398 rus
198 2337 264 2412 Dei,
289 2340 483 2414 contemptor
504 2334 576 2412 Dei,
598 2353 725 2394 eversus
753 2341 784 2395 et
804 2333 920 2394 inutilis
944 2350 1043 2394 corum

123 2421 190 2481 Deo
213 2419 363 2495 delinitur,
387 2426 417 2477 et
439 2417 641 2478 sutisfortiter
661 2424 779 2497 pugnet
800 2416 965 2497 prophete,
987 2422 1044 2476 tuni

123 2522 179 2564 suc
202 2502 283 2580 loco,
307 2520 398 2582 quum
421 2501 450 2560 iu
473 2500 569 2560 Peulo
592 2518 662 2560 eum
684 2501 857 2582 allegante:
997 2518 1000 2523 ·

207 2585 273 2648 Nec
295 2605 391 2666 parva
412 2602 460 2644 res
483 2589 544 2660 est,
567 2601 634 2643 cum
659 2583 768 2644 dicitur
789 2583 883 2644 homo
906 2582 1046 2660 ignorare

124 2679 155 2731 et
176 2676 376 2731 contemnere
397 2668 513 2745 Deum,
541 2665 642 2727 fontes
665 2673 736 2727 snut
762 2666 792 2726 hi
822 2664 961 2726 omnium
983 2681 1045 2725 sce·

124 2755 230 2834 lerum,
254 2753 374 2813 sentina
396 2756 610 2830 peccatorum,
643 2751 705 2811 imo
728 2749 862 2810 infernus
886 2747 1045 2810 malornm.

124 2836 203 2912 Quid
227 2836 268 2895 ibi
291 2854 352 2896 non
374 2835 413 2893 sit
435 2833 518 2910 mali,
541 2831 781 2913 ubiiguoruutin
803 2837 836 2892 et
850 2837 1045 2911 contemptus

125 2920 182 2980 Dei
204 2917 313 2980 luerit?
347 2917 493 2995 Breviter,
516 2934 645 2995 regnum
668 2915 801 2977 Satanae
818 2916 848 2975 iu
871 2913 1046 2976 hominibus

124 3022 182 3062 uec
204 2999 417 3079 brevioribus,
445 3017 504 3059 nee
526 2998 714 3078 plenioribus
741 2998 841 3059 verbis
866 2998 968 3077 potuit
996 2995 1045 3057 de·

125 3084 228 3161 scribi,
250 3103 341 3164 quem
366 3081 448 3162 quod
472 3081 788 3162 eosdiceretigunrcs
811 3085 1044 3161 etconiempto·

124 3188 173 3229 res
196 3168 261 3229 Dei.
304 3166 350 3227 Ibi
372 3171 419 3226 est
440 3164 651 3243 incredulitas,
685 3165 725 3225 ibi
754 3160 982 3242 inobedientis,
1008 3161 1046 3223 ibi

124 3251 295 3331 sacrilegia,
317 3248 358 3310 ibi
381 3249 572 3329 blasphemis
596 3266 669 3328 erga
686 3250 790 3324 ileum,
814 3247 854 3307 ibi
872 3246 1045 3319 crudelitas,

125 3344 155 3396 et
176 3331 430 3394 immisericordia
452 3351 525 3411 erga
548 3332 747 3412 proximum,
775 3329 816 3391 ibi
840 3348 928 3391 amor
951 3329 997 3390 sui
1018 3330 1044 3389 iu

126 3417 266 3478 omnibus
288 3415 379 3476 rebus
392 3415 449 3474 Dei
472 3420 502 3474 et
524 3415 692 3479 homiuum.
729 3413 780 3475 Sic
800 3412 898 3476 hebes
920 3412 1044 3494 glorium

126 3510 156 3563 et
179 3501 347 3581 potentium
369 3498 457 3558 liberi
479 3497 604 3559 arbitrii.

209 3584 311 3663 Pergit
332 3600 405 3643 vero
418 3579 533 3643 Paulus
543 3578 614 3664 ΙΜ’),
637 3586 668 3641 et
688 3599 758 3642 cese
780 3579 818 3640 de
830 3579 975 3643 omnibus
995 3578 1044 3640 ho·

200 3774 231 3846 *)
253 3774 352 3831 Psalrn.
373 3775 415 3831 14.
452 3773 500 3841 ”l
520 3774 600 3830 Rom.
618 3773 644 3830 3.
