2348 4162
373 265 464 321 surico
483 264 593 322 cnidum
612 264 810 335 praescriptae.
985 263 1047 329 411

124 430 203 495 Ideo
238 433 377 513 captivus
409 435 460 497 ille
482 437 567 516 cogit
604 455 662 497 nos
700 454 755 495 aue
787 435 982 515 improbitate
1009 433 1048 496 ad

125 516 232 578 odium
253 516 301 577 sui
330 519 428 580 maius
450 526 481 581 et
502 517 625 581 tandem
648 517 687 579 ad
708 519 884 599 victoriam,
906 520 985 581 siout
1007 518 1048 579 la·

125 608 173 661 tro
196 600 337 681 captivus
369 621 427 663 sua
461 604 630 683 pertinacia
664 602 761 682 magis
791 609 953 682 promovet
974 601 1048 662 iudi·
1124 672 1128 678 Ι

126 702 195 745 cem
230 683 269 745 ad
302 684 400 747 uelum
422 686 571 764 iustitiae,
609 685 680 747 ideo
701 686 733 745 in
757 685 869 745 malum
891 704 1048 747 suumnos

126 774 291 848 peccatum
316 768 462 831 sollicitat
484 771 565 830 etin
589 768 785 831 commodum
809 774 956 846 nostrum,
980 769 1051 847 quia

124 850 212 930 cogit
232 850 271 912 ad
293 850 385 913 fidem
410 859 441 914 et
462 854 631 915 orationem
655 850 746 913 etad
769 851 873 913 odium
891 853 1009 933 peccati
1019 857 1051 912 et

124 952 264 995 amorem
286 935 429 1000 iustitiae.
806 940 812 951 '

210 1051 262 1113 Sic
285 1072 367 1114 mors
390 1054 512 1134 captiva
534 1071 592 1114 suo
614 1059 730 1114 terrore
752 1058 782 1113 et
804 1052 979 1133 importuna
1002 1052 1049 1111 tri·

128 1136 212 1196 stitia
245 1137 330 1217 cogit
356 1156 414 1198 nos
436 1136 475 1198 ad
508 1135 600 1197 fidem
624 1142 655 1197 et
675 1136 919 1208 invocationem,
949 1134 1051 1196 donec

127 1217 298 1279 efficiamur
319 1220 412 1282 lortes
435 1227 465 1281 et
478 1225 706 1299 contemptores
719 1220 784 1279 eins
795 1219 944 1296 tristitiae,
967 1215 1050 1297 quod

125 1306 176 1361 est
196 1303 263 1363 eius
284 1321 436 1363 summum
464 1302 576 1363 malum
600 1309 659 1366 etc.
702 1301 752 1364 Sic
779 1300 816 1362 de
844 1303 914 1382 lege
937 1306 965 1362 et
988 1299 1050 1362 dia·

124 1384 201 1446 bolo
224 1390 282 1452 eto.

202 1636 411 1699 Dominica
434 1635 588 1699 exaudi.
630 1635 739 1703 Iohan.
761 1636 828 1702 XV.
850 1641 880 1695 et
901 1633 984 1700 XVI.

209 1858 285 1919 (lum
308 1861 410 1919 autem
433 1857 552 1919 venerit
573 1858 765 1938 paracletus,
787 1878 877 1938 quem
900 1878 959 1939 ego
983 1860 1048 1921 mic

123 1948 188 2002 tam
223 1961 242 2002 e
263 1940 353 2002 Patre
374 1940 519 2020 Spiritum
541 1942 698 2019 veritatis,
719 1943 771 2021 qui
795 1961 814 2002 a
834 1941 924 2003 Patre
945 1961 1051 2022 proee-

123 2023 180 2103 dit,
203 2024 255 2086 ille
277 2024 484 2086 testimonium
506 2024 679 2106 perhibebit
701 2024 739 2085 de
760 2045 819 2104 me,
841 2032 872 2086 et
895 2045 951 2087 vos
968 2026 1051 2086 testi-

124 2109 263 2169 monium
285 2105 500 2188 perhibebitis,
535 2110 607 2188 quia
641 2107 680 2169 ab
713 2109 800 2171 initio
826 2128 944 2170 mecum
968 2109 1050 2173 estis.

209 2223 295 2286 Haec
316 2223 437 2285 locutus
459 2243 526 2285 sum
539 2225 637 2306 vobis,
660 2233 693 2287 ut
714 2245 776 2287 uon
789 2225 1050 2288 scandalizemini.

125 2306 254 2387 Absque
276 2307 446 2389 synagogis
469 2308 677 2384 facientque,
699 2308 753 2370 sed
776 2311 878 2370 veniet
898 2308 992 2385 hora,
1019 2315 1052 2369 ut

124 2391 244 2467 omnis,
278 2392 328 2471 qui
351 2388 493 2451 interficit
522 2409 597 2468 vos,
631 2390 792 2453 arbitretur
814 2391 994 2471 obsequium
1017 2410 1052 2453 ee

123 2480 282 2554 praest-arc
302 2474 380 2535 Deo.
424 2472 463 2533 ut
498 2472 576 2534 haec
607 2475 720 2534 facient
750 2474 855 2548 vobis,
889 2477 960 2555 quia
987 2493 1050 2535 non

123 2561 277 2617 noverunt
297 2556 434 2634 Patrem,
470 2574 571 2634 neque
599 2577 657 2618 me.
700 2556 760 2619 aed
796 2557 874 2618 haee
906 2557 1050 2636 loquutus

123 2659 191 2699 sum
216 2638 314 2720 vobis,
338 2644 381 2718 ut,
404 2657 472 2698 cum
496 2640 614 2700 venerit
636 2640 722 2720 hora,
746 2659 851 2701 eorum
874 2642 1050 2701 reminisca-

123 2722 215 2798 mini,
248 2720 330 2801 quod
354 2739 413 2801 ego
437 2720 564 2782 dixerim
586 2722 685 2787 vobis.
727 2722 814 2784 Haec
837 2729 938 2801 autem
961 2723 1049 2785 vobis

124 2804 164 2869 ab
184 2805 273 2866 initio
296 2823 358 2865 nou
382 2803 456 2884 dixi,
479 2806 550 2884 quia
571 2805 731 2868 vobiscum
755 2826 848 2869 eram.

207 2921 278 2983 Duo
301 2925 372 2983 sunt
393 2920 495 2983 officia
506 2921 635 3002 Spiritus
657 2925 765 3004 sancti,
786 2925 916 3008 primum
940 2941 1049 2985 conso-

120 3005 190 3085 lari,
212 3007 331 3086 erigere
366 3003 461 3066 corda
501 3025 556 3067 seu
589 3008 809 3070 conscientiam
843 3027 917 3088 erga
939 3006 1049 3087 Deum,

122 3094 158 3151 ut
179 3089 253 3151 certi
276 3089 371 3149 simus
393 3088 492 3149 Deum
516 3088 628 3171 favere,
652 3098 683 3151 et
707 3110 764 3153 nos
786 3091 909 3173 plaeere
932 3091 977 3167 ei,
1004 3109 1049 3151 re·

122 3171 225 3233 missis
247 3171 382 3253 peccatis
410 3170 551 3234 omnibus
580 3173 836 3253 praecedentibus
859 3180 890 3236 et
912 3173 1048 3235 toleratis

120 3253 404 3334 imperfectionibus
439 3256 551 3317 nostris
580 3263 632 3318 aut
654 3256 839 3336 quotidianis
860 3256 996 3337 lapsibus
1019 3260 1050 3317 et

122 3336 308 3416 defectibus,
331 3338 460 3400 ethaeo
486 3339 590 3400 omnia
610 3345 737 3420 propter
758 3340 910 3403 Christum
934 3338 1049 3401 media·

121 3426 233 3501 torem,
254 3422 297 3483 ita
320 3428 352 3481 ut
372 3421 448 3485 certi
460 3421 636 3505 efficiamur,
658 3442 720 3485 nou
732 3424 823 3486 irasci
836 3422 925 3485 nobis
936 3420 1048 3498 Deum,

121 3502 179 3565 sed
208 3504 372 3586 propitium
404 3523 483 3566 esse.
537 3505 622 3568 Haeo
657 3505 759 3569 officia
792 3507 921 3588 Spiritus
950 3506 1048 3568 sancti

121 3584 209 3649 nulla
229 3589 325 3665 ratio,
346 3587 413 3668 lex,
436 3587 614 3667 consilium,
638 3609 730 3672 opus,
754 3595 911 3672 praestare
933 3594 1047 3669 potest,

120 3668 177 3814 lsed
207 3670 301 3732 solius
323 3672 419 3753 ipsius
454 3678 502 3735 est
522 3670 600 3734 haec
621 3673 737 3754 gloria,
770 3673 854 3754 qnod
877 3674 917 3733 sit
937 3689 1046 3733 conso-

133 3758 212 3816 ator.
