2340 4162
191 272 256 343 570
475 275 670 334 Praetationee
687 276 723 333 D.
740 277 776 332 tt.
794 277 825 333 L

195 464 282 523 cere,
302 447 500 527 permittente
521 448 567 508 ira
589 448 662 528 Dei,
697 453 804 507 nostra
825 446 1049 528 ingratitudine
1070 465 1118 506 co·

194 539 302 610 gente,
325 549 418 609 quam
442 531 582 592 cbristus
615 533 752 591 maximo
773 530 904 610 Spiritus
935 532 981 590 sui
1005 532 1117 610 impetu

194 615 352 694 purgavit,
379 616 459 674 sicut
495 615 641 693 scriptum
670 619 733 675 est:
768 613 999 692 Conqueeaabit
1031 620 1119 692 caput

194 706 340 758 terrarum
357 699 543 776 mattarum,
567 697 679 758 Psalm.
703 700 772 777 109,
801 697 873 776 quid
896 716 977 778 rogo
1000 698 1031 756 in
1053 696 1117 756 aliis

194 781 332 861 pertibus
365 780 448 841 orbis
484 779 649 862 (quantum
679 783 780 860 potuit
808 779 893 842 furor
914 779 1001 859 eius)
1032 779 1117 839 nobis

195 883 304 944 purum
328 871 359 924 et
379 865 532 923 sincerum
555 863 761 943 relinqueret?
801 862 882 923 Hinc
901 862 1036 924 mundus
1060 861 1117 941 pte·

194 965 253 1007 nus
275 957 321 1007 eat
342 948 514 1027 impietate,
544 947 701 1022 idolatria,
724 946 872 1025 cultibus,
893 945 1006 1008 fabulis
1028 954 1060 1006 et
1081 944 1118 1004 te-

194 1030 305 1110 gendis
327 1031 527 1104 Sanctorum,
554 1031 656 1089 missis
684 1030 837 1110 profanis,
864 1037 896 1090 et
925 1031 994 1108 quis
1016 1028 1117 1089 omnia

194 1113 342 1173 scandata
368 1112 529 1173 numeret?
577 1110 681 1192 Ipsam
712 1112 782 1172 vide
802 1112 992 1192 scripturam
1022 1119 1054 1171 et
1073 1128 1116 1170 aa·

198 1204 354 1258 eramenta
377 1197 453 1274 Dei,
482 1204 557 1274 quot
579 1195 742 1276 generibus
776 1205 808 1255 et
826 1196 992 1276 speciebus
1016 1194 1116 1255 baere-

195 1280 273 1339 sinm
298 1288 329 1339 et
351 1299 485 1340 errorum
514 1281 642 1338 tentavit
663 1297 788 1360 prorsus
810 1277 960 1358 perdere?
989 1297 1048 1338 nec
1068 1277 1116 1335 bo·

195 1361 245 1423 die
267 1364 297 1421 in
319 1362 379 1422 bac
400 1382 433 1422 re
456 1363 556 1421 miuus
579 1362 660 1440 furit,
685 1380 776 1440 qnam
799 1368 892 1422 entea
914 1381 1048 1440 semper.
1077 1359 1116 1418 Ea
1151 1374 1155 1383 ’

195 1445 310 1506 matitia
332 1464 455 1525 quoque
477 1446 626 1524 imprimis
656 1443 806 1525 appetivit
827 1444 908 1504 bunc
941 1443 1051 1503 tibrum
1074 1461 1118 1500 ce·

194 1527 406 1605 leberrimum‚
436 1547 526 1608 quem
560 1525 670 1590 Vitas
693 1527 842 1588 Petrum
873 1527 1014 1607 appellat
1040 1524 1118 1586 orbis

194 1617 278 1672 totus
299 1612 461 1674 ecciesiae.

279 1729 338 1790 Sed
360 1729 411 1790 bic
432 1730 515 1811 prius
529 1727 658 1789 referem
680 1728 777 1807 ipsius
800 1725 832 1790 S.
851 1726 1034 1808 Hieronymi
1055 1745 1117 1786 sen-

195 1815 332 1891 teutiam,
378 1833 435 1874 uae
458 1820 504 1873 est
526 1815 555 1872 in
575 1806 716 1892 E'pistola
739 1809 865 1870 eiusad
888 1810 1117 1890 Ctesiphontem

196 1902 304 1957 contra
326 1832 521 1977 Pdiagianoe.
579 1894 739 1975 Euagrius,
762 1895 868 1973 inquit,
893 1895 1037 1973 ponticus
1060 1892 1117 1972 Hy·

194 1978 366 2060 perborita,
393 1981 442 2059 qui
473 1979 577 2040 scribit
611 1978 649 2037 ed
671 1977 822 2059 virgines,
851 1976 958 2037 scribit
984 1976 1022 2036 ad
1057 1995 1119 2035 mo·

195 2061 323 2143 nachon,
348 2063 443 2124 edidit
465 2062 572 2123 librum
596 2071 627 2121 et
649 2061 818 2122 sententiae
839 2063 918 2146 περὶ
939 2055 1120 2133 ἀπαθείας,

199 2162 290 2225 qnam
324 2165 384 2207 nos
416 2145 692 2227 impassibilitatem
728 2142 776 2203 vel
818 2141 1120 2224 imperturbationem

199 2247 363 2311 possumus
385 2230 497 2308 dicere,
520 2227 643 2309 quando
660 2246 814 2306 nunquam
837 2228 956 2287 animus
972 2226 1034 2287 utto
1057 2245 1121 2306 per·

199 2310 378 2373 turbationis
402 2312 475 2372 vitio
499 2317 712 2372 commovetur
739 2316 770 2369 et
795 2314 845 2388 (ut
876 2309 1059 2390 simpliciter
1082 2307 1121 2367 di-

199 2393 282 2472 cam)
306 2395 352 2455 vet
390 2416 496 2456 saxum
528 2395 575 2454 vei
600 2394 685 2455 Deus
713 2402 769 2455 eat.
816 2391 914 2452 Huius
946 2389 1041 2452 libros
1070 2410 1123 2472 per

200 2478 348 2537 orientem
373 2478 527 2555 Graecos,
557 2482 602 2553 et,
631 2478 850 2554 interpretante
880 2475 1031 2555 discipulo
1060 2475 1122 2534 eius

199 2559 340 2637 Ruffino,
374 2560 497 2621 Latinos
532 2560 671 2640 plerique
707 2561 737 2618 in
774 2558 935 2618 occidente
975 2558 1120 2617 lectitent.

200 2641 258 2717 Qui
282 2642 390 2702 librum
405 2662 529 2723 quoque
551 2643 672 2723 scripsit
689 2643 775 2721 quasi
799 2641 836 2700 de
854 2640 1027 2717 monacbis,
1050 2639 1121 2699 mul-

200 2733 309 2804 tosque
338 2726 368 2785 in
391 2746 429 2786 eo
463 2734 636 2803 enumerat,
667 2727 718 2803 qui
746 2743 900 2803 nunquam
928 2725 1065 2803 suerunt,
1094 2729 1123 2782 et

200 2825 277 2887 quos
301 2808 394 2869 t'uisse
417 2809 520 2870 scribit
532 2807 732 2888 origenistas,
755 2813 786 2866 et
806 2807 844 2866 ab
865 2808 1022 2888 episcopie
1044 2806 1122 2866 dam·

199 2896 290 2950 natos
318 2911 386 2951 esse
418 2912 479 2951 non
509 2891 633 2952 dubium
658 2897 722 2966 est,
751 2891 949 2950 Ammoninm
982 2889 1123 2950 videlicet

200 2981 230 3033 et
258 2973 423 3034 Eusebium
461 2985 491 3035 et
518 2973 713 3053 Euthymium
751 2981 781 3033 et
812 2974 910 3052 ipsum
945 2971 1121 3053 Evagrium,

200 3056 364 3136 Origenem
384 3077 507 3137 quoquc
531 3065 561 3117 et
577 3055 729 3118 Isidorum
754 3062 783 3115 et
801 3054 913 3119 multos
928 3055 1028 3134 aiios,
1046 3072 1120 3134 quos

200 3157 380 3200 enumerare
402 3141 534 3200 taedium
559 3148 614 3200 est.
659 3138 696 3198 Et
719 3139 804 3198 iuxta
825 3137 899 3197 illud
922 3136 1070 3199 Lucretii:

282 3256 328 3316 Ac
351 3257 443 3318 veluti
466 3260 567 3338 pueris
590 3256 753 3337 absynthia
776 3263 851 3317 tetra
875 3255 1034 3316 medentes

283 3340 358 3399 Cum
382 3341 454 3402 dare
476 3349 636 3416 conantur,
659 3341 740 3419 prius
764 3358 833 3398 oras
856 3338 970 3418 pocuia
993 3340 1105 3398 circum

284 3421 472 3503 Contingunt
495 3424 574 3484 dulci
598 3422 695 3482 mellis
718 3421 861 3501 flavoque
885 3422 1016 3499 liquore,

197 3520 242 3580 ite
263 3520 313 3582 itte
336 3542 428 3584 unum
451 3524 618 3584 Iohannem
641 3525 672 3582 in
695 3523 790 3601 ipsius
813 3520 880 3581 libri
903 3522 1055 3603 principio
1073 3538 1125 3599 po·

199 3604 268 3682 suit,
291 3623 380 3685 quern
404 3615 433 3667 et
451 3607 636 3667 catholicum
660 3613 691 3666 et
713 3612 851 3665 sunctum
876 3604 972 3664 inisse
996 3624 1057 3664 non
1075 3603 1124 3662 dn·

200 3684 282 3746 bium
311 3696 372 3769 est,
405 3698 437 3749 ut
465 3711 520 3771 per
540 3690 620 3750 iltius
651 3691 848 3750 occasionem
875 3695 998 3749 ceteros
1032 3689 1124 3771 (quoa

194 3774 364 3859 posuerat)
409 3772 611 3853 haereticos„
627 3772 777 3836 ecciesine
816 3770 1029 3833 introduceret
1069 3777 1126 3831 etc.
