2348 4162
283 228 287 235 ι
333 257 370 313 ad
387 259 422 314 D.
441 261 584 316 Erasmum
602 261 826 319 Roterodamum.
981 262 1042 328 :toll

121 425 213 488 doote
236 446 293 489 nos
315 428 435 492 lenisse.
476 428 507 490 Si
531 432 611 491 enirn
634 449 688 493 oor
709 434 801 513 regis,
824 432 906 512 quod
924 432 1044 494 videtur

121 512 258 571 maxima
281 510 408 574 liberum
432 518 463 573 et
483 513 551 573 aliis
564 513 725 593 dominari,
748 525 925 578 nontamen
940 523 1043 596 potest

120 593 210 672 velle,
233 595 291 654 nisi
314 614 375 675 quo
397 596 481 655 Deus
501 598 601 675 ipsum
623 599 785 676 inclinarit,
811 601 1043 679 quantominus

120 676 199 737 ullus
223 678 353 739 aliorum
375 678 533 739 hominum
555 680 586 740 id
603 681 726 761 potest?
769 684 870 761 Atque
891 684 950 742 ista
971 702 1043 743 oon-

121 763 282 839 sequentia
303 781 365 822 non
389 761 488 822 solum
512 781 551 822 ex
571 767 668 845 regis,
691 764 745 825 sed
768 767 859 826 etiam
883 765 1044 827 ouiuslibet

120 842 257 904 bominis
290 844 449 906 voluntate
485 846 611 912 valeret.
655 847 687 909 Si
716 848 796 909 euim
827 869 904 908 unus
939 848 1043 926 bomo,

120 928 343 1006 quantumlibet
363 929 510 1009 privatus,
532 949 595 991 non
613 938 716 1011 potest
738 951 841 993 eoram
865 932 931 992 Deo
954 931 1044 1009 velle,

120 1010 178 1070 nisi
201 1027 265 1089 quo
287 1010 415 1072 inclinat
436 1011 530 1091 oeus,
551 1013 631 1075 idem
656 1013 693 1075 de
716 1014 1043 1075 omnibushominibus

121 1091 248 1155 dioetur.
291 1094 342 1157 Sin
364 1093 446 1173 quod
469 1095 595 1157 Balaam
618 1116 680 1158 non
704 1101 803 1179 potuit
827 1099 926 1177 loqui,
961 1097 1043 1176 quod

121 1174 262 1253 volebat,
283 1184 496 1259 argumentum
521 1187 568 1240 est
589 1180 714 1241 evidens
735 1183 765 1241 iu
789 1181 968 1261 Soripturis,
990 1181 1043 1243 ho·
1131 1212 1147 1235 ·.

122 1261 234 1324 minem
260 1280 324 1323 non
355 1280 424 1323 esse
455 1264 502 1322 sui
523 1263 595 1322 iuris
618 1271 671 1324 aut
692 1265 794 1344 operis
815 1264 943 1326 liberum
967 1264 1043 1325 eleo·

122 1350 219 1406 torem
243 1352 296 1406 aut
317 1345 476 1424 faetorem,
499 1346 613 1425 alioqui
636 1347 778 1427 exempla
801 1348 883 1408 nulla
901 1347 1042 1409 subsiste·

121 1436 188 1489 rent
211 1430 241 1488 in
265 1427 439 1508 seripturis.

203 1512 279 1572 Post
298 1511 377 1572 haee
398 1530 467 1572 oum
486 1510 616 1572 dixisset
637 1513 823 1589 testimonia,
846 1531 924 1593 quas
937 1512 1043 1573 Luthe·

121 1614 170 1655 rus
193 1613 235 1655 ex
269 1613 307 1657 eo
329 1595 408 1657 libro
431 1594 561 1674 colligit,
594 1595 690 1656 multa
721 1595 824 1675 colligi
846 1614 954 1676 posse,
989 1595 1043 1656 sed

124 1696 203 1756 quae
225 1678 390 1739 commoda
411 1679 662 1757 interpretatione
685 1684 747 1738 tum
771 1696 837 1757 pro,
860 1684 923 1738 tum
936 1680 1045 1738 eontra

123 1760 250 1821 liberum
272 1760 428 1822 arbitrium
451 1767 578 1842 possent
601 1766 697 1837 stara,
721 1760 844 1821 tandem
866 1759 1044 1822 adduoitte·

123 1843 182 1904 lum
205 1843 279 1904 illud
293 1843 415 1906 Lutheri
426 1844 599 1906 Aobilleum
622 1850 653 1905 et
665 1843 844 1905 inevitabile
864 1843 972 1907 Iohau.
986 1846 1042 1925 lb:

123 1924 194 1988 Siue
216 1946 268 1986 me
287 1927 363 1988 nihil
384 1929 513 2008 potestis
532 1928 635 1992 faeere
653 1933 711 1989 ete.

205 2009 310 2071 Laudo
334 2017 444 2090 elego
466 2011 620 2075 rhetorem
644 2010 729 2072 liberi
741 2008 855 2071 arbitrii
877 2011 1044 2091 egregium,
1157 2030 1160 2035 ⁴

124 2094 173 2173 qni
204 2094 382 2155 testimonia
414 2094 588 2174 Soripturae
609 2091 926 2174 interpretationibus,
948 2099 981 2153 ut
1002 2094 1043 2154 vi-

123 2196 189 2237 sum
211 2176 311 2253 fuerit,
333 2178 504 2239 oommodis
526 2180 658 2241 formare
681 2177 788 2253 docet,
823 2183 855 2237 ut
891 2195 963 2237 vere
987 2194 1042 2256 pro

122 2259 220 2321 libero
243 2259 368 2322 arbitrio
391 2266 486 2335 stent,
509 2263 539 2322 id
563 2268 619 2335 est,
637 2260 786 2333 efficiant,
808 2277 869 2319 non
889 2259 971 2339 quod
995 2258 1045 2319 de·

123 2342 210 2420 bent,
245 2341 301 2403 sed
324 2343 406 2424 quod
429 2343 518 2405 uobis
540 2345 698 2425 plaouerit.
743 2340 862 2403 Deinde
884 2344 929 2403 sio
950 2361 1043 2402 unum

123 2425 220 2506 lingat
252 2444 320 2487 sese
354 2434 488 2487 metuere
510 2427 698 2503 Achillem,
732 2431 764 2484 ut
786 2423 916 2485 stolidus
938 2425 1044 2499 lector,

123 2528 160 2569 so
183 2509 284 2580 vieto,
317 2515 420 2570 oetera
447 2510 536 2570 nimis
565 2512 743 2588 contempta
764 2506 886 2570 habeat.
930 2507 1043 2567 Verum

123 2610 181 2671 ego
206 2591 435 2671 magniloquam
467 2599 498 2653 et
531 2593 689 2655 heroioanr
714 2588 863 2650 diatribeu
886 2589 1044 2669 spectabo,

124 2675 252 2749 visurus,
276 2693 337 2754 qua
360 2676 389 2736 vi
411 2695 512 2736 meum
535 2671 832 2755 superetthillem‚
854 2672 1046 2751 quaehaote·
1087 2726 1094 2737 .

122 2776 179 2818 nus
202 2756 503 2838 nullumgregarium
526 2760 661 2835 militem,
679 2775 719 2816 ne
729 2755 899 2815 Thersitam
922 2754 1044 2834 quidem

123 2838 319 2920 percusserit,
342 2841 397 2901 sed
420 2842 482 2902 suis
504 2843 600 2922 ipsias
621 2840 691 2901 telis
713 2838 1046 2899 sasemiserrimeoon-

123 2923 239 2984 leserit.
1009 2954 1012 2959 -

206 3005 302 3083 igitur
324 3005 517 3085 apprehensa
539 3005 649 3067 vooula
672 3005 731 3066 hao
752 3003 833 3064 Nihil
856 3003 958 3063 multis
982 3021 1045 3062 ver·

123 3088 168 3149 bis
193 3087 357 3168 multisque
387 3089 536 3168 exemplis
559 3109 633 3149 eam·
659 3087 777 3168 iugulat
815 3093 847 3147 et
883 3083 1046 3147 commoda

123 3172 377 3249 interpretatione
398 3171 458 3232 buo
481 3172 580 3251 trahit,
604 3178 636 3232 ut
647 3169 729 3232 Nihil
751 3169 831 3228 idem
847 3169 945 3248 possit
966 3187 1046 3246 esse,

124 3256 206 3334 quod
229 3253 383 3314 modinum
407 3261 438 3314 et
459 3256 685 3335 imperfectum,
718 3251 835 3312 soilioet
855 3252 922 3311 aliis
946 3249 1055 3335 verbis

123 3337 153 3397 id
177 3337 351 3417 disserens,
377 3336 634 3418 quodSophistae
656 3337 805 3396 haetenus
828 3333 887 3394 hoo
910 3333 980 3393 looo
1003 3334 1048 3391 sio

124 3421 309 3481 dnoueruut:
353 3420 426 3482 Siue
465 3441 513 3481 me
535 3421 608 3481 nibil
632 3419 761 3500 potestis
784 3417 899 3492 faeere,
930 3415 1047 3475 scilieet

85 3546 88 3553 -
124 3504 268 3584 perfeeto.
323 3503 412 3564 Hane
445 3504 582 3584 glossam
615 3500 792 3563 iamdudum
828 3499 983 3560 exoletam
1017 3504 1048 3558 et
1112 3540 1117 3549 .

124 3605 281 3648 corrosam
308 3585 408 3647 reddit
434 3587 522 3648 nobis
553 3586 580 3645 vi
610 3587 781 3648 rhetoricae
815 3601 926 3643 novam
951 3584 982 3642 et
1003 3582 1048 3640 sio

111 3670 226 3747 instat,
250 3671 335 3748 quasi
359 3671 457 3750 prima
479 3690 545 3729 eam
568 3669 691 3749 afferat,
725 3688 782 3728 neo
813 3669 904 3728 antea
932 3666 971 3724 sit
994 3684 1045 3724 un-

125 3772 217 3832 quam
241 3751 360 3832 audita‚
398 3754 462 3813 vioe
496 3754 632 3813 miraouli
654 3752 743 3814 nobis
767 3770 834 3812 eam
866 3749 1047 3826 exhibitura,
