2348 4162
98 238 106 251 ι
193 266 258 336 284
439 267 483 328 De
500 285 582 328 servo
602 270 717 328 arbitrio
736 272 770 328 D.
787 272 822 326 ll.
840 270 870 329 b.
979 348 982 355 Ι

277 439 339 503 Sed
360 440 530 522 fingamus,
552 459 680 523 quaeso,
703 443 800 504 Deum
823 442 917 505 talem
934 460 1005 502 esse
1027 459 1117 522 opor·

87 562 107 569 --
195 528 269 599 tere,
293 525 344 604 qui
366 526 473 586 merita
495 527 641 606 respiciat
661 527 693 586 in
716 525 912 607 damnandis,
935 544 1042 587 noune
1062 544 1117 606 pa·

194 609 267 668 riter
288 607 509 670 contendemus
532 614 564 670 et
585 609 809 690 concedemus,
832 615 866 671 ut
887 610 970 670 etin
993 608 1117 669 salvan·

194 690 240 751 dis
252 692 360 752 merita
381 697 517 773 spectet;
539 693 564 753 si
578 693 728 754 rationem
741 693 829 772 sequi
841 693 995 772 volumus,
1019 709 1116 772 aeque

193 774 330 853 iniquum
345 781 401 853 est,
423 774 566 857 indiguos
582 777 724 837 coronari
747 774 992 856 atqueiudiguos
1008 775 1116 855 puniri.

195 857 423 919 Ooucludamus
444 859 563 938 itaque,
587 860 685 920 Deum
708 879 747 920 ex
768 860 882 920 meritis
903 858 1115 939 praecedenti·

194 939 251 1002 bus
271 940 438 1003 iustificare
459 941 589 1023 debere,
628 948 681 1004 aut
716 943 852 1023 iniquum
882 940 1116 1020 declarabimus,

195 1029 228 1084 ut
251 1024 302 1103 qui
325 1024 412 1085 malis
434 1030 466 1086 et
485 1026 586 1106 impiis
607 1025 782 1087 homiuibus
804 1025 986 1102 delectetur,
1009 1030 1042 1087 et
1061 1027 1115 1085 im·

194 1109 338 1187 pietatem
362 1127 467 1169 eorum
491 1109 635 1189 praemiis
649 1110 756 1170 invitet
776 1115 807 1170 et
819 1115 957 1171 coronet.
1002 1109 1044 1170 at
1058 1126 1115 1169 vae

194 1189 284 1251 uobis
307 1197 379 1251 tuuc
402 1192 518 1253 miseris
533 1192 614 1271 apud
636 1192 719 1252 illum
734 1193 843 1270 Deum,
865 1192 932 1270 quis
955 1192 1038 1252 euim
1060 1190 1115 1252 sal·

195 1293 251 1334 vus
274 1273 351 1334 erit?
404 1274 483 1335 Vide
514 1276 606 1355 igitur
638 1276 805 1355 nequitiam
840 1274 942 1337 cordis
981 1274 1115 1352 humaui,

194 1357 309 1435 Deum,
333 1376 401 1418 cum
423 1358 614 1440 indiguos
590 1378 657 1419 srue
676 1360 791 1420 meritis
812 1358 927 1440 salvat,
951 1358 1015 1419 imo
1048 1376 1114 1419 curu

195 1439 297 1500 multis
335 1439 489 1502 demeritis
511 1440 683 1502 iustificat
675 1443 802 1523 impios,
834 1459 894 1503 uon
913 1404 1071 1503 sloeusat
1062 1441 1114 1502 rui·

195 1523 331 1621 quitatis,
350 1523 392 1584 ibi
414 1544 477 1587 uon
500 1524 694 1605 expostulat,
717 1545 770 1586 cur
792 1524 853 1586 boc
874 1524 964 1601 velit,
987 1542 1057 1586 cum
1078 1524 1115 1585 sit

128 1617 131 1622 ’
194 1607 427 1687 iniquissimum,
450 1627 519 1669 sese
540 1606 650 1689 iudice,
674 1607 728 1669 sed
751 1609 823 1688 quia
846 1608 902 1669 sibi
919 1606 1114 1669 commodum

195 1696 227 1750 et
257 1690 419 1769 plausibile
443 1697 503 1769 est,
539 1704 670 1772 aequum
709 1697 740 1752 et
771 1691 885 1752 bouum
907 1691 1033 1753 iudicat
1076 1690 1115 1751 at

195 1791 263 1834 eum
285 1774 453 1836 immeritos
477 1737 611 1849 damnat,
635 1775 707 1854 quia
727 1773 957 1836 incommodum
979 1773 1039 1835 sibi
1060 1778 1115 1850 est,

195 1856 288 1917 hoe
280 1857 427 1935 iniquum,
450 1858 510 1918 hoc
530 1852 724 1919 intolerabile
747 1864 802 1939 est,
824 1857 874 1918 hic
895 1856 1114 1937 expostulatur,

193 1938 245 2000 hic
266 1945 480 2020 murmuratur,
503 1941 552 2001 hic
572 1905 821 2038 blasphematur..

276 2020 370 2084 Vides
394 2042 468 2103 ergo
502 2022 650 2085 diatriben
674 2042 742 2084 cum
776 2024 839 2084 suis
870 2023 901 2085 iu
928 2022 991 2084 bae
1024 2041 1115 2084 causa

194 2124 258 2166 nou
288 2106 423 2167 iudicare
450 2107 618 2168 secuudum
641 2108 842 2186 aequitatem,
870 2105 924 2167 sed
947 2104 1114 2167 secundum

195 2188 337 2251 affectum
360 2190 516 2251 commodi
538 2192 594 2253 sui.
637 2189 668 2251 Si
691 2191 770 2251 enim
794 2191 980 2268 aequitatem
998 2194 1114 2271 specta·

195 2278 255 2352 ret,
288 2292 387 2352 aeque
421 2273 630 2354 expostularet
659 2292 727 2334 cum
750 2274 835 2350 Deo,
869 2272 940 2333 dum
973 2271 1115 2353 indiguos

196 2361 334 2434 coronat,
357 2363 448 2436 atquc
471 2354 648 2436 expostulat
665 2375 734 2416 oum
757 2374 813 2429 eo,
846 2354 918 2415 dum
948 2355 1114 2417 immeritos

196 2437 336 2518 damuat;
358 2457 456 2518 aeque
478 2441 569 2501 etiam
592 2438 732 2501 laudaret
754 2444 785 2499 et
805 2438 997 2519 praedicaret
1010 2438 1115 2513 Deum,

195 2521 267 2581 dum
291 2521 417 2583 damnat
437 2523 616 2602 immeritos,
649 2528 741 2601 atque
762 2522 849 2599 facit,
880 2520 950 2582 dum
975 2521 1115 2604 indignos

196 2605 305 2683 salvat,
326 2605 488 2685 utrobique
509 2606 588 2667 euim
611 2625 668 2686 par
689 2606 843 2685 iniquitas,
866 2606 892 2665 si
914 2623 1041 2665 sensum
1064 2622 1115 2665 uo·

194 2693 289 2748 strum
312 2694 450 2768 spectes,
482 2689 539 2750 nisi
573 2707 636 2748 nou
668 2689 757 2749 fuerit
784 2706 882 2767 aeque
902 2689 1058 2767 iniquum,
1094 2686 1115 2749 si

196 2771 271 2832 Oaiu
296 2771 335 2833 cb
357 2771 554 2832 homicidium
577 2771 683 2832 laudes
704 2790 871 2851 regemque
891 2771 1005 2848 facias,
1027 2776 1116 2851 atqua

195 2854 222 2914 si
243 2853 340 2915 Habel
362 2855 557 2916 innocentem
591 2855 621 2915 iu
643 2873 796 2916 carcerem
825 2855 973 2916 coniicias
996 2860 1050 2933 aut
1071 2870 1116 2915 oc

196 2936 290 2999 cidas.
334 2938 410 2999 Oum
433 2939 524 3018 igitur
545 2938 623 2999 ratic
643 2938 739 2998 Deum
768 2938 874 2999 laudet
893 2937 1040 3018 indiguos
1063 2935 1115 2997 sal·

197 3026 330 3096 vantem,
353 3026 462 3100 arguat
483 3040 556 3082 vero
579 3022 747 3082 immeritos
765 3020 973 3097 damnantem,
996 3020 1116 3082 cousin

196 3102 281 3179 citur,
304 3123 366 3165 non
389 3103 623 3166 laudareDeum
646 3110 679 3164 ut
691 3105 800 3185 Deum,
823 3103 877 3165 sed
900 3111 934 3165 ut
955 3122 1014 3164 suo
1038 3121 1116 3165 aum·

197 3185 677 3268 modoserviautem,hueest,
708 3188 863 3267 seipsam
892 3194 924 3248 et
955 3205 1038 3266 quae
1067 3202 1118 3247 sua

196 3270 295 3330 sunt
287 3289 318 3331 1n
342 3270 408 3331 Deo
431 3271 549 3367 quaerit
570 3277 601 3331 et
621 3270 737 3350 laudat,
759 3289 821 3331 nou
845 3271 941 3331 Deum
966 3277 1022 3330 aut
1043 3284 1116 3351 quac

197 3353 254 3413 Dei
279 3359 358 3418 suut
402 3356 444 3415 At
463 3373 488 3413 ει
481 3354 603 3434 'placet
624 3352 772 3414 tibiDeus
787 3351 933 3451 iudiguos
955 3371 1117 3447 coronans,

197 3453 259 3497 uon
283 3435 376 3497 debet
397 3437 488 3497 etiam
512 3435 674 3517 displicere
695 3437 865 3498 immeritos
888 3436 1062 3512 damnaus;
1096 3434 1116 3497 sl

196 3517 260 3579 illic
279 3519 377 3581 iustus
399 3527 456 3596 est,
477 3538 531 3580 our
542 3538 604 3582 nou
618 3520 686 3581 lnc
677 3526 775 3581 suetus
798 3519 876 3581 erit?
891 3519 966 3582 lllie
989 3520 1116 3617 gratian

197 3606 228 3662 et
250 3602 488 3664 misericordiam
520 3603 670 3684 spargit
662 3623 692 3662 ru
715 3602 874 3684 indiguos,
909 3603 1001 3663 hic
993 3623 1071 3665 rram
1092 3606 1117 3663 et

197 3686 391 3747 severitatem
416 3686 532 3766 spargit
562 3687 593 3747 iu
616 3688 801 3765 immeritos,
824 3685 989 3765 utrobique
1012 3687 1116 3748 nimius

198 3768 258 3829 et
249 3767 371 3850 ruiquua
395 3768 477 3852 apud
499 3769 650 3849 homines,
673 3770 728 3833 sed
750 3771 846 3831 iustus
869 3775 900 3831 et
921 3788 1020 3833 verax
1042 3764 1115 3853 apud
