2348 4162
107 164 112 171 Ι
195 213 259 280 174
437 215 482 273 De
500 228 583 273 servo
601 212 717 271 arbitrio
734 215 770 273 Ι).
787 214 823 270 ll
841 214 873 271 L.

196 384 319 449 dicere?
368 384 409 445 Et
429 390 530 446 tumen
560 385 656 447 asseri
687 390 831 466 oportet,
863 382 983 446 nullum
1015 401 1124 465 perve-

196 471 288 531 nisse.
334 469 381 528 An
404 469 496 528 etiam
524 467 575 529 hic
601 468 783 531 incredibile
805 468 908 548 dices,
943 467 1043 528 Deum
1077 472 1126 529 tot

197 559 361 630 tantosque
383 551 482 629 viros,
508 557 658 631 perpetuo
681 551 786 613 mundi
809 571 918 631 cursu,
950 550 1124 631 reliquisse,

197 642 227 697 et
249 635 360 696 trustra
379 635 434 695 niti
446 634 643 715 permisisse?
667 635 756 697 Certe
778 635 804 697 si
818 634 948 697 liberum
964 633 1125 697 arbitrium

197 717 310 797 aliquid
328 724 411 778 esset
432 717 480 777 vel
494 719 654 798 potuisset,
678 719 709 778 in
730 717 790 779 illis
814 719 885 778 viris
896 718 992 779 fuisse
1016 724 1049 779 et
1069 735 1125 798 po·

197 804 297 867 tuisse,
315 800 439 879 debuit,
470 801 518 861 vel
541 819 603 861 uno
626 802 730 881 aliquo
753 801 920 883 exemplo,
957 800 1013 862 sed
1049 799 1125 861 nihil

196 885 302 964 valuit,
323 885 385 944 imo
408 885 438 944 in
454 885 638 945 contrarium
655 903 777 964 semper
794 885 899 964 valuit,
920 889 954 944 ut
975 883 1039 945 hoc
1059 901 1124 945 uno

196 977 377 1048 argumento
390 969 463 1028 satis
485 966 609 1047 probari
631 975 732 1047 queat,
748 968 875 1029 liberum
897 968 1057 1030 arbiuium
1077 966 1124 1027 ui-

198 1052 237 1111 hil
261 1070 339 1129 esse,
361 1058 395 1111 ut
417 1052 502 1110 cuius
525 1050 639 1111 nullum
667 1051 812 1112 indicium
834 1051 873 1112 ab
906 1051 993 1112 initio
1017 1049 1125 1113 mundi

197 1137 347 1214 usquein
370 1134 461 1194 finem
485 1133 608 1195 ostendi
631 1135 740 1214 possit.

278 1217 339 1278 Sed
361 1215 455 1278 redeo
478 1215 516 1277 ad
539 1218 743 1299 propositum,
765 1217 838 1298 quid
857 1217 975 1294 mirum,
998 1216 1023 1276 si
1036 1214 1124 1277 Deus

198 1320 305 1363 omnes
340 1301 492 1362 ecclesiae
519 1301 651 1361 maiores
686 1301 767 1361 sinat
794 1302 839 1362 ire
861 1301 926 1361 vias
955 1318 1043 1379 suas,
1073 1300 1125 1379 qui

197 1386 242 1445 sic
264 1403 370 1445 omnes
391 1391 499 1464 gentes
523 1385 660 1464 permisit
680 1385 725 1444 irc
746 1385 812 1444 vias
835 1403 924 1464 suas,
951 1390 985 1443 ut
1006 1381 1125 1446 Paulus

196 1469 227 1527 in
251 1465 383 1543 Actis*)
409 1466 501 1527 dicit?
550 1465 620 1527 Non
654 1474 701 1527 ost
729 1486 779 1529 res
801 1473 863 1528 tam
884 1466 1049 1547 vulgetis,
1082 1465 1124 1525 mi

197 1551 335 1630 Erasme,
359 1550 491 1611 ecclesia
515 1550 580 1629 Dei,
603 1568 700 1629 quam.
718 1557 765 1611 est
786 1569 900 1612 nomen
922 1549 1002 1628 hoo,
1024 1548 1123 1610 eccle

198 1636 244 1695 sie
264 1635 344 1713 Dei,
377 1652 435 1694 nec
455 1634 500 1694 ite
529 1634 644 1714 passim
667 1640 831 1694 occursent
853 1634 950 1695 sancti
972 1631 1057 1712 Dei,
1092 1636 1125 1693 ut

197 1719 258 1779 hoc
280 1736 409 1779 nomen:
432 1719 530 1777 sancti
552 1717 620 1796 Dei,
641 1718 839 1796 margaritum
852 1715 1019 1778 etnobiles
1041 1733 1123 1796 gem·

198 1821 266 1862 mae
287 1807 380 1878 sunt,
415 1819 491 1880 quas
514 1801 636 1880 spiritus
658 1819 720 1861 non
749 1802 870 1881 proiicit
905 1805 1123 1879 anteponens,

197 1884 263 1962 sed,
287 1891 319 1944 ut
340 1883 495 1965 Scriptura
517 1889 624 1962 vocat,
597 1883 844 1957 tabsconditas
872 1888 985 1961 servet,
1006 1901 1048 1943 ne
1070 1882 1121 1942 im·

196 1970 264 2048 pius
290 1967 393 2028 videat
414 1968 543 2047 gloriam
566 1966 642 2046 Dei,
670 1967 785 2047 alioqui
819 1967 846 2028 si
867 1965 973 2047 palam
994 1965 1035 2027 ab
1058 1983 1122 2027 om·

197 2052 287 2111 nibus
309 2058 571 2131 agnoscerentur,
596 2049 754 2130 quomodo
777 2049 842 2112 fleri
865 2055 991 2131 posset,
1024 2057 1059 2109 ut
1079 2050 1122 2109 sio

196 2136 228 2194 in
252 2137 364 2194 mundo
376 2141 564 2195 vexarentur
585 2140 616 2195 et
637 2131 865 2214 affligerentur?
887 2141 921 2193 ut
941 2128 1119 2213 Paulum)

198 2216 285 2277 dicit:
318 2217 349 2278 Si
372 2218 614 2298 cognovissent,
640 2236 796 2297 nunquam
818 2216 984 2303 Dominum
1006 2214 1121 2297 gloriae

199 2301 432 2365 crucifixissent

280 2385 350 2446 Non
373 2384 450 2444 haec
471 2383 562 2462 dico,
597 2383 680 2463 quod
713 2388 838 2444 sanctos
871 2381 921 2443 vel
959 2381 1120 2444 ecclesiam

198 2468 255 2528 Dei
278 2487 347 2529 esse
368 2487 498 2549 negem,
519 2485 613 2564 quos
636 2473 668 2527 tu
690 2466 837 2546 adducis,
870 2465 926 2528 sed
949 2464 1036 2545 quod
1057 2482 1120 2547 pro-

199 2551 263 2612 bari
286 2571 347 2611 non
370 2554 479 2632 possit,
502 2551 529 2610 si
550 2551 617 2630 quis
639 2558 749 2631 neget,
779 2512 849 2611 cssb
876 2551 963 2631 ipsos
987 2556 1121 2626 sanctos,

198 2636 326 2714 relinqui
349 2654 422 2696 vero
445 2636 741 2716 prorsusincertum,
763 2633 834 2695 ideo
848 2634 952 2695 locum
973 2650 993 2692 a
1015 2630 1122 2694 sancti-

199 2720 303 2778 monia
325 2737 430 2779 eorum
452 2737 514 2778 non
546 2737 614 2778 esse
636 2716 760 2778 fidelem
793 2719 868 2779 satis
896 2735 952 2798 pro
977 2716 1120 2797 dogmate

198 2802 301 2881 aliquo
332 2800 553 2863 confirmando.
588 2801 721 2863 Sanctus·
749 2819 803 2862 eos
838 2801 907 2862 dico
954 2805 986 2861 et
1015 2800 1121 2877 heheu,

199 2885 361 2946 ecclesiam
384 2884 441 2945 Dei
464 2903 518 2945 eos
541 2904 619 2946 voco
642 2890 672 2945 et
693 2886 809 2964 sentio,
834 2902 955 2945 cunone
976 2882 1120 2960 caritatis,

198 2988 260 3029 non
283 2986 403 3028 canone
424 2967 505 3047 fidei,
528 2967 589 3029 hoc
609 2978 665 3048 est,
688 2969 798 3028 caritas
810 2986 921 3064 ,qnae
944 2966 1052 3029 omnia
1072 2983 1120 3045 op

199 3055 272 3112 timu
294 3052 333 3113 de
355 3053 464 3130 quovis
488 3053 614 3147 cogitat,
636 3068 694 3113 nec
716 3057 763 3112 est
777 3053 932 3133 suspicax,
956 3051 1120 3129 omniaque

146 3150 150 3157 ·
198 3136 294 3197 credit
315 3154 353 3195 ac
373 3136 541 3216 praesumit
562 3134 600 3195 de
624 3135 773 3216 proximis
793 3134 886 3213 bona,
907 3139 1052 3195 sanctum
1073 3148 1119 3193 vo

199 3223 250 3281 cat
272 3220 439 3316 quemlibet
469 3218 676 3315 baptisatam,
708 3237 767 3279 nec
795 3218 965 3300 periculum
987 3223 1068 3297 est,
1096 3213 1119 3274 si

199 3311 287 3383 erret,
312 3304 383 3382 quia
405 3303 540 3363 caritatis
563 3309 610 3363 est
631 3301 717 3381 lulli,
741 3321 810 3362 cum
833 3305 873 3363 sit
894 3301 1042 3383 expositu
1058 3264 1120 3361 bm-

198 3388 286 3447 nibus
310 3387 446 3447 omnium
469 3386 573 3446 usibus
595 3393 626 3447 et
647 3383 803 3465 abusibus,
827 3386 967 3447 ministra
994 3398 1118 3466 genera·

198 3470 235 3529 lis
257 3471 424 3548 bonorum,
455 3465 621 3550 malorum,
644 3467 802 3547 fidelium,
825 3467 1019 3546 infidelium,
1041 3482 1116 3527 veru

199 3557 288 3634 cium,
311 3515 475 3614 fallacibm.
519 3551 608 3612 Fides
631 3571 704 3613 vero
727 3552 844 3613 nullum
866 3557 961 3614 vocat
983 3556 1114 3613 sanctum

269 3737 297 3805 ⁴²)
316 3735 400 3791 Acto.
421 3739 463 3793 17.
501 3735 544 3804 ⁸*)
566 3738 590 3789 l.
610 3734 732 3791 Corinth.
753 3738 778 3793 2.
