2348 4162
237 248 261 290 c.
279 246 346 304 pap.
364 239 393 290 st
410 236 482 304 port.
503 231 551 290 inf.
570 237 658 291 const
676 232 836 295 asserenda
858 300 861 305 ,
924 231 988 299 487

65 403 142 468 Item
166 403 274 466 falsum
297 410 345 466 est
366 410 397 465 et
418 403 494 479 hoo,
530 404 613 484 quod
656 410 796 466 asserunt
828 410 985 485 peccatum

65 487 198 550 mortale
221 506 290 549 esse
313 485 431 549 violare
453 487 625 550 istiusmodi
647 487 836 550 traditiones.

147 570 233 632 Haec
255 571 447 651 suntcapita,
467 572 498 631 in
518 571 627 650 quibus
649 591 699 632 me
715 573 883 633 consistere
897 589 986 651 opor·

64 659 125 734 tet,
162 673 200 715 ac
232 655 398 716 consistam
423 652 509 735 (Deo
531 651 636 736 dante)
671 674 768 734 usque
795 654 835 715 ad
857 660 985 714 mortem

64 756 176 801 meam.
219 737 326 816 Neque
348 737 457 815 video,
487 738 558 817 quid
583 740 612 798 in
645 739 681 798 iis
703 743 821 798 mutare
841 743 892 797 aut
914 755 986 798 oon·

64 820 175 882 cedere
206 819 344 882 debeam.
389 819 421 882 si
448 823 516 900 quis
543 828 650 885 autem¹
672 821 757 882 volet
777 819 891 899 aliquid
914 838 985 880 con-

64 903 190 982 cedere,
225 904 318 965 faciat
350 903 379 963 id
404 922 472 963 cum
506 923 580 965 suae
608 905 816 966 conscientiae
838 903 984 984 periculo.

62 984 227 1049 Postremo
248 992 365 1047 restant
388 986 488 1047 adbuc
510 988 597 1067 ipsae
620 988 803 1069 praestigiae
825 1005 926 1067 papae
946 984 984 1046 dc

61 1070 163 1131 stultis
185 1077 216 1130 ct
238 1069 404 1150 puerilibus
426 1070 572 1151 articulis,
595 1070 634 1131 de
657 1072 891 1132 consecratione
910 1075 984 1130 tem·

62 1153 195 1233 plorum,
217 1151 256 1213 de
278 1171 496 1233 campanarum
519 1159 550 1214 et
571 1172 735 1214 saxeorum
758 1153 898 1215 altarium
912 1150 984 1231 bap·

62 1237 218 1316 tinctione,
242 1234 279 1295 dc
302 1235 532 1315 susceptoribus
555 1255 676 1315 eorum,
716 1238 767 1316 qui
806 1234 920 1315 aliquid
934 1233 983 1295 -ad

60 1318 114 1380 illa
137 1317 261 1382 dabant.
304 1318 391 1394 Quae
412 1318 578 1399 baptizatio
601 1321 786 1381 contumelia
808 1324 854 1380 eat
881 1324 911 1379 el
933 1316 983 1378 de·

60 1402 135 1463 risio
150 1403 347 1462 sacrosancti
371 1401 527 1482 baptismi,
558 1402 691 1482 ideoque
713 1403 836 1463 minime
857 1399 984 1462 ferenda

62 1491 119 1549 est.
161 1485 216 1546 His
246 1483 325 1545 adde
347 1485 503 1546 ‘articulos
526 1485 565 1546 de
586 1487 820 1546 consecratione
842 1483 984 1545 candela-

58 1587 139 1645 rum,
161 1567 343 1648 palmarum,
366 1568 588 1648 placentarum,
598 1568 770 1648 herbarum,
783 1585 902 1628 avenae
923 1570 983 1628 etc.

58 1650 147 1713 Haeo
167 1669 231 1712 non
262 1657 366 1732 potest
388 1652 491 1712 vocari
515 1656 568 1712 aut
590 1671 658 1713 esse
681 1651 889 1731 consecratio,
926 1646 981 1709 sed

59 1740 110 1795 est
142 1733 303 1795 ludibrium
339 1741 371 1795 et
401 1735 579 1814 impostura.
623 1734 765 1798 Infinitac
799 1739 871 1793 sunt
902 1731 982 1793 aliae

60 1816 151 1879 buius
174 1818 295 1898 generis
318 1818 513 1897 praestigiae,
539 1836 616 1897 quas
639 1818 838 1898 relinquimus
859 1815 982 1876 illorum

57 1900 129 1963 Deo
152 1909 182 1962 et
204 1900 280 1981 ipsis
301 1899 491 1978 adorandas,
525 1900 626 1962 donec
647 1903 749 1983 capiat
770 1919 824 1962 eos
846 1899 982 1976 satietas,

56 2001 118 2045 noa
140 1985 283 2045 volumus
305 1983 344 2044 ab
367 1985 403 2044 iis
426 2002 495 2045 esse
516 1984 612 2047 liberi.
636 2023 675 2034 -
