2348 4162
144 249 286 336 quomodo
303 221 367 323 lihrl
383 265 453 322 tlosi
472 279 490 320 a
508 263 672 322 Christianis
690 262 800 336 legendi
818 264 881 322 sint.
924 264 984 331 111

60 440 124 500 tiss
146 438 330 502 derivarunt.
383 438 424 498 Et
445 437 506 499 hoc
533 435 626 498 modo
654 436 708 498 lux
731 435 851 499 accedit
872 440 984 500 veteris

61 523 255 584 Testamenti
276 521 379 601 libris,
406 539 474 582 cum
500 520 643 582 addicta
672 522 891 584 et·conciones
913 542 985 604 pro·

60 604 202 686 pheticas
224 605 379 667 confertur
400 604 548 684 doctrina,
561 603 723 684 Evangelii
751 604 789 664 de
811 605 931 667 (lhristo
954 613 985 668 et

63 687 272 769 adiunguntur
283 687 436 768 exempla,
447 706 528 769 quae
542 686 622 766 dixi3
646 685 767 748 aceedit
788 688 880 749 ethio
902 708 983 768 usus,

62 771 147 850 quod
181 769 309 852 prodest
336 770 439 832 videre
469 771 500 831 in
533 771 651 851 legibus
673 770 817 831 Moesicis
873 778 903 832 et
931 772 985 833 illa

62 854 131 935 ipsa
164 855 301 935 politis,
338 873 429 934 quam
462 853 559 914 multa
581 853 818 934 prudentissimo
854 855 983 916 consilio

62 933 137 998 tuno
158 938 325 999 constituta
347 938 416 1014 sint,
438 936 617 1016 plenissima
646 938 817 1017 sapientiae
838 937 984 1018 politicae

63 1027 94 1080 et
115 1019 323 1100 humanitatis,
346 1020 427 1080 unde
448 1019 668 1102 gubernatores
697 1021 739 1100 pii
769 1026 800 1081 et
820 1020 984 1100 prudentes

63 1120 158 1183 saepe
182 1103 319 1164 adiuvari
340 1103 469 1182 possint.
591 1111 593 1114 ⁴
715 1153 717 1159 .

145 1185 303 1247 Hactenus
326 1186 404 1262 dixi,
427 1185 588 1266 diligenter
610 1185 808 1265 cogitandum
832 1203 901 1246 essa
927 1187 984 1266 piis
1056 1241 1058 1247 ,

63 1267 206 1329 omnihus
256 1287 294 1330 ac
326 1270 493 1350 praecipue
528 1268 735 1343 docentibus,
771 1275 803 1329 ut
824 1276 906 1330 recte
946 1267 985 1330 de

62 1351 151 1413 Mose
172 1351 308 1413 iudicent
335 1359 366 1412 et
387 1353 583 1430 discernant,
607 1348 678 1428 quid
701 1351 739 1411 ad
761 1350 892 1413 ludaeos
915 1371 982 1432 per·
1078 1357 1084 1369 ⁴

62 1434 169 1514 lineat,
193 1441 224 1496 et
244 1435 316 1516 quid
338 1433 427 1496 nobis
445 1437 551 1515 prosit,
575 1433 718 1495 videlicet
741 1440 782 1510 ut,
805 1453 874 1494 cum
897 1434 982 1514 leges

64 1516 175 1596 tradit,
212 1537 252 1578 ne
273 1517 442 1578 iudicemus
472 1536 529 1578 nos
553 1517 708 1596 obligari,
743 1518 800 1577 nisi
831 1524 983 1596 quatenus

63 1618 132 1660 cum
155 1601 265 1662 notitia
286 1601 363 1680 legis
385 1608 512 1661 naturae
527 1601 667 1679 congruit
691 1607 721 1659 et
747 1617 815 1658 eam
839 1599 985 1679 desierat,

37 1719 40 1727 .
64 1685 101 1743 sit
124 1682 229 1744 Moses
251 1684 296 1744 sui
319 1683 427 1764 populi
441 1683 549 1745 doctor
572 1690 601 1743 et
621 1683 788 1760 legislator,
812 1701 868 1743 nos
891 1684 984 1744 alium

65 1766 246 1845 magistrum
278 1765 428 1828 habemus
451 1766 631 1845 Christum,
664 1765 715 1844 qui
742 1765 833 1826 nohis
863 1764 984 1827 abunde

64 1848 188 1910 tradidit
221 1849 345 1927 omnia,
383 1867 462 1928 quae
500 1850 589 1910 nohis
622 1846 769 1908 discenda
792 1853 823 1908 et
843 1848 985 1909 facienda

64 1930 323 2010 sunt-confirmat
342 1931 429 1995 illam
450 1934 548 2012 ipsam
568 1931 737 1992 doctrinam
759 1930 836 2010 legis
854 1930 985 2012 divinae,

64 2033 145 2094 quaa
173 2014 205 2074 in
229 2014 316 2075 Mose
338 2015 481 2096 exposita
511 2024 542 2076 et
567 2015 718 2076 illustrata
742 2021 807 2094 est,
842 2015 922 2075 siout
942 2017 985 2075 in-

64 2098 144 2177 quit:
164 2095 239 2160 Non
262 2099 332 2158 veni
354 2098 474 2158 solvere
496 2097 598 2178 legem
621 2106 652 2157 et
674 2097 840 2178 prophetas
863 2106 932 2176 etc,
955 2107 985 2159 et

65 2179 151 2241 addit
173 2179 336 2263 Evangelii
359 2177 530 2242 doctrinam
553 2180 592 2240 de
614 2199 670 2241 suo
694 2177 854 2245 beneflcio.

148 2261 213 2325 Sed
245 2270 345 2324 tamen
377 2271 407 2324 et
428 2263 509 2327 Masi
541 2264 635 2324 libros
658 2270 786 2344 propter
806 2263 880 2342 has,
907 2282 984 2343 quas

64 2343 137 2418 dixi,
161 2344 305 2406 utilitates
320 2348 505 2407 retineamus
529 2345 707 2407 etstudiose
729 2345 878 2426 legamus,
902 2344 983 2425 quod

64 2429 208 2509 decalogi
231 2429 400 2490 doctrinam
424 2428 586 2511 diligenter
609 2429 788 2508 etcopiose
811 2437 933 2489 enarrat
955 2436 985 2489 at

64 2511 205 2591 illustrat,
230 2510 312 2591 quod
328 2513 437 2593 plenus
462 2519 510 2573 est
523 2512 735 2592 exemplorum
760 2518 791 2572 et
814 2509 853 2570 de
876 2513 984 2590 poenis

22 2624 28 2635 ·
63 2595 229 2676 impiorum
251 2602 282 2656 et
303 2594 342 2656 de
363 2594 424 2656 fide
446 2602 477 2655 et
498 2592 674 2656 obedientia
697 2601 728 2654 st
759 2593 985 2672 glorificatione

63 2682 264 2760 sanctorum,
290 2679 373 2758 quod
395 2677 520 2759 collegit
552 2678 743 2738 dulcissimas
764 2677 985 2757 promissiones

63 2759 103 2821 de
125 2759 264 2839 Christo,
296 2779 375 2840 quae
406 2757 529 2842 proprie
551 2763 642 2822 etiam
676 2759 714 2821 ad
743 2778 800 2821 nos
822 2760 984 2840 pertinent,

63 2844 170 2923 itaque
192 2844 237 2904 sic
258 2845 396 2924 legamus
419 2845 550 2924 Mosen,
584 2848 617 2905 ut
648 2843 741 2904 etiam
763 2843 862 2923 ipsam
883 2841 984 2903 Evan-

63 2925 136 3005 gelii
157 2925 315 2988 historiam
337 2927 482 3007 legimus,
503 2928 533 2986 in
557 2945 619 3008 qus
640 2928 698 2988 etsi
721 2927 817 2986 multa
838 2933 931 3006 sunt,
953 2933 986 2988 ut

63 3012 109 3070 sic
131 3008 244 3088 dicam,
266 3010 451 3091 personalia,
474 3029 553 3090 quse
575 3010 703 3070 adalios
725 3008 799 3070 nihil
822 3010 984 3090 pertinent,

64 3099 97 3152 ut
121 3092 204 3172 qnod
227 3093 368 3173 le'prosos
386 3093 523 3154 Christus
547 3094 637 3154 mittit
655 3092 693 3153 ad
716 3090 893 3153 sacerdotes
916 3111 984 3153 cum

63 3174 234 3255 sacrifieiis,
256 3183 287 3237 et
307 3175 427 3257 similia,
450 3183 551 3237 tamen
570 3176 745 3256 exemplum
768 3173 840 3236 fidei
862 3182 891 3236 et
913 3173 984 3236 obe·

63 3258 199 3319 dientise
218 3258 258 3319 sd
280 3278 388 3320 omnes
412 3260 552 3339 pertinet.

146 3339 234 3422 Haec
255 3344 411 3424 copiosius
421 3341 543 3403 luerunt
564 3341 704 3423 dicenda,
725 3346 888 3422 propterea
901 3338 984 3418 quod

63 3441 159 3504 saepe
182 3424 268 3485 multi
301 3426 332 3486 in
356 3425 488 3486 ecclesia
510 3426 540 3485 in
564 3425 625 3486 hoc
658 3443 760 3485 errore
794 3425 915 3484 fuerunt
946 3422 985 3483 de

63 3507 185 3588 legibus
207 3507 361 3587 Moesicis,
384 3527 442 3568 nas
461 3507 610 3587 viderunt,
633 3505 816 3587 quidnobis
840 3526 879 3567 ex
898 3505 985 3566 llose

64 3591 234 3670 praecipue
262 3589 440 3663 discendum
472 3592 528 3667 sit,
550 3597 603 3650 aut
625 3589 781 3670 quomodo
811 3588 1005 3669 discerneng

63 3674 136 3735 dum
159 3674 239 3735 inter
262 3674 361 3754 legem
385 3675 533 3735 moralem
556 3693 611 3734 seu
633 3672 832 3752 decalogum,
854 3679 886 3732 et
908 3670 984 3731 alias

63 3758 208 3840 politicas
230 3777 285 3829 seu
306 3759 444 3820 forenses
467 3759 567 3837 leges,
602 3766 635 3816 ut
656 3763 687 3816 et
708 3755 848 3838 Origines
883 3753 987 3814 etalii
1101 3758 1105 3766 ·
