<?xml version="1.0" encoding="UTF-8"?>
<!DOCTYPE html PUBLIC "-//W3C//DTD XHTML 1.0 Transitional//EN"
    "http://www.w3.org/TR/xhtml1/DTD/xhtml1-transitional.dtd">
<html xmlns="http://www.w3.org/1999/xhtml" xml:lang="en" lang="en">
 <head>
  <title>
</title>
<meta http-equiv="Content-Type" content="text/html;charset=utf-8" />
  <meta name='ocr-system' content='tesseract 3.04.00' />
  <meta name='ocr-capabilities' content='ocr_page ocr_carea ocr_par ocr_line ocrx_word'/>
</head>
<body>
  <div class='ocr_page' id='page_1' title='image "./dmartinilutheri02luthgoog_0532.png"; bbox 0 0 2348 4162; ppageno 0'>
   <div class='ocr_carea' id='block_1_1' title="bbox 475 244 1131 315">
    <p class='ocr_par' dir='ltr' id='par_1_1' title="bbox 475 244 1131 315">
     <span class='ocr_line' id='line_1_1' title="bbox 475 244 1131 315; baseline 0.02 -13"><span class='ocrx_word' id='word_1_1' title='bbox 475 244 730 306; x_wconf 63' lang='lat' dir='ltr'><strong>&#39;u.1cao.1ccc.</strong></span> <span class='ocrx_word' id='word_1_2' title='bbox 987 244 1050 315; x_wconf 75' lang='lat'><strong>519</strong></span> <span class='ocrx_word' id='word_1_3' title='bbox 1128 250 1131 257; x_wconf 86' lang='lat'>&#39;</span> 
     </span>
    </p>
   </div>
   <div class='ocr_carea' id='block_1_2' title="bbox 120 412 1048 977">
    <p class='ocr_par' dir='ltr' id='par_1_2' title="bbox 120 412 1048 977">
     <span class='ocr_line' id='line_1_2' title="bbox 122 412 1047 498; baseline 0.005 -23"><span class='ocrx_word' id='word_1_4' title='bbox 122 414 215 476; x_wconf 86' lang='lat' dir='ltr'><strong>Plura</strong></span> <span class='ocrx_word' id='word_1_5' title='bbox 232 414 310 475; x_wconf 83' lang='lat' dir='ltr'><strong>forte</strong></span> <span class='ocrx_word' id='word_1_6' title='bbox 331 413 452 495; x_wconf 82' lang='lat' dir='ltr'><strong>dicam,</strong></span> <span class='ocrx_word' id='word_1_7' title='bbox 474 417 499 476; x_wconf 83' lang='lat' dir='ltr'><strong>ai</strong></span> <span class='ocrx_word' id='word_1_8' title='bbox 522 418 742 497; x_wconf 87' lang='lat' dir='ltr'><strong>quando-mihi</strong></span> <span class='ocrx_word' id='word_1_9' title='bbox 765 412 833 498; x_wconf 79' lang='lat' dir='ltr'><strong>ipae</strong></span> <span class='ocrx_word' id='word_1_10' title='bbox 855 417 1047 480; x_wconf 83' lang='lat' dir='ltr'><strong>llahumetua</strong></span> 
     </span>
     <span class='ocr_line' id='line_1_3' title="bbox 123 498 1046 582; baseline 0.004 -23"><span class='ocrx_word' id='word_1_11' title='bbox 123 498 356 578; x_wconf 82' lang='lat' dir='ltr'><strong>Alccrauuaque</strong></span> <span class='ocrx_word' id='word_1_12' title='bbox 391 518 463 560; x_wconf 84' lang='lat' dir='ltr'><strong>auua</strong></span> <span class='ocrx_word' id='word_1_13' title='bbox 493 500 521 560; x_wconf 92' lang='lat' dir='ltr'><strong>iu</strong></span> <span class='ocrx_word' id='word_1_14' title='bbox 546 520 653 562; x_wconf 88' lang='lat' dir='ltr'><strong>manua</strong></span> <span class='ocrx_word' id='word_1_15' title='bbox 677 498 802 563; x_wconf 72' lang='lat' dir='ltr'><strong>venerit.</strong></span> <span class='ocrx_word' id='word_1_16' title='bbox 846 500 945 582; x_wconf 79' lang='lat' dir='ltr'><strong>Spero</strong></span> <span class='ocrx_word' id='word_1_17' title='bbox 966 504 1046 563; x_wconf 88' lang='lat' dir='ltr'><strong>euim</strong></span> 
     </span>
     <span class='ocr_line' id='line_1_4' title="bbox 122 580 1047 666; baseline 0.005 -25"><span class='ocrx_word' id='word_1_18' title='bbox 122 580 316 662; x_wconf 80' lang='lat' dir='ltr'><strong>Euangeliou</strong></span> <span class='ocrx_word' id='word_1_19' title='bbox 341 590 477 642; x_wconf 80' lang='lat' dir='ltr'><strong>nostrum</strong></span> <span class='ocrx_word' id='word_1_20' title='bbox 502 593 587 647; x_wconf 86' lang='lat' dir='ltr'><strong>lauta</strong></span> <span class='ocrx_word' id='word_1_21' title='bbox 609 585 689 645; x_wconf 90' lang='lat' dir='ltr'><strong>luce·</strong></span> <span class='ocrx_word' id='word_1_22' title='bbox 704 585 824 664; x_wconf 81' lang='lat' dir='ltr'><strong>fulgens</strong></span> <span class='ocrx_word' id='word_1_23' title='bbox 839 587 932 645; x_wconf 84' lang='lat' dir='ltr'><strong>atium</strong></span> <span class='ocrx_word' id='word_1_24' title='bbox 949 586 1047 666; x_wconf 84' lang='lat' dir='ltr'><strong>impu·</strong></span> 
     </span>
     <span class='ocr_line' id='line_1_5' title="bbox 123 662 1047 748; baseline 0.008 -24"><span class='ocrx_word' id='word_1_25' title='bbox 123 673 186 724; x_wconf 83' lang='lat' dir='ltr'><strong>tum</strong></span> <span class='ocrx_word' id='word_1_26' title='bbox 211 664 360 724; x_wconf 84' lang='lat' dir='ltr'><strong>iacturum</strong></span> <span class='ocrx_word' id='word_1_27' title='bbox 393 678 555 726; x_wconf 70' lang='lat' dir='ltr'><strong>enecante</strong></span> <span class='ocrx_word' id='word_1_28' title='bbox 584 666 786 728; x_wconf 40' lang='lat' dir='ltr'><strong>iudiciivdiem</strong></span> <span class='ocrx_word' id='word_1_29' title='bbox 809 669 839 727; x_wconf 91' lang='lat' dir='ltr'><strong>iu</strong></span> <span class='ocrx_word' id='word_1_30' title='bbox 861 668 961 748; x_wconf 79' lang='lat' dir='ltr'><strong>ipsum</strong></span> <span class='ocrx_word' id='word_1_31' title='bbox 978 662 1047 731; x_wconf 73' lang='lat' dir='ltr'><strong>&#39;Ma-</strong></span> 
     </span>
     <span class='ocr_line' id='line_1_6' title="bbox 123 747 1048 831; baseline 0.006 -24"><span class='ocrx_word' id='word_1_32' title='bbox 123 747 282 808; x_wconf 87' lang='lat' dir='ltr'><strong>hometum</strong></span> <span class='ocrx_word' id='word_1_33' title='bbox 306 748 542 812; x_wconf 73' lang='lat' dir='ltr'><strong>abominabilem</strong></span> <span class='ocrx_word' id='word_1_34' title='bbox 566 750 761 831; x_wconf 84' lang='lat' dir='ltr'><strong>prophetam,·</strong></span> <span class='ocrx_word' id='word_1_35' title='bbox 781 750 865 831; x_wconf 78' lang='lat' dir='ltr'><strong>¹quod</strong></span> <span class='ocrx_word' id='word_1_36' title='bbox 887 751 979 811; x_wconf 85' lang='lat' dir='ltr'><strong>iaciat</strong></span> <span class='ocrx_word' id='word_1_37' title='bbox 996 752 1048 813; x_wconf 74' lang='lat' dir='ltr'><strong>dc</strong></span> 
     </span>
     <span class='ocr_line' id='line_1_7' title="bbox 120 829 1048 915; baseline 0.006 -25"><span class='ocrx_word' id='word_1_38' title='bbox 120 832 230 890; x_wconf 80' lang='lat' dir='ltr'><strong>minua</strong></span> <span class='ocrx_word' id='word_1_39' title='bbox 258 839 362 892; x_wconf 77' lang='lat' dir='ltr'><strong>noster</strong></span> <span class='ocrx_word' id='word_1_40' title='bbox 395 829 482 894; x_wconf 84' lang='lat' dir='ltr'><strong>Iesus</strong></span> <span class='ocrx_word' id='word_1_41' title='bbox 505 833 641 895; x_wconf 80' lang='lat' dir='ltr'><strong>Christus</strong></span> <span class='ocrx_word' id='word_1_42' title='bbox 677 835 840 914; x_wconf 80' lang='lat' dir='ltr'><strong>cito‚··cul</strong></span> <span class='ocrx_word' id='word_1_43' title='bbox 873 835 913 894; x_wconf 77' lang='lat' dir='ltr'><strong>tit</strong></span> <span class='ocrx_word' id='word_1_44' title='bbox 949 835 1048 915; x_wconf 80' lang='lat' dir='ltr'><strong>glorie</strong></span> 
     </span>
     <span class='ocr_line' id='line_1_8' title="bbox 125 916 394 977; baseline 0.007 -2"><span class='ocrx_word' id='word_1_45' title='bbox 125 920 262 976; x_wconf 86' lang='lat' dir='ltr'><strong>aeterna.</strong></span> <span class='ocrx_word' id='word_1_46' title='bbox 285 916 394 977; x_wconf 84' lang='lat' dir='ltr'><strong>Amen.</strong></span> 
     </span>
    </p>
   </div>
   <div class='ocr_carea' id='block_1_3' title="bbox 424 1122 877 1229">
    <p class='ocr_par' dir='ltr' id='par_1_3' title="bbox 424 1122 877 1229">
     <span class='ocr_line' id='line_1_9' title="bbox 424 1122 877 1229; baseline 0.009 -4"><span class='ocrx_word' id='word_1_47' title='bbox 424 1122 428 1131; x_wconf 67' lang='grc'><strong>’</strong></span> <span class='ocrx_word' id='word_1_48' title='bbox 510 1157 546 1227; x_wconf 78' lang='lat' dir='ltr'><strong>l.</strong></span> <span class='ocrx_word' id='word_1_49' title='bbox 570 1166 660 1229; x_wconf 79' lang='lat'><strong>1532.</strong></span> <span class='ocrx_word' id='word_1_50' title='bbox 767 1207 769 1211; x_wconf 53' lang='grc'><strong><em>«</em></strong></span> <span class='ocrx_word' id='word_1_51' title='bbox 863 1164 877 1207; x_wconf 74' lang='lat'><strong>.-</strong></span> 
     </span>
    </p>
   </div>
   <div class='ocr_carea' id='block_1_4' title="bbox 121 1327 1049 1990">
    <p class='ocr_par' dir='ltr' id='par_1_4' title="bbox 121 1327 1049 1990">
     <span class='ocr_line' id='line_1_10' title="bbox 123 1327 1048 1395; baseline 0.002 -7"><span class='ocrx_word' id='word_1_52' title='bbox 123 1333 181 1395; x_wconf 85' lang='lat' dir='ltr'><strong>13l</strong></span> <span class='ocrx_word' id='word_1_53' title='bbox 208 1327 407 1389; x_wconf 84' lang='lat' dir='ltr'><strong>Praefatio</strong></span> <span class='ocrx_word' id='word_1_54' title='bbox 443 1328 480 1391; x_wconf 89' lang='lat' dir='ltr'><strong>D.</strong></span> <span class='ocrx_word' id='word_1_55' title='bbox 512 1328 552 1390; x_wconf 84' lang='lat' dir='ltr'><strong>ll.</strong></span> <span class='ocrx_word' id='word_1_56' title='bbox 587 1329 745 1390; x_wconf 59' lang='lat' dir='ltr'><strong>liutheri</strong></span> <span class='ocrx_word' id='word_1_57' title='bbox 782 1330 819 1389; x_wconf 92' lang='lat' dir='ltr'><strong>iu</strong></span> <span class='ocrx_word' id='word_1_58' title='bbox 855 1332 904 1394; x_wconf 87' lang='lat' dir='ltr'><strong>lo.</strong></span> <span class='ocrx_word' id='word_1_59' title='bbox 936 1330 1048 1390; x_wconf 87' lang='lat' dir='ltr'><strong>Breu-</strong></span> 
     </span>
     <span class='ocr_line' id='line_1_11' title="bbox 121 1410 1048 1493; baseline 0.001 -22"><span class='ocrx_word' id='word_1_60' title='bbox 121 1411 169 1472; x_wconf 90' lang='lat' dir='ltr'><strong>tii</strong></span> <span class='ocrx_word' id='word_1_61' title='bbox 190 1410 394 1487; x_wconf 84' lang='lat' dir='ltr'><strong>Humiliaa,</strong></span> <span class='ocrx_word' id='word_1_62' title='bbox 416 1429 495 1489; x_wconf 88' lang='lat' dir='ltr'><strong>quae</strong></span> <span class='ocrx_word' id='word_1_63' title='bbox 516 1411 694 1476; x_wconf 79' lang='lat' dir='ltr'><strong>auu01532</strong></span> <span class='ocrx_word' id='word_1_64' title='bbox 716 1412 772 1471; x_wconf 88' lang='lat' dir='ltr'><strong>aub</strong></span> <span class='ocrx_word' id='word_1_65' title='bbox 795 1412 855 1472; x_wconf 90' lang='lat' dir='ltr'><strong>hcc</strong></span> <span class='ocrx_word' id='word_1_66' title='bbox 876 1412 1048 1493; x_wconf 69' lang='lat' dir='ltr'><strong>titulcprc</strong></span> 
     </span>
     <span class='ocr_line' id='line_1_12' title="bbox 516 1494 901 1555; baseline 0.008 -1"><span class='ocrx_word' id='word_1_67' title='bbox 516 1494 649 1555; x_wconf 87' lang='lat' dir='ltr'><strong>dierunt:</strong></span> <span class='ocrx_word' id='word_1_68' title='bbox 898 1494 901 1501; x_wconf 78' lang='grc'><strong>’</strong></span> 
     </span>
     <span class='ocr_line' id='line_1_13' title="bbox 121 1575 1048 1659; baseline -0.001 -22"><span class='ocrx_word' id='word_1_69' title='bbox 121 1576 214 1637; x_wconf 84' lang='lat' dir='ltr'><strong>Humi</strong></span> <span class='ocrx_word' id='word_1_70' title='bbox 234 1576 239 1656; x_wconf 90' lang='grc' dir='ltr'>Ι</span> <span class='ocrx_word' id='word_1_71' title='bbox 257 1576 318 1636; x_wconf 88' lang='lat' dir='ltr'><strong>liae</strong></span> <span class='ocrx_word' id='word_1_72' title='bbox 351 1577 459 1656; x_wconf 83' lang='lat' dir='ltr'><strong>viginti</strong></span> <span class='ocrx_word' id='word_1_73' title='bbox 478 1575 483 1659; x_wconf 91' lang='grc' dir='ltr'>Ι</span> <span class='ocrx_word' id='word_1_74' title='bbox 501 1577 589 1638; x_wconf 87' lang='lat' dir='ltr'><strong>duae.</strong></span> <span class='ocrx_word' id='word_1_75' title='bbox 634 1576 696 1638; x_wconf 85' lang='lat' dir='ltr'><strong>Sub</strong></span> <span class='ocrx_word' id='word_1_76' title='bbox 725 1578 931 1639; x_wconf 78' lang='lat' dir='ltr'>incursionem</span> <span class='ocrx_word' id='word_1_77' title='bbox 952 1579 956 1651; x_wconf 87' lang='grc' dir='ltr'>Ι</span> <span class='ocrx_word' id='word_1_78' title='bbox 975 1577 1048 1637; x_wconf 82' lang='lat' dir='ltr'><strong>&#39;Pur-</strong></span> 
     </span>
     <span class='ocr_line' id='line_1_14' title="bbox 122 1658 1049 1742; baseline 0.001 -23"><span class='ocrx_word' id='word_1_79' title='bbox 122 1677 226 1720; x_wconf 85' lang='lat' dir='ltr'><strong>curum</strong></span> <span class='ocrx_word' id='word_1_80' title='bbox 249 1660 279 1719; x_wconf 89' lang='lat' dir='ltr'><strong>in</strong></span> <span class='ocrx_word' id='word_1_81' title='bbox 293 1658 418 1720; x_wconf 82' lang='lat' dir='ltr'><strong>Germa·</strong></span> <span class='ocrx_word' id='word_1_82' title='bbox 439 1660 443 1738; x_wconf 92' lang='grc' dir='ltr'>Ι</span> <span class='ocrx_word' id='word_1_83' title='bbox 463 1661 554 1737; x_wconf 74' lang='lat' dir='ltr'><strong>uiam,</strong></span> <span class='ocrx_word' id='word_1_84' title='bbox 576 1660 616 1720; x_wconf 91' lang='lat' dir='ltr'><strong>ad</strong></span> <span class='ocrx_word' id='word_1_85' title='bbox 640 1660 788 1742; x_wconf 86' lang='lat' dir='ltr'><strong>pupulum</strong></span> <span class='ocrx_word' id='word_1_86' title='bbox 813 1661 944 1737; x_wconf 71' lang='lat' dir='ltr'><strong>dictaei</strong></span> <span class='ocrx_word' id='word_1_87' title='bbox 974 1660 1049 1720; x_wconf 84' lang='grc' dir='ltr'><strong>ΙΔιι-</strong></span> 
     </span>
     <span class='ocr_line' id='line_1_15' title="bbox 124 1741 1048 1824; baseline 0 -22"><span class='ocrx_word' id='word_1_88' title='bbox 124 1751 192 1803; x_wconf 84' lang='lat' dir='ltr'><strong>tore</strong></span> <span class='ocrx_word' id='word_1_89' title='bbox 211 1742 298 1803; x_wconf 89' lang='lat' dir='ltr'><strong>loau·</strong></span> <span class='ocrx_word' id='word_1_90' title='bbox 318 1741 324 1823; x_wconf 89' lang='grc' dir='ltr'>Ι</span> <span class='ocrx_word' id='word_1_91' title='bbox 342 1761 381 1802; x_wconf 89' lang='lat' dir='ltr'><strong>ue</strong></span> <span class='ocrx_word' id='word_1_92' title='bbox 403 1743 538 1805; x_wconf 86' lang='lat' dir='ltr'><strong>Breutiu.</strong></span> <span class='ocrx_word' id='word_1_93' title='bbox 558 1743 564 1824; x_wconf 91' lang='grc' dir='ltr'>Ι</span> <span class='ocrx_word' id='word_1_94' title='bbox 583 1743 659 1804; x_wconf 81' lang='lat' dir='ltr'><strong>(lum</strong></span> <span class='ocrx_word' id='word_1_95' title='bbox 684 1743 876 1804; x_wconf 85' lang='lat' dir='ltr'><strong>Praelatione</strong></span> <span class='ocrx_word' id='word_1_96' title='bbox 893 1743 927 1802; x_wconf 89' lang='lat' dir='ltr'><strong>D.</strong></span> <span class='ocrx_word' id='word_1_97' title='bbox 947 1744 953 1822; x_wconf 89' lang='grc' dir='ltr'>Ι</span> <span class='ocrx_word' id='word_1_98' title='bbox 971 1743 1048 1803; x_wconf 84' lang='lat' dir='ltr'><strong>llar-</strong></span> 
     </span>
     <span class='ocr_line' id='line_1_16' title="bbox 121 1824 1049 1908; baseline 0.001 -23"><span class='ocrx_word' id='word_1_99' title='bbox 121 1827 178 1886; x_wconf 85' lang='lat' dir='ltr'><strong>tini</strong></span> <span class='ocrx_word' id='word_1_100' title='bbox 200 1824 331 1885; x_wconf 87' lang='lat' dir='ltr'><strong>Lutheri.</strong></span> <span class='ocrx_word' id='word_1_101' title='bbox 353 1826 358 1904; x_wconf 95' lang='grc' dir='ltr'>Ι</span> <span class='ocrx_word' id='word_1_102' title='bbox 378 1825 564 1906; x_wconf 83' lang='lat' dir='ltr'><strong>Vitebergce</strong></span> <span class='ocrx_word' id='word_1_103' title='bbox 597 1828 709 1892; x_wconf 65' lang='lat' dir='ltr'><strong>aaut.</strong></span> <span class='ocrx_word' id='word_1_104' title='bbox 728 1824 780 1908; x_wconf 85' lang='grc'><strong>18.</strong></span> <span class='ocrx_word' id='word_1_105' title='bbox 824 1825 914 1886; x_wconf 79' lang='lat' dir='ltr'><strong>Tituli</strong></span> <span class='ocrx_word' id='word_1_106' title='bbox 936 1827 1049 1908; x_wconf 85' lang='lat' dir='ltr'><strong>pagiua</strong></span> 
     </span>
     <span class='ocr_line' id='line_1_17' title="bbox 122 1906 1048 1990; baseline 0.002 -22"><span class='ocrx_word' id='word_1_107' title='bbox 122 1908 230 1989; x_wconf 84' lang='lat' dir='ltr'><strong>liguria</strong></span> <span class='ocrx_word' id='word_1_108' title='bbox 263 1909 495 1990; x_wconf 79' lang='lat' dir='ltr'><strong>typographicia</strong></span> <span class='ocrx_word' id='word_1_109' title='bbox 526 1917 573 1969; x_wconf 82' lang='lat' dir='ltr'><strong>est</strong></span> <span class='ocrx_word' id='word_1_110' title='bbox 600 1916 717 1970; x_wconf 84' lang='lat' dir='ltr'><strong>oruata.</strong></span> <span class='ocrx_word' id='word_1_111' title='bbox 761 1906 797 1971; x_wconf 88' lang='lat' dir='ltr'><strong>Iu</strong></span> <span class='ocrx_word' id='word_1_112' title='bbox 825 1907 888 1969; x_wconf 86' lang='lat' dir='ltr'><strong>iiua</strong></span> <span class='ocrx_word' id='word_1_113' title='bbox 909 1909 988 1969; x_wconf 82' lang='lat' dir='ltr'><strong>haec</strong></span> <span class='ocrx_word' id='word_1_114' title='bbox 1008 1909 1048 1970; x_wconf 87' lang='lat' dir='ltr'><strong>la·</strong></span> 
     </span>
    </p>
   </div>
   <div class='ocr_carea' id='block_1_5' title="bbox 124 1991 1049 2161">
    <p class='ocr_par' dir='ltr' id='par_1_5' title="bbox 124 1991 1049 2161">
     <span class='ocr_line' id='line_1_18' title="bbox 124 1991 1049 2072; baseline 0.001 -20"><span class='ocrx_word' id='word_1_115' title='bbox 124 1999 253 2072; x_wconf 83' lang='lat' dir='ltr'><strong>guntur:</strong></span> <span class='ocrx_word' id='word_1_116' title='bbox 298 1991 483 2070; x_wconf 83' lang='lat' dir='ltr'><strong>Vitebergae</strong></span> <span class='ocrx_word' id='word_1_117' title='bbox 528 2011 583 2072; x_wconf 88' lang='lat' dir='ltr'><strong>per</strong></span> <span class='ocrx_word' id='word_1_118' title='bbox 626 1992 773 2053; x_wconf 85' lang='lat' dir='ltr'><strong>loannem</strong></span> <span class='ocrx_word' id='word_1_119' title='bbox 816 1991 928 2056; x_wconf 78' lang='lat' dir='ltr'><strong>Weiss.</strong></span> <span class='ocrx_word' id='word_1_120' title='bbox 957 1992 1049 2053; x_wconf 81' lang='lat' dir='ltr'><strong>Auno</strong></span> 
     </span>
     <span class='ocr_line' id='line_1_19' title="bbox 245 2074 830 2161; baseline 0.003 -26"><span class='ocrx_word' id='word_1_121' title='bbox 245 2088 249 2094; x_wconf 83' lang='lat'>&#39;</span> <span class='ocrx_word' id='word_1_122' title='bbox 349 2074 551 2161; x_wconf 62' lang='lat' dir='ltr'><strong>ccxxxii.</strong></span> <span class='ocrx_word' id='word_1_123' title='bbox 575 2095 681 2137; x_wconf 85' lang='lat' dir='ltr'><strong>menae</strong></span> <span class='ocrx_word' id='word_1_124' title='bbox 702 2074 830 2137; x_wconf 80' lang='lat' dir='ltr'><strong>Februa.</strong></span> 
     </span>
    </p>
   </div>
   <div class='ocr_carea' id='block_1_6' title="bbox 335 2194 968 2415">
    <p class='ocr_par' dir='ltr' id='par_1_6' title="bbox 335 2194 968 2415">
     <span class='ocr_line' id='line_1_20' title="bbox 335 2194 968 2316; baseline 0.002 -14"><span class='ocrx_word' id='word_1_125' title='bbox 335 2206 489 2303; x_wconf 62' lang='lat' dir='ltr'><strong>praefluo</strong></span> <span class='ocrx_word' id='word_1_126' title='bbox 512 2241 549 2306; x_wconf 86' lang='lat' dir='ltr'><strong>u.</strong></span> <span class='ocrx_word' id='word_1_127' title='bbox 574 2194 695 2302; x_wconf 55' lang='lat' dir='ltr'><strong>ualuit</strong></span> <span class='ocrx_word' id='word_1_128' title='bbox 716 2241 856 2302; x_wconf 68' lang='lat' dir='ltr'><strong>currere</strong></span> <span class='ocrx_word' id='word_1_129' title='bbox 954 2268 968 2316; x_wconf 33' lang='lat' dir='ltr'><strong>,v</strong></span> 
     </span>
     <span class='ocr_line' id='line_1_21' title="bbox 336 2322 803 2415; baseline 0.009 -33"><span class='ocrx_word' id='word_1_130' title='bbox 336 2325 366 2383; x_wconf 90' lang='lat' dir='ltr'><strong>in</strong></span> <span class='ocrx_word' id='word_1_131' title='bbox 389 2325 541 2384; x_wconf 79' lang='lat' dir='ltr'><strong>Homilius</strong></span> <span class='ocrx_word' id='word_1_132' title='bbox 562 2324 600 2386; x_wconf 86' lang='lat' dir='ltr'><strong>D.</strong></span> <span class='ocrx_word' id='word_1_133' title='bbox 624 2325 738 2415; x_wconf 80' lang='lat' dir='ltr'><strong>Brcutii</strong></span> <span class='ocrx_word' id='word_1_134' title='bbox 752 2322 803 2400; x_wconf 46' lang='grc' dir='ltr'><strong>ἦ).</strong></span> 
     </span>
    </p>
   </div>
   <div class='ocr_carea' id='block_1_7' title="bbox 124 2459 1053 3205">
    <p class='ocr_par' dir='ltr' id='par_1_7' title="bbox 124 2459 1053 3205">
     <span class='ocr_line' id='line_1_22' title="bbox 136 2459 1050 2545; baseline -0.003 -22"><span class='ocrx_word' id='word_1_135' title='bbox 136 2506 138 2509; x_wconf 29' lang='grc' dir='ltr'>ψ</span> <span class='ocrx_word' id='word_1_136' title='bbox 208 2462 391 2545; x_wconf 77' lang='lat' dir='ltr'><strong>Quanquam</strong></span> <span class='ocrx_word' id='word_1_137' title='bbox 415 2464 513 2524; x_wconf 86' lang='lat' dir='ltr'><strong>omnia</strong></span> <span class='ocrx_word' id='word_1_138' title='bbox 536 2461 666 2525; x_wconf 80' lang='lat' dir='ltr'><strong>eruditio</strong></span> <span class='ocrx_word' id='word_1_139' title='bbox 694 2468 728 2523; x_wconf 82' lang='lat' dir='ltr'><strong>et</strong></span> <span class='ocrx_word' id='word_1_140' title='bbox 745 2461 915 2523; x_wconf 85' lang='lat' dir='ltr'><strong>admouit-io</strong></span> <span class='ocrx_word' id='word_1_141' title='bbox 937 2459 1050 2527; x_wconf 78' lang='lat' dir='ltr'><strong>frustra</strong></span> 
     </span>
     <span class='ocr_line' id='line_1_23' title="bbox 124 2544 1049 2626; baseline -0.003 -18"><span class='ocrx_word' id='word_1_142' title='bbox 124 2548 165 2609; x_wconf 82' lang='lat' dir='ltr'><strong>sit</strong></span> <span class='ocrx_word' id='word_1_143' title='bbox 187 2546 269 2626; x_wconf 86' lang='lat' dir='ltr'><strong>apud</strong></span> <span class='ocrx_word' id='word_1_144' title='bbox 292 2546 451 2610; x_wconf 81' lang='lat' dir='ltr'><strong>induratos</strong></span> <span class='ocrx_word' id='word_1_145' title='bbox 474 2545 625 2623; x_wconf 75' lang='lat' dir='ltr'><strong>homiues,</strong></span> <span class='ocrx_word' id='word_1_146' title='bbox 648 2545 831 2607; x_wconf 83' lang='lat' dir='ltr'><strong>sieutetiam</strong></span> <span class='ocrx_word' id='word_1_147' title='bbox 846 2544 954 2607; x_wconf 77' lang='lat' dir='ltr'><strong>Esaias</strong></span> <span class='ocrx_word' id='word_1_148' title='bbox 977 2563 1049 2623; x_wconf 87' lang='lat' dir='ltr'><strong>que·</strong></span> 
     </span>
     <span class='ocr_line' id='line_1_24' title="bbox 124 2626 1051 2774; baseline -0.002 -84"><span class='ocrx_word' id='word_1_149' title='bbox 124 2631 208 2708; x_wconf 81' lang='lat' dir='ltr'><strong>uitur,</strong></span> <span class='ocrx_word' id='word_1_150' title='bbox 230 2630 339 2692; x_wconf 75' lang='lat' dir='ltr'><strong>frustm</strong></span> <span class='ocrx_word' id='word_1_151' title='bbox 363 2630 481 2710; x_wconf 90' lang='lat' dir='ltr'><strong>percuti</strong></span> <span class='ocrx_word' id='word_1_152' title='bbox 500 2629 655 2774; x_wconf 53' lang='lat' dir='ltr'><strong>Xopuluur</strong></span> <span class='ocrx_word' id='word_1_153' title='bbox 677 2627 849 2688; x_wconf 87' lang='lat' dir='ltr'><strong>induratum</strong></span> <span class='ocrx_word' id='word_1_154' title='bbox 872 2626 1051 2705; x_wconf 84' lang='lat' dir='ltr'><strong>uDomiuc,</strong></span> 
     </span>
     <span class='ocr_line' id='line_1_25' title="bbox 125 2709 1051 2794; baseline -0.003 -21"><span class='ocrx_word' id='word_1_155' title='bbox 125 2731 183 2775; x_wconf 88' lang='lat' dir='ltr'><strong>noa</strong></span> <span class='ocrx_word' id='word_1_156' title='bbox 206 2719 318 2790; x_wconf 82' lang='lat' dir='ltr'><strong>tumen,</strong></span> <span class='ocrx_word' id='word_1_157' title='bbox 340 2714 391 2793; x_wconf 92' lang='lat' dir='ltr'><strong>qui</strong></span> <span class='ocrx_word' id='word_1_158' title='bbox 414 2715 445 2773; x_wconf 91' lang='lat' dir='ltr'><strong>iu</strong></span> <span class='ocrx_word' id='word_1_159' title='bbox 469 2713 502 2773; x_wconf 84' lang='lat' dir='ltr'><strong>ci</strong></span> <span class='ocrx_word' id='word_1_160' title='bbox 523 2715 571 2774; x_wconf 93' lang='lat' dir='ltr'><strong>cio</strong></span> <span class='ocrx_word' id='word_1_161' title='bbox 585 2711 717 2794; x_wconf 83' lang='lat' dir='ltr'><strong>docendi</strong></span> <span class='ocrx_word' id='word_1_162' title='bbox 739 2730 853 2784; x_wconf 74' lang='lat' dir='ltr'><strong>eumue,</strong></span> <span class='ocrx_word' id='word_1_163' title='bbox 876 2730 937 2771; x_wconf 86' lang='lat' dir='ltr'><strong>non</strong></span> <span class='ocrx_word' id='word_1_164' title='bbox 961 2709 1051 2770; x_wconf 84' lang='lat' dir='ltr'><strong>debe·</strong></span> 
     </span>
     <span class='ocr_line' id='line_1_26' title="bbox 126 2791 1051 2873; baseline -0.003 -18"><span class='ocrx_word' id='word_1_165' title='bbox 126 2814 193 2855; x_wconf 86' lang='lat' dir='ltr'><strong>mua</strong></span> <span class='ocrx_word' id='word_1_166' title='bbox 215 2795 265 2855; x_wconf 87' lang='lat' dir='ltr'><strong>vel</strong></span> <span class='ocrx_word' id='word_1_167' title='bbox 287 2815 306 2856; x_wconf 92' lang='lat' dir='ltr'><strong>a</strong></span> <span class='ocrx_word' id='word_1_168' title='bbox 328 2795 470 2857; x_wconf 87' lang='lat' dir='ltr'><strong>docendo</strong></span> <span class='ocrx_word' id='word_1_169' title='bbox 494 2796 544 2856; x_wconf 88' lang='lat' dir='ltr'><strong>vel</strong></span> <span class='ocrx_word' id='word_1_170' title='bbox 567 2792 723 2857; x_wconf 86' lang='lat' dir='ltr'><strong>monendo</strong></span> <span class='ocrx_word' id='word_1_171' title='bbox 740 2791 772 2869; x_wconf 80' lang='grc' dir='ltr'><strong>1Ι</strong></span> <span class='ocrx_word' id='word_1_172' title='bbox 796 2811 936 2869; x_wconf 64' lang='lat' dir='ltr'><strong>cessare,</strong></span> <span class='ocrx_word' id='word_1_173' title='bbox 973 2793 1051 2873; x_wconf 82' lang='lat' dir='ltr'><strong>sicut</strong></span> 
     </span>
     <span class='ocr_line' id='line_1_27' title="bbox 124 2874 1050 2959; baseline -0.006 -19"><span class='ocrx_word' id='word_1_174' title='bbox 124 2897 186 2940; x_wconf 89' lang='lat' dir='ltr'><strong>nec</strong></span> <span class='ocrx_word' id='word_1_175' title='bbox 206 2877 377 2940; x_wconf 78' lang='lat' dir='ltr'><strong>Hieremiae</strong></span> <span class='ocrx_word' id='word_1_176' title='bbox 400 2878 560 2959; x_wconf 76' lang='lat' dir='ltr'>cessabat,</span> <span class='ocrx_word' id='word_1_177' title='bbox 583 2879 656 2939; x_wconf 86' lang='lat' dir='ltr'><strong>licet</strong></span> <span class='ocrx_word' id='word_1_178' title='bbox 677 2877 794 2938; x_wconf 83' lang='lat' dir='ltr'><strong>videret</strong></span> <span class='ocrx_word' id='word_1_179' title='bbox 815 2895 849 2937; x_wconf 86' lang='lat' dir='ltr'><strong>ae</strong></span> <span class='ocrx_word' id='word_1_180' title='bbox 872 2874 946 2937; x_wconf 88' lang='lat' dir='ltr'><strong>nihil</strong></span> <span class='ocrx_word' id='word_1_181' title='bbox 969 2874 1050 2955; x_wconf 88' lang='lat' dir='ltr'><strong>apud</strong></span> 
     </span>
     <span class='ocr_line' id='line_1_28' title="bbox 124 2958 1051 3044; baseline -0.004 -21"><span class='ocrx_word' id='word_1_182' title='bbox 124 2963 299 3044; x_wconf 78' lang='lat' dir='ltr'><strong>pertinaces</strong></span> <span class='ocrx_word' id='word_1_183' title='bbox 321 2961 452 3023; x_wconf 87' lang='lat' dir='ltr'><strong>ludaeca</strong></span> <span class='ocrx_word' id='word_1_184' title='bbox 475 2961 596 3029; x_wconf 86' lang='lat' dir='ltr'><strong>efficere</strong></span> <span class='ocrx_word' id='word_1_185' title='bbox 618 2980 727 3042; x_wconf 81' lang='lat' dir='ltr'><strong>peasa,</strong></span> <span class='ocrx_word' id='word_1_186' title='bbox 757 2959 859 3027; x_wconf 85' lang='lat' dir='ltr'><strong>donec</strong></span> <span class='ocrx_word' id='word_1_187' title='bbox 880 2978 913 3019; x_wconf 87' lang='lat' dir='ltr'><strong>re</strong></span> <span class='ocrx_word' id='word_1_188' title='bbox 934 2958 1051 3043; x_wconf 83' lang='lat' dir='ltr'><strong>experi-</strong></span> 
     </span>
     <span class='ocr_line' id='line_1_29' title="bbox 125 3041 1051 3126; baseline -0.008 -19"><span class='ocrx_word' id='word_1_189' title='bbox 125 3042 240 3126; x_wconf 80' lang='lat' dir='ltr'><strong>re&#39;utur,</strong></span> <span class='ocrx_word' id='word_1_190' title='bbox 264 3063 343 3124; x_wconf 87' lang='lat' dir='ltr'><strong>quae</strong></span> <span class='ocrx_word' id='word_1_191' title='bbox 366 3044 538 3106; x_wconf 85' lang='lat' dir='ltr'><strong>minabatur&#39;</strong></span> <span class='ocrx_word' id='word_1_192' title='bbox 559 3044 721 3126; x_wconf 85' lang='lat' dir='ltr'><strong>propheta,</strong></span> <span class='ocrx_word' id='word_1_193' title='bbox 744 3041 1051 3123; x_wconf 84' lang='lat' dir='ltr'><strong>quare-adhortatorii</strong></span> 
     </span>
     <span class='ocr_line' id='line_1_30' title="bbox 126 3123 1053 3205; baseline -0.005 -17"><span class='ocrx_word' id='word_1_194' title='bbox 126 3129 156 3189; x_wconf 90' lang='lat' dir='ltr'><strong>hi</strong></span> <span class='ocrx_word' id='word_1_195' title='bbox 181 3146 340 3189; x_wconf 77' lang='lat' dir='ltr'><strong>sermones</strong></span> <span class='ocrx_word' id='word_1_196' title='bbox 364 3127 401 3189; x_wconf 91' lang='lat' dir='ltr'><strong>D.</strong></span> <span class='ocrx_word' id='word_1_197' title='bbox 424 3127 569 3189; x_wconf 84' lang='lat' dir='ltr'><strong>lohuuuie</strong></span> <span class='ocrx_word' id='word_1_198' title='bbox 585 3127 699 3193; x_wconf 85' lang='lat' dir='ltr'><strong>Breutii</strong></span> <span class='ocrx_word' id='word_1_199' title='bbox 724 3125 813 3204; x_wconf 75' lang='lat' dir='ltr'><strong>ualde</strong></span> <span class='ocrx_word' id='word_1_200' title='bbox 837 3123 908 3186; x_wconf 91' lang='lat' dir='ltr'><strong>mihi</strong></span> <span class='ocrx_word' id='word_1_201' title='bbox 929 3125 1053 3205; x_wconf 79' lang='lat' dir='ltr'><strong>placent</strong></span> 
     </span>
    </p>
   </div>
   <div class='ocr_carea' id='block_1_8' title="bbox 126 3389 1055 3809">
    <p class='ocr_par' dir='ltr' id='par_1_8' title="bbox 126 3389 1055 3809">
     <span class='ocr_line' id='line_1_31' title="bbox 202 3389 1053 3462; baseline -0.008 -12"><span class='ocrx_word' id='word_1_202' title='bbox 202 3392 234 3460; x_wconf 74' lang='grc' dir='ltr'><strong>*Ι</strong></span> <span class='ocrx_word' id='word_1_203' title='bbox 254 3394 314 3450; x_wconf 81' lang='lat' dir='ltr'><strong>Nou</strong></span> <span class='ocrx_word' id='word_1_204' title='bbox 331 3399 437 3449; x_wconf 89' lang='lat' dir='ltr'><strong>textum</strong></span> <span class='ocrx_word' id='word_1_205' title='bbox 463 3392 544 3450; x_wconf 89' lang='lat' dir='ltr'><strong>huiua</strong></span> <span class='ocrx_word' id='word_1_206' title='bbox 563 3389 746 3462; x_wconf 79' lang='lat' dir='ltr'><strong>praelationis</strong></span> <span class='ocrx_word' id='word_1_207' title='bbox 769 3389 939 3445; x_wconf 78' lang='lat' dir='ltr'><strong>reddidimus</strong></span> <span class='ocrx_word' id='word_1_208' title='bbox 956 3404 1053 3451; x_wconf 76' lang='lat' dir='ltr'><strong>uacuu-</strong></span> 
     </span>
     <span class='ocr_line' id='line_1_32' title="bbox 127 3461 1052 3531; baseline -0.008 -10"><span class='ocrx_word' id='word_1_209' title='bbox 127 3464 193 3521; x_wconf 89' lang='lat' dir='ltr'><strong>dum</strong></span> <span class='ocrx_word' id='word_1_210' title='bbox 222 3465 372 3531; x_wconf 82' lang='lat' dir='ltr'><strong>editionem</strong></span> <span class='ocrx_word' id='word_1_211' title='bbox 399 3465 497 3521; x_wconf 84' lang='lat' dir='ltr'><strong>harum</strong></span> <span class='ocrx_word' id='word_1_212' title='bbox 523 3461 997 3530; x_wconf 83' lang='lat' dir='ltr'><strong>humiliarum.Wittambargauaem</strong></span> <span class='ocrx_word' id='word_1_213' title='bbox 1026 3474 1052 3515; x_wconf 79' lang='lat' dir='ltr'><strong>a.</strong></span> 
     </span>
     <span class='ocr_line' id='line_1_33' title="bbox 128 3530 1055 3606; baseline -0.009 -13"><span class='ocrx_word' id='word_1_214' title='bbox 128 3538 216 3604; x_wconf 80' lang='lat'><strong>1532,</strong></span> <span class='ocrx_word' id='word_1_215' title='bbox 246 3552 319 3606; x_wconf 84' lang='lat' dir='ltr'><strong>quae</strong></span> <span class='ocrx_word' id='word_1_216' title='bbox 343 3535 424 3593; x_wconf 81' lang='lat' dir='ltr'><strong>uobis</strong></span> <span class='ocrx_word' id='word_1_217' title='bbox 452 3553 486 3592; x_wconf 88' lang='lat' dir='ltr'><strong>ex</strong></span> <span class='ocrx_word' id='word_1_218' title='bbox 516 3534 687 3591; x_wconf 76' lang='lat' dir='ltr'><strong>bibliotheca</strong></span> <span class='ocrx_word' id='word_1_219' title='bbox 704 3534 784 3603; x_wconf 87' lang='lat' dir='ltr'><strong>Reip.</strong></span> <span class='ocrx_word' id='word_1_220' title='bbox 815 3530 1055 3601; x_wconf 82' lang='lat' dir='ltr'><strong>Norimbergauaia</strong></span> 
     </span>
     <span class='ocr_line' id='line_1_34' title="bbox 126 3603 1054 3680; baseline -0.004 -18"><span class='ocrx_word' id='word_1_221' title='bbox 126 3614 241 3680; x_wconf 79' lang='lat' dir='ltr'><strong>praesto</strong></span> <span class='ocrx_word' id='word_1_222' title='bbox 260 3614 329 3665; x_wconf 86' lang='lat' dir='ltr'><strong>erat.</strong></span> <span class='ocrx_word' id='word_1_223' title='bbox 348 3640 380 3650; x_wconf 91' lang='lat'>-</span> <span class='ocrx_word' id='word_1_224' title='bbox 401 3608 566 3665; x_wconf 83' lang='lat' dir='ltr'><strong>Germanice</strong></span> <span class='ocrx_word' id='word_1_225' title='bbox 590 3607 661 3663; x_wconf 87' lang='lat' dir='ltr'><strong>haec</strong></span> <span class='ocrx_word' id='word_1_226' title='bbox 678 3605 791 3662; x_wconf 90' lang='lat' dir='ltr'><strong>Lutberi</strong></span> <span class='ocrx_word' id='word_1_227' title='bbox 809 3603 945 3674; x_wconf 85' lang='lat' dir='ltr'><strong>praefatio</strong></span> <span class='ocrx_word' id='word_1_228' title='bbox 965 3603 1054 3660; x_wconf 89' lang='lat' dir='ltr'><strong>raddi-</strong></span> 
     </span>
     <span class='ocr_line' id='line_1_35' title="bbox 126 3675 1053 3808; baseline -0.005 -72"><span class='ocrx_word' id='word_1_229' title='bbox 126 3686 173 3736; x_wconf 88' lang='lat' dir='ltr'><strong>tur</strong></span> <span class='ocrx_word' id='word_1_230' title='bbox 191 3695 209 3734; x_wconf 86' lang='lat' dir='ltr'><strong>a</strong></span> <span class='ocrx_word' id='word_1_231' title='bbox 227 3680 362 3808; x_wconf 51' lang='grc' dir='ltr'><strong>Ιιναίοὴίο,</strong></span> <span class='ocrx_word' id='word_1_232' title='bbox 380 3681 412 3736; x_wconf 86' lang='grc' dir='ltr'><strong>Τ.</strong></span> <span class='ocrx_word' id='word_1_233' title='bbox 433 3680 500 3737; x_wconf 87' lang='lat' dir='ltr'><strong>XIV</strong></span> <span class='ocrx_word' id='word_1_234' title='bbox 518 3680 588 3750; x_wconf 83' lang='lat' dir='ltr'>opp.</span> <span class='ocrx_word' id='word_1_235' title='bbox 608 3681 638 3734; x_wconf 93' lang='lat' dir='ltr'><strong>L.</strong></span> <span class='ocrx_word' id='word_1_236' title='bbox 658 3694 686 3748; x_wconf 87' lang='lat' dir='ltr'><strong>p.</strong></span> <span class='ocrx_word' id='word_1_237' title='bbox 705 3679 766 3736; x_wconf 77' lang='lat'><strong>295:</strong></span> <span class='ocrx_word' id='word_1_238' title='bbox 805 3679 832 3748; x_wconf 88' lang='lat'><strong>1)</strong></span> <span class='ocrx_word' id='word_1_239' title='bbox 853 3676 884 3731; x_wconf 92' lang='lat' dir='ltr'><strong>Iu</strong></span> <span class='ocrx_word' id='word_1_240' title='bbox 902 3675 947 3734; x_wconf 86' lang='lat' dir='ltr'><strong>ad.</strong></span> <span class='ocrx_word' id='word_1_241' title='bbox 966 3675 1053 3749; x_wconf 56' lang='lat' dir='ltr'><strong>origc</strong></span> 
     </span>
     <span class='ocr_line' id='line_1_36' title="bbox 131 3766 964 3809; baseline -0.002 -1"><span class='ocrx_word' id='word_1_242' title='bbox 131 3766 234 3809; x_wconf 85' lang='lat' dir='ltr'><strong>moveu</strong></span> <span class='ocrx_word' id='word_1_243' title='bbox 254 3767 281 3808; x_wconf 86' lang='lat'><strong>0.</strong></span> <span class='ocrx_word' id='word_1_244' title='bbox 551 3796 555 3804; x_wconf 94' lang='lat'>.</span> <span class='ocrx_word' id='word_1_245' title='bbox 647 3788 650 3795; x_wconf 86' lang='lat'>·</span> <span class='ocrx_word' id='word_1_246' title='bbox 675 3798 677 3802; x_wconf 96' lang='lat'><em>.</em></span> <span class='ocrx_word' id='word_1_247' title='bbox 721 3793 725 3805; x_wconf 92' lang='lat'>.</span> <span class='ocrx_word' id='word_1_248' title='bbox 780 3795 784 3803; x_wconf 89' lang='lat'><em>.</em></span> <span class='ocrx_word' id='word_1_249' title='bbox 961 3802 964 3806; x_wconf 91' lang='lat'>.</span> 
     </span>
    </p>
   </div>
   <div class='ocr_carea' id='block_1_9' title="bbox 0 0 1185 4162">
    <p class='ocr_par' dir='ltr' id='par_1_9' title="bbox 0 0 1185 4162">
     <span class='ocr_line' id='line_1_37' title="bbox 0 0 1185 4162; baseline 0 0"><span class='ocrx_word' id='word_1_250' title='bbox 0 0 1185 4162; x_wconf 95' lang='lat' dir='ltr'><strong> </strong></span> 
     </span>
    </p>
   </div>
  </div>
 </body>
</html>
