2348 4162
215 244 280 313 498
502 242 695 303 Praefationes
712 242 747 301 D.
765 242 802 301 ll.
820 243 851 299 1.

215 417 378 497 quiequam
400 414 451 476 hio
472 432 566 495 posse
588 413 737 478 oontidas.
758 414 799 475 Et
814 412 955 494 quamvis
970 410 1133 492 aliquando

214 501 367 561 humanae
394 498 571 580 theologiae
603 500 699 560 lutum
732 497 834 558 adhue
857 497 889 558 in
912 495 1045 578 pedibus
1073 498 1134 559 eius

213 583 349 664 haereat,
371 583 402 642 in
424 601 485 662 qua
507 583 634 642 multum
656 581 775 643 videtur
796 582 943 662 temporis
968 579 1134 660 perdidisse

217 667 303 746 (quie
326 667 408 726 enim
430 685 485 746 per
516 665 547 725 id
582 672 702 747 tempus
731 665 769 725 ab
801 665 867 725 istis
895 662 1041 725 sordibus
1064 667 1133 725 eatis

213 769 306 831 purus
343 768 412 811 esse
433 748 634 830 potuissetl)‚
675 757 777 809 tamen
811 746 974 825 credendi,
1013 746 1133 828 fidendi,

215 831 359 913 sperandi
389 833 419 892 in
443 832 498 892 Dei
527 831 781 901 misericordiam,
814 829 973 892 diffidendi
1004 849 1080 892 vero
1108 838 1133 891 et

216 914 399 996 desperandi
432 914 470 975 de
502 914 591 975 nobis
624 924 655 975 et
687 915 798 976 nostris
828 913 960 993 viribus,
997 914 1061 976 hoo
1093 921 1132 976 eat

214 999 422 1079 Evangelioae
444 997 602 1058 doetrinae
619 1005 650 1059 et
666 998 1005 1077 Christianaepietatis,
1028 1017 1130 1080 purum

214 1090 245 1143 et
266 1081 424 1162 pulebrum
459 1081 634 1162 exemplum
665 1080 718 1142 tibi
754 1085 912 1144 monstrat.
956 1079 1030 1142 Non
1059 1083 1131 1143 eninr

213 1184 268 1246 per
284 1170 355 1225 vota
372 1183 428 1224 sua
439 1163 662 1243 substantialia,
680 1183 744 1225 non
762 1182 817 1245 per
829 1169 955 1307 mund
971 1163 1128 1244 euoullau,

215 1249 324 1307 missas
347 1252 378 1307 et
400 1266 496 1328 opera
528 1249 573 1308 sui
607 1246 721 1309 ordinis
758 1267 827 1309 eum
861 1249 931 1308 inae
956 1266 1009 1308 ere
1040 1247 1128 1323 vides,

213 1330 267 1390 sed
290 1332 322 1393 in
344 1332 581 1412 praeparatione
602 1331 763 1412 Evangelii
791 1332 892 1410 pasis,
922 1330 1067 1392 indutum
1095 1331 1131 1392 lo·

213 1414 277 1474 rioa
300 1414 433 1474 iustitiae
456 1420 486 1473 et
508 1423 657 1475 armatum
680 1422 768 1475 souto
790 1412 862 1475 fidei
891 1419 921 1474 et
946 1414 1042 1495 galea
1063 1414 1129 1477 salu·

213 1496 252 1556 tis
274 1503 368 1576 stare,
390 1516 453 1557 non
473 1497 511 1558 de
528 1497 634 1559 ordine
652 1495 909 1578 praedicatorum,
932 1497 989 1558 sed
1005 1497 1047 1559 ds
1061 1516 1130 1559 eorn-

213 1582 296 1640 muni
319 1579 427 1641 ordine
450 1581 701 1646 Christianorum.
736 1580 816 1641 Vale
838 1589 869 1642 et
891 1580 1026 1662 imitare,
1048 1581 1128 1643 Anno

213 1662 403 1727 M.D.XXlll.

601 1947 638 2013 A.
662 1949 754 2014 1523.

212 2111 250 2194 5)
277 2109 519 2194 Praefatio¹)
549 2113 585 2174 D.
611 2113 651 2176 M.
677 2112 842 2175 Lutberi
867 2112 901 2173 in
931 2112 1128 2176 Franoisai

212 2194 1128 2291 LambertiAvenionensiscommentarioevere

213 2279 479 2426 bilbili&
497 2299 537 2427 ¹:
553 2280 1128 2506 gttllttlltltilttttrul

212 2447 296 2506 tione
318 2449 348 2505 in
371 2445 470 2505 luoem
494 2464 550 2525 pro
574 2447 624 2506 iit:
978 2474 986 2485 ·

254 2529 503 2590 Christianissirui
533 2528 609 2592 Doe.
637 2527 759 2592 Martini
786 2526 928 2608 Lutheri,
971 2535 1006 2591 et
1040 2528 1129 2592 Anne

254 2612 361 2672 mundi
383 2611 471 2672 Gonti
495 2610 614 2691 Equitis
635 2611 727 2692 Galli,
751 2632 807 2694 pro
830 2611 1033 2694 sequentibus
1055 2630 1128 2673 eon·

254 2695 409 2755 menteriis
437 2694 614 2774 Epistulae:
650 2696 829 2776 Evangelioi
862 2697 893 2757 in
926 2695 1127 2757 Minoritarum

254 2777 405 2857 Regulam
429 2778 666 2856 Commentarii‚
699 2778 816 2854 Quibus
846 2779 949 2860 palam
980 2778 1032 2858 fit,
1067 2773 1128 2858 quid

255 2867 317 2922 tam
341 2861 378 2920 de
399 2861 467 2938 illa,
502 2880 594 2941 quam
617 2861 654 2922 de
676 2861 744 2922 aliis
767 2862 990 2923 Monaohorum
1015 2859 1129 2943 Regalis

256 2950 286 3004 et
309 2943 576 3006 constitutionibus
609 2943 800 3006 sentiendum
834 2946 881 3006 eit.
924 2943 961 3007 In
988 2943 1129 3028 Epistola,

252 3045 332 3105 quae
353 3045 372 3086 a
393 3027 461 3088 libri
483 3029 584 3107 eapite
606 3033 669 3106 est,
700 3028 862 3089 multarum
892 3031 1049 3090 seotaruru
1071 3045 1128 3109 per

255 3110 379 3170 ditionis
402 3110 583 3192 catalogum
607 3112 754 3172 iuvenies.
784 3112 949 3172 Franoisoo
971 3111 1128 3174 Lamberto

252 3191 343 3253 Gallo
371 3192 535 3275 Theologo
565 3194 703 3257 authore.
747 3191 803 3278 (ef.
826 3194 976 3276 Sohdtae,
1012 3194 1129 3257 luthere

285 3461 317 3527 1)
337 3460 395 3516 Nos
413 3466 517 3517 textum
536 3460 715 3531 repetivimus
736 3475 770 3515 ex
787 3460 828 3515 Io.
839 3458 989 3518 Auritabri
1008 3463 1054 3520 ed.
1071 3463 1126 3532 Ilpa

210 3531 325 3587 Lutheri
352 3532 385 3587 T.
404 3532 429 3586 II
448 3549 475 3602 p.
497 3532 577 3601 1281),
607 3531 669 3588 soll.
702 3531 832 3590 dewettii
858 3532 1073 3608 (Seidemanni)
1094 3530 1124 3589 etl

212 3603 282 3672 Epp.
302 3603 382 3658 Luth.
401 3604 434 3659 T.
453 3605 505 3672 VI,
525 3621 553 3674 p.
573 3607 621 3672 41,
641 3605 802 3675 germaniae
821 3604 949 3660 redditur
966 3605 1044 3665 haee
1062 3618 1121 3679 pret

208 3672 278 3730 satio
296 3675 325 3729 in
340 3675 458 3732 Walohii
476 3676 518 3732 ed.
539 3678 610 3747 Opp.
629 3675 706 3732 Luth.
724 3677 757 3733 T.
777 3677 852 3743 lllV.
871 3693 898 3748 p.
919 3679 985 3749 228,
1005 3688 1036 3737 et
1052 3682 1079 3737 in
1094 3673 1123 3733 ad

210 3746 284 3816 Lips.
304 3746 375 3816 Opp.
395 3747 476 3802 Luth.
495 3748 589 3820 XXII,
614 3765 641 3819 p.
664 3751 708 3806 81.
728 3748 860 3819 Append.
881 3780 916 3790 —
