2348 4162
293 229 329 287 ad
347 230 381 286 D.
401 231 544 287 Ειιιιιιιιιιι
562 230 785 289 Rotemdamum.
930 222 992 297 139

65 398 193 462 alienae
225 418 340 464 scenae
367 402 526 465 servimus.
574 401 644 464 Non
679 408 726 463 cst·
769 399 858 462 ludus
892 417 993 480 neque

65 483 182 560 iocus,
210 502 314 546 saeros
337 485 441 547 literas
463 488 495 546 et
515 485 661 565 pietatem
685 484 814 563 docere,
849 482 993 544 iaciiiime

65 566 152 627 enim
178 565 230 627 hie
251 568 403 647 contingit
429 568 533 648 lapsus
555 567 632 645 ilie,
665 566 703 629 de
735 584 796 646 quo
817 563 991 647 Iacobus*)

66 647 158 709 dicit:
181 647 240 726 Qui
261 649 388 712 offendit
409 653 439 711 in
462 669 535 729 uno,
557 650 591 711 iit
612 652 747 719 omnium
769 668 848 710 reus.
891 649 936 709 lta
957 647 992 709 fit

66 732 163 810 enim,
184 739 226 811 ut,
250 753 317 795 cnm
342 734 495 795 modicum
519 733 677 794 videamur
705 732 784 793 veile
806 733 915 815 nugari
936 750 994 793 nec

65 815 145 876 setis
167 823 344 878 reverenter
365 836 470 878 sacras
491 815 596 878 literas
610 815 768 894 habemus,
792 834 865 875 mox
887 815 995 895 impie·

69 897 187 959 tatibus
219 900 434 980 involvamur,
470 898 729 981 blasphemiisque
766 900 994 977 immergamur,

65 981 150 1042 sicut
177 980 229 1042 hic
250 983 304 1045 tibi
326 985 473 1063 contigit,
501 983 646 1064 Erasme,
674 983 824 1044 Dominus
850 982 993 1061 ignoscat

67 1062 125 1126 tibi
148 1070 180 1126 et
201 1065 380 1127 misereatur
401 1068 455 1128 tui.

153 1146 243 1224 Quod
265 1168 339 1211 vero
362 1149 526 1230 Sophistae
547 1150 578 1210 in
601 1147 749 1210 hisrebus
770 1154 817 1210 tot
838 1147 995 1226 quaestio·

66 1249 143 1291 num
166 1233 308 1293 examina
330 1240 523 1313 pepererunt,
547 1238 577 1293 et
599 1232 694 1293 multe
715 1232 777 1293 siia
797 1231 915 1292 inutilia
939 1230 991 1290 mi·

64 1321 223 1396 nonerunt,
245 1315 348 1394 qualia
369 1314 465 1377 multa
487 1333 640 1395 recenses,
668 1315 782 1375 seimus
815 1319 845 1374 et
867 1311 996 1374 confite·

66 1415 137 1456 mur
150 1403 262 1475 tecum,
284 1400 446 1478 acriusque
463 1399 604 1459 insectati
619 1417 723 1459 sumus
737 1403 766 1461 et
782 1399 878 1476 magis
901 1414 993 1474 quam

64 1485 112 1557 tn,
134 1478 189 1539 sed
210 1485 243 1541 tu
264 1480 474 1561 imprudenter
497 1489 528 1542 et
549 1487 664 1541 temere
685 1480 778 1559 iacis,
808 1480 859 1559 qni
884 1480 994 1558 purita-

66 1566 132 1622 tem
155 1581 313 1624 sacrarum
337 1584 437 1625 rerum
462 1565 584 1640 misces,
608 1564 769 1624 confundis
791 1571 823 1623 et
844 1561 996 1622 assimilas

66 1663 140 1705 cum
173 1646 309 1725 profanis
352 1653 383 1708 et
416 1647 515 1708 stultis
557 1646 787 1726 quaestionibus
821 1645 995 1718 impiorum.

66 1725 321 1809 Oonapuroarunt
356 1730 399 1789 illi
430 1750 537 1790 aurum
570 1736 600 1790 et
629 1735 822 1789 mutaverunt
858 1726 996 1789 colorem

67 1809 197 1889 bonum,
218 1818 250 1873 ut
272 1812 416 1879 ieremias
439 1814 499 1892 ait,
522 1813 660 1873 sednon
684 1811 773 1873 simul
797 1830 903 1872 aurum
927 1829 996 1870 oum
1067 1876 1069 1880 ,

67 1899 209 1956 stercore
244 1895 485 1976 comparandum
516 1902 547 1958 et
574 1896 777 1965 obiiciendum
801 1900 872 1971 est,
910 1900 943 1953 ut
965 1900 997 1953 tu

66 1976 155 2037 iacis.
198 1977 425 2039 Vindicandum
448 1998 554 2040 eurum
575 1978 613 2040 ab
636 1978 712 2057 iliis,
743 1986 773 2039 et
807 1976 997 2038 secernenda

67 2077 148 2140 pura
169 2057 328 2141 Scriptura
349 2061 388 2123 ab
409 2061 531 2123 illorum
553 2061 690 2123 faecibus
714 2067 744 2122 et
777 2059 942 2139 sordibus,
965 2058 996 2119 id

68 2141 154 2222 quod
179 2144 238 2205 mei
261 2163 384 2226 semper
405 2144 459 2206 tuit
481 2144 593 2222 studii,
614 2151 648 2206 ut
669 2144 730 2205 clio
753 2143 824 2205 loco
847 2142 995 2203 habereu-

66 2231 116 2285 tur
138 2223 262 2287 divinae
282 2226 413 2305 literae,
443 2226 504 2288 alio
536 2227 657 2288 iliorum
680 2246 790 2307 nugae.
849 2223 916 2289 Nee
938 2244 996 2287 nos

67 2327 196 2369 movere
220 2308 333 2390 debet,
363 2310 446 2389 quod
470 2310 543 2371 nihii
578 2311 644 2372 istis
665 2308 895 2390 quaestionibus
927 2328 996 2389 pro-

66 2390 183 2451 iectam
207 2392 264 2473 sit,
292 2393 351 2453 nisi
373 2392 455 2473 qnod
478 2412 591 2474 magno
615 2392 801 2455 concordiae
834 2391 995 2473 dispendio

67 2475 168 2535 minus
200 2494 362 2553 amamus,
392 2475 464 2537 dum
488 2475 557 2556 plus
593 2479 666 2537 satis
701 2475 843 2538 volumus
876 2493 995 2554 sapere.

68 2554 170 2621 Nobis
192 2575 254 2618 non
279 2566 326 2619 est
347 2561 515 2639 quaestio,
548 2559 618 2638 quid
643 2557 806 2639 Sophistae
842 2559 996 2635 quaestio·

67 2640 146 2702 narii
167 2639 378 2722 profecerint,
414 2641 468 2702 scd
491 2641 648 2722 quomodo
683 2661 741 2701 nos
764 2639 891 2701 boniet
913 2639 996 2701 Chri-

66 2722 158 2783 stiani
180 2721 307 2805 flamus,
329 2743 388 2784 nec
410 2723 504 2785 debes
538 2722 696 2785 doctrinae
721 2723 912 2785 Christianae
941 2724 996 2783 im·

65 2812 187 2885 putere,
209 2805 293 2885 qnod
315 2808 399 2887 impii
421 2806 503 2868 maie
519 2817 624 2886 agunt.
664 2807 711 2868 Ea
724 2808 805 2868 enim
827 2806 902 2868 nihil
925 2808 998 2867 sunt

66 2886 104 2949 ad
127 2890 335 2969 propositum,
357 2897 388 2950 et
410 2895 534 2970 poteras
556 2890 618 2952 alio
638 2890 710 2952 loco
734 2890 857 2970 dicere,
892 2897 923 2951 et
943 2909 996 2971 pa·

66 2989 145 3053 pyro
169 2990 308 3051 parcere.

149 3053 254 3115 Tertio
277 3055 378 3135 capite
422 3055 523 3136 argis,
545 3074 603 3117 nos
627 3055 786 3118 modestos
810 3062 842 3118 et
873 3057 995 3136 quietos

64 3135 137 3198 illos
158 3135 312 3217 Epicuros
333 3075 474 3218 reddere,
497 3138 558 3199 aiio
580 3158 694 3220 genere
716 3140 846 3217 consilii,
869 3159 927 3201 nea
948 3159 995 3201 sa·

65 3219 183 3296 itioris,
206 3238 298 3300 quam
321 3227 392 3282 sunt
413 3221 572 3302 praedicta
594 3221 674 3300 duo,
709 3222 877 3300 videlicet,
912 3221 995 3302 quod

65 3301 221 3385 quaedam
244 3305 309 3363 eius
332 3306 453 3383 generis
476 3311 555 3385 sunt,
579 3309 613 3365 nt
625 3306 734 3384 etiam,¹
749 3307 775 3367 si
796 3324 868 3366 vere
891 3311 996 3367 essent

64 3393 96 3448 et
116 3385 190 3447 sciri
212 3399 349 3467 possent,
372 3406 433 3449 non
454 3393 556 3449 tamen
569 3388 730 3468 expediret
752 3408 788 3450 ea
811 3390 995 3469 prostituere

66 3468 254 3551 promiscuis
277 3469 410 3532 auribus.
749 3502 752 3508 ·

148 3550 190 3612 Et
210 3550 262 3612 hic
283 3553 392 3613 iterum
415 3553 577 3615 contundis
599 3555 756 3646 ct-misces
773 3555 886 3630 omnia,
908 3571 995 3620 more

140 3735 173 3798 ⁸)
193 3731 287 3788 Iacob.
308 3736 333 3790 1.
