2348 4162
272 239 308 297 ad
327 240 361 295 D.
380 241 524 297 Erasrmrm
542 240 765 297 Rotsrodamum.
919 236 980 304 185

61 412 141 494 quod
164 420 211 476 tot
232 413 343 475 seculis
368 414 422 473 viri
445 413 633 475 excellentes
649 415 772 493 ingenio
794 413 979 474 caecutiunt.

59 497 93 559 In
117 497 209 558 rebus
232 497 372 557 humanis
395 499 502 556 mirum
516 504 606 574 esset,
628 499 658 557 in
683 497 772 557 rebus
795 497 905 558 divinis
929 496 981 554 rni-

59 598 124 641 rum
147 582 262 660 potius,
284 581 310 639 si
332 600 409 640 anus
433 588 463 641 et
484 580 561 641 alter
582 599 643 641 non
663 582 824 654 caecutiat,
846 599 908 640 non
930 578 981 637 rni-

59 683 124 724 rum
147 682 243 740 vero,
267 664 291 723 si
316 663 407 742 plane
429 682 536 724 omnes
559 664 740 725 caecutiant.
796 662 875 737 Quid
899 663 981 721 enim

58 752 105 807 est
127 748 303 807 universum
326 766 423 826 genus
446 747 610 806 humanum
636 750 722 808 extra
745 747 900 825 spiritum,
923 746 981 804 nisi

58 849 187 910 regnum
212 829 335 890 Diaboli
361 832 413 903 (ut
436 828 525 912 dixi),
550 830 710 890 confusum
724 831 818 889 chaos
841 827 981 888 tenebra-

58 912 147 974 rum?
176 912 280 975 Unde
302 911 460 991 Paulusil
495 913 662 974 daemones
689 912 824 994 appellat
845 915 981 971 rectores

58 996 168 1057 barum
191 995 395 1056 tenebrarum.
451 995 490 1055 Et
514 1001 541 1059 1.
564 995 700 1061 Corinth.
727 1002 739 1059 t
767 996 858 1056 dicit:
880 992 982 1055 Nemo

57 1080 232 1160 principum
265 1079 353 1138 huius
387 1078 490 1138 mnndi
520 1082 667 1158 cognovit
693 1081 750 1140 Dei
790 1077 982 1158 sapientiam.

59 1160 141 1237 Quid
166 1168 255 1242 putas
279 1161 317 1223 de
339 1162 463 1241 reliquis
486 1164 606 1242 sentiet,
630 1164 679 1242 qui
704 1163 856 1244 principes
879 1158 982 1220 mundi

58 1251 181 1305 asserat
203 1243 396 1305 tenebrarum
419 1246 549 1306 servos?
588 1247 644 1306 Per
666 1248 819 1326 principes
843 1245 922 1304 enim
940 1244 983 1302 in·

58 1327 172 1408 telligit
193 1329 307 1407 primos
331 1335 361 1389 et
377 1347 514 1388 summos
536 1330 564 1388 in
588 1330 713 1408 mundo,
737 1334 857 1408 quostu
882 1325 983 1387 excel·

58 1411 159 1471 lentes
181 1412 306 1489 ingenio
328 1430 434 1472 vocas.
477 1410 538 1472 Gur
559 1415 767 1474 caecutierunt
790 1410 895 1471 Ariani
920 1427 983 1470 om·

59 1493 139 1554 nes?
183 1494 313 1554 Annon
337 1495 458 1554 luerunt
482 1496 523 1555 ibi
547 1497 600 1555 viri
623 1496 747 1576 ingenio
771 1491 984 1556 excellentes?

59 1577 123 1639 Cur
146 1576 289 1656 gentibus
313 1578 450 1639 Christus
474 1583 520 1638 est
543 1579 691 1640 stultitia?
740 1580 787 1638 An
812 1579 890 1636 inter
911 1593 985 1654 gen-

60 1668 107 1721 tes
130 1678 193 1720 non
217 1666 288 1719 sunt
310 1661 364 1721 viri
387 1661 575 1722 excellentes
598 1662 743 1742 ingenio?
777 1657 841 1720 (lnr
862 1657 984 1719 ludaeis

60 1751 108 1804 est
130 1742 331 1803 scandalum?
375 1745 422 1804 An
446 1764 508 1806 non
533 1745 654 1805 luerunt
674 1747 752 1805 inter
773 1742 906 1804 Iudaeos
929 1739 985 1799 viri

59 1825 251 1887 excellentes
274 1826 422 1905 ingenio?
472 1826 555 1888 Deus
578 1830 635 1888 scit
665 1830 727 1904 (ait
749 1826 877 1900 Paulus)
903 1824 985 1902 cogi·

60 1911 195 1970 tationes
218 1910 401 1988 sapientum,
425 1913 569 1989 quoniam
594 1931 692 1973 vanae
713 1922 801 1989 sunt3
824 1908 923 1969 noluit
944 1906 985 1965 di·

59 2012 131 2053 cere
152 1991 321 2070 hominum,
344 1998 376 2051 ut
397 1993 463 2074 ipse
477 2001 578 2054 textus
600 1995 701 2073 habet,
723 1995 841 2074 primos
864 1998 895 2050 et
906 1991 986 2069 prin-

60 2078 146 2156 cipsa
168 2075 249 2135 inter
274 2073 414 2135 homines
435 2077 635 2158 significans,
664 2085 696 2137 ut
729 2097 768 2138 ex
790 2077 827 2136 iis
850 2073 985 2151 reliquos

60 2158 203 2220 homines
225 2159 429 2219 aestimemus.

142 2240 204 2303 seu
227 2241 305 2301 haec
326 2241 404 2302 intra
426 2242 516 2302 latius
535 2243 674 2323 fortasse,
698 2245 771 2305 satis
793 2243 833 2301 sit
855 2238 984 2300 exordio

59 2325 268 2406 praemisisse,
291 2323 462 2404 Scripturas
486 2345 554 2386 esse
576 2326 777 2403 clarissimas,
799 2323 908 2404 quibua
932 2340 984 2381 no·

60 2415 123 2468 stra
145 2408 192 2467 sic
216 2415 347 2486 possunt
367 2408 511 2487 defendi,
542 2419 573 2468 ut
596 2410 762 2470 adversarii
785 2426 846 2468 non
871 2409 985 2484 queant

60 2491 212 2554 resistere.
246 2490 420 2565 Quaerere
443 2493 486 2551 sic
501 2491 620 2552 defendi
644 2512 704 2554 non
721 2495 861 2572 possunt,
884 2489 985 2548 atiena

61 2579 92 2634 et
112 2593 177 2635 non
202 2572 442 2634 Christianorum
466 2583 546 2639 sunt.
587 2575 617 2636 Si
641 2581 807 2654 verosunt,
831 2573 881 2651 qui
906 2571 985 2630 hanc

11 2697 16 2709 ·
62 2656 232 2717 claritatem
256 2676 318 2717 non
341 2657 490 2737 videant,
523 2660 605 2718 etin
634 2660 693 2719 isto
724 2657 789 2719 sole
811 2654 986 2715 caecutiunt

63 2741 111 2800 vel
134 2739 306 2816 offendunt,
327 2741 358 2819 ii,
380 2742 489 2800 sinunt
513 2742 607 2822 impii,
632 2742 797 2817 declarant,
820 2737 985 2818 quantasit

63 2824 208 2884 maiestas
233 2829 263 2882 et
285 2825 423 2902 potentia
446 2823 579 2885 Satanae
600 2827 631 2886 in
655 2825 724 2885 filiis
746 2824 925 2895 hominum,
953 2825 986 2878 ut

63 2908 232 2967 clarissima
253 2905 346 2967 verba
368 2907 424 2967 Dei
447 2926 548 2986 neque
577 2909 703 2970 audiant
730 2925 830 2986 neque
852 2904 986 2985 capiant,

64 2991 147 3053 velut
170 2991 195 3050 si
220 2991 387 3069 praestigio
400 2991 505 3050 illusus
529 2992 677 3072 quispiam
691 2991 786 3052 solem
810 2994 897 3069 putet
918 3005 985 3046 esse

62 3072 229 3135 carbonem
252 3072 404 3152 frigidum,
427 3081 480 3134 aut
500 3074 632 3154 lapidem
656 3076 767 3135 sentiat
779 3091 847 3133 esse
869 3089 985 3131 aurum.

64 3155 93 3218 Si
116 3157 159 3236 pii
183 3162 273 3235 aunt,
305 3156 475 3217 interillos
504 3157 620 3218 eleetos
644 3162 847 3230 censeantur,
882 3153 984 3232 quiin

64 3258 196 3300 errorem
230 3237 383 3300 ducuntur
412 3240 588 3319 aliquante,
627 3247 661 3301 ut
688 3240 860 3300 declaretur
891 3237 985 3296 virtus

65 3322 118 3382 Dei
142 3324 172 3380 in
189 3321 287 3398 nobis,
310 3322 376 3382 sine
399 3342 459 3399 qna
481 3342 539 3383 nec
553 3323 665 3399 videre,
689 3339 883 3402 neopuorsus
902 3317 986 3397 quid·

66 3425 156 3484 quarn
185 3424 360 3485 possumus.
409 3404 480 3467 Non
514 3408 594 3467 enirn
625 3405 841 3468 imbecillitatis
871 3399 986 3482 ingenii

66 3496 110 3550 ast
132 3486 185 3571 (ut
207 3496 238 3548 tu
261 3490 434 3568 causaris),
456 3508 495 3549 ne
517 3490 612 3552 verba
634 3491 690 3550 Dei
713 3490 897 3570 capiantur,
923 3486 986 3544 imo

66 3572 137 3633 nihil
160 3572 262 3651 aptius
285 3571 443 3652 capiendis
467 3573 566 3634 verbis
589 3575 647 3635 Dei
671 3572 882 3634 imbecillitate
903 3570 987 3649 inge·

135 3764 165 3829 *)
183 3758 272 3830 Ephe.
292 3761 317 3817 6.
