2348 4162
275 243 314 298 ad
330 243 364 298 D.
382 242 525 298 Erasmum
544 242 767 299 Roterodamnm.
921 238 983 305 351

64 412 146 494 quod
158 411 257 475 libero
273 412 397 475 arbitrio
410 414 557 493 tribuitur,
582 420 613 474 et
628 420 731 473 tamen
753 412 826 472 nihil
838 411 982 491 sequitur,

62 497 124 559 imo
160 498 346 557 eontrarium
379 499 524 577 sequitur.
567 497 600 556 In
623 496 765 577 gentibus
787 495 861 554 nihil
885 496 983 574 adest,

64 579 145 660 quod
169 579 265 640 libero
288 580 412 641 arbitrio
435 580 585 660 tribuitur,
608 586 762 640 ettamen
785 579 920 657 sequitur
940 579 983 638 iu-

62 664 145 725 stitia
166 663 234 727 Dei.
279 662 358 738 Quid
380 663 441 724 hoo
461 669 523 742 est,
557 663 614 723 nisi
650 663 898 723 manifestissimo
932 681 983 720 ex-

63 746 167 826 emplo
189 747 347 825 utriusque
368 748 517 825 notionis,
552 753 615 806 tum
638 746 807 806 clarissimo
830 744 918 804 simul
940 754 984 804 te·

62 830 208 890 stimonio
231 829 316 889 Pauli
333 829 517 908 oonflrmari,
539 829 621 909 quod
643 830 741 909 gratia
765 827 897 888 donatur
917 847 983 907 gre·

62 915 99 973 tis
121 913 280 973 immeritis
312 922 344 973 et
363 913 599 993 indignissimis,
634 931 694 973 neo
730 911 884 973 obtinetur
914 911 983 971 ullis

61 995 185 1075 studiis,
220 996 398 1074 oonalibus,
437 995 598 1076 operibus,
634 995 752 1076 pusillis
781 1001 834 1055 aut
854 995 983 1074 magnis,

62 1081 154 1139 etiam
178 1080 363 1157 optimorum
387 1085 418 1139 et
437 1077 723 1140 honestissimorum
746 1078 914 1156 hominum,
936 1096 983 1136 ar·-

62 1161 147 1222 denti
168 1163 236 1222 nelo
258 1163 406 1222 iustitiam
429 1163 639 1242 quaerentium
666 1170 696 1221 et
717 1162 909 1222 sectantium.

145 1243 193 1303 Ad
212 1244 382 1306 Iohannem
405 1248 496 1305 etiam
519 1248 696 1322 veniamus,
718 1245 769 1323 qui
792 1250 824 1304 et
844 1246 911 1323 ipse
933 1261 983 1304 oo·

60 1329 169 1408 piosus
193 1335 224 1387 et
245 1336 355 1408 potens
378 1335 426 1388 est
447 1328 532 1389 liberi
548 1328 663 1389 arbitrii
685 1333 831 1388 vastator.
875 1327 982 1387 Statim
1043 1334 1047 1341 '

60 1414 91 1471 in
113 1411 266 1491 principio
288 1412 392 1471 tribuit
412 1411 509 1472 libero
526 1411 649 1471 arbitrio
663 1413 779 1470 tautam
791 1411 983 1485 eaecitatem,

61 1500 95 1553 ut
115 1513 156 1554 ne
178 1495 283 1554 videat
303 1494 426 1573 quidem
450 1495 549 1554 lueem
572 1494 723 1574 veritatis,
747 1499 862 1553 tantum
886 1493 983 1569 abest,

61 1585 96 1637 ut
116 1576 156 1637 ed
179 1595 247 1637 eam
275 1579 374 1657 possit
401 1579 515 1640 oouari.
559 1576 611 1637 Sio
633 1578 713 1637 enim
735 1574 874 1654 diuisit:
918 1575 984 1635 Lux

61 1662 92 1720 in
115 1657 248 1721 tenebris
270 1660 361 1738 lucet,
384 1660 439 1720 sed
461 1660 606 1720 tenebrae
622 1678 685 1720 non
706 1658 983 1739 comprehendunt3

61 1751 93 1803 et
113 1761 203 1803 mox:
236 1741 272 1804 In
296 1744 410 1804 mundo
434 1751 509 1823 erat,
531 1750 562 1803 ol
583 1742 714 1803 mundus
734 1761 803 1802 eum
825 1761 887 1803 non
911 1760 982 1821 eog-

61 1828 157 1907 novit,
179 1828 354 1907 inproprie
376 1828 468 1907 venit,
491 1834 522 1887 et
545 1827 591 1886 sni
615 1845 676 1887 uon
699 1831 881 1905 receperunt
902 1841 982 1887 eum.

84 1930 88 1937 ·
145 1907 225 1984 Quid
262 1929 317 1990 per
349 1909 495 1970 mundum
522 1916 612 1989 putas
636 1908 798 1989 intelligit?
840 1908 983 1987 Nunquid

60 1992 195 2072 aliquem
226 1993 382 2053 hominem
415 1994 452 2053 ab
487 1994 547 2053 hoo
567 1993 693 2053 nomine
716 1991 889 2072 separabis,
926 1991 982 2050 nisi

60 2074 175 2156 Spiritu
208 2083 316 2137 saneto
350 2075 541 2137 recreatum?
584 2076 624 2135 Elt
657 2076 819 2156 peoulieris
842 2082 982 2135 estuans

61 2158 204 2220 vooabuli
224 2159 327 2240 huius,
350 2160 490 2239 Mundus,
512 2158 594 2240 apud
612 2158 897 2239 bunoApostolum,
921 2176 981 2236 quo

60 2260 186 2321 prorsus
208 2249 305 2302 totum
338 2262 435 2323 genus
457 2243 613 2304 bominum
635 2243 786 2322 intelligit.
829 2240 982 2319 Quisquid

61 2343 136 2405 ergo
158 2324 198 2385 de
219 2325 334 2386 mundo
358 2327 446 2402 dioit,
470 2326 509 2386 de
530 2324 626 2386 libero
649 2326 773 2385 arbitrio
796 2325 982 2403 intelligitur,

61 2416 94 2467 ut
127 2407 210 2487 quod
245 2417 291 2469 est
326 2409 620 2488 praestantissimum
657 2409 688 2467 iu
711 2407 845 2470 homine.
889 2408 984 2486 lgitur

60 2491 142 2571 apud
164 2492 246 2551 huno
268 2492 451 2571 Apostolum
474 2491 605 2550 mundus
628 2508 688 2550 uon
712 2492 799 2550 novit
820 2491 918 2549 luoem
932 2509 981 2549 ve-

59 2575 176 2657 ritatis,
198 2574 328 2635 mundus
351 2575 416 2636 odit
428 2574 579 2635 christum
603 2581 632 2633 el
654 2593 743 2652 snos,
766 2572 896 2632 mundus
919 2592 981 2633 non

60 2659 146 2718 novit
168 2676 269 2737 neque
289 2657 373 2718 videt
394 2657 539 2738 Spiritum
562 2665 718 2734 sanetum,
747 2655 876 2715 mundus
899 2661 980 2715 totus

59 2742 89 2800 in
111 2741 248 2821 maligno
271 2743 389 2822 positus
412 2749 472 2820 est3
495 2760 604 2818 omno,
633 2739 715 2819 quod
736 2745 784 2799 est
804 2741 833 2798 in
857 2739 982 2816 mundo,

60 2832 105 2885 est
127 2826 381 2904 oonoupisoentia
403 2825 517 2903 oaruis,
541 2824 699 2885 oeulorum
723 2830 753 2884 et
775 2822 918 2903 superbia
940 2823 982 2881 vi·

60 2914 136 2986 tae;·
151 2907 249 2969 nolite
260 2908 387 2988 diligere
398 2908 562 2987 mundum,
588 2926 646 2967 vos
668 2908 740 2968 estis
764 2908 825 2981 (ait
839 2903 918 2988 aa„
944 2905 981 2965 de

60 2991 190 3071 mundo,
227 2992 356 3051 mundus
393 3010 453 3052 nou
476 2997 579 3071 potest
601 2990 704 3052 odisse
727 3009 799 3070 vos,
833 3009 882 3050 me
906 2988 980 3070 odit,

59 3075 131 3153 quio
154 3093 250 3155 opere
272 3079 337 3136 eius
362 3082 457 3135 testor
479 3094 548 3134 esse
569 3074 661 3138 mala.

141 3157 228 3218 Haeo
250 3159 353 3219 omnia
387 3165 419 3221 et
443 3158 554 3218 similia
588 3158 683 3217 multe
712 3160 782 3217 sunt
815 3157 982 3237 preeoonie

59 3239 145 3302 liberi
166 3241 296 3321 arbitrii,
329 3242 447 3302 soilioet
479 3241 654 3321 principalis
688 3240 783 3320 partis
812 3241 843 3298 in
867 3239 979 3298 mundo

58 3326 216 3406 regnantis
239 3325 295 3385 sub
316 3325 450 3386 Satanae
470 3325 610 3405 imperio.
652 3323 731 3384 Nem
744 3334 773 3384 st
794 3322 980 3403 ipseIohau·

58 3426 113 3468 neo
136 3427 192 3488 per
217 3409 381 3470 antithesin
411 3409 449 3469 de
471 3407 586 3469 mundo
608 3408 757 3488 loquitur,
795 3413 828 3464 ut
850 3404 980 3464 mundus

59 3493 107 3571 sit,
130 3492 273 3573 quioquid
302 3493 341 3554 de
363 3492 476 3553 mundo
504 3511 566 3554 non
597 3498 643 3553 est
669 3493 701 3552 in
723 3490 860 3571 spiritum
883 3496 979 3548 trans·

130 3757 157 3825 s)
178 3753 274 3812 ronan.
293 3757 318 3810 l.
356 3755 405 3825 ss)
426 3752 522 3809 ronan.
542 3755 567 3810 7.
