2348 4162
264 252 303 311 ad
330 253 365 312 D
383 253 527 308 Erasmum
545 250 771 308 Rotsrodamum
921 247 983 314 157

53 426 262 512 voluntatem,
287 422 741 501 utPaulusadTimotheon¹i
767 427 848 506 dicit,
871 430 981 487 utnon

53 511 213 591 possimus
235 477 326 592 ubils,
350 511 407 571 nisi
430 507 542 589 quod
533 527 602 605 ¹ipse
626 507 738 585 veliis
730 529 797 590 ipse
820 511 899 571 enim
923 510 981 571 tor-

54 594 94 654 tis
119 601 168 654 est
185 595 236 656 ille
255 589 434 674 armatus*)
447 639 456 672 ‚
489 592 541 670 qui
563 592 672 651 atrium
695 610 782 653 suum
805 595 850 654 sic
872 601 983 673 servat,

55 677 120 737 ut
111 697 144 736 m
156 697 246 758 pace
267 680 327 739 sint
349 695 427 756 quos
450 673 598 755 possidet,
621 694 659 734 ne
682 675 774 736 ultum
793 683 908 737 motum
931 683 985 736 aut

56 779 183 820 sensum
208 769 316 823 contm
342 779 411 821 eum
433 759 606 837 concitent,
638 758 756 838 alioqui
781 779 907 839 regnum
931 759 984 820 Sa-

56 849 151 904 tanae
172 844 202 903 iu
228 865 262 906 se
284 845 414 906 divisum
436 843 498 902 n'on
520 847 632 918 staret,
662 842 744 920 quod
774 851 875 904 tamen
898 842 984 903 Obri-

57 932 125 987 stus
148 925 281 989 affirmat
302 934 393 1000 stare,
415 924 507 1005 idque
528 924 655 985 facimus
678 926 860 988 volenteset
876 925 984 986 tuban-

56 1017 114 1090 tes,
138 1029 195 1089 pro
216 1018 325 1072 nature
342 1008 519 1088 voluntatis,
543 1027 623 1087 quae
645 1009 671 1067 si
684 1015 856 1090 cogeretur,
878 1009 983 1069 volun·

58 1100 105 1153 tas
129 1113 192 1154 non
216 1100 314 1173 esset3
336 1113 406 1153 nam
431 1092 551 1153 coactio
589 1092 692 1170 potius
721 1101 768 1153 est
803 1098 854 1168 (ut
875 1093 921 1152 sic
943 1090 985 1151 di·

59 1181 149 1253 cam)
180 1178 334 1241 noluntas.
386 1174 420 1237 Si
447 1180 549 1235 antem
577 1174 683 1235 fortior
711 1177 926 1257 superveniat,
954 1180 985 1235 et

57 1259 113 1321 iilo
138 1260 221 1321 victo
244 1280 301 1321 nos
323 1260 424 1340 rapiat
451 1259 481 1318 in
504 1257 637 1338 spolium
664 1278 768 1340 suum,
795 1279 898 1320 rursus
932 1278 985 1339 per

59 1343 203 1424 spiritum
232 1346 297 1404 eius
320 1343 401 1404 servi
430 1348 461 1403 et
483 1342 596 1421 captivi
619 1359 722 1403 sumus
755 1348 853 1422 (quac
882 1350 984 1403 tamon

14 1438 23 1455 ·
58 1426 147 1507 regia
168 1426 293 1488 libertas
317 1428 394 1506 est),
417 1432 449 1485 ut
471 1424 599 1484 velimus
622 1431 652 1484 et
673 1426 822 1488 faciamus
845 1425 985 1486 lubentes

61 1527 142 1589 quae
171 1510 239 1590 ipae
274 1511 356 1575 velit.
404 1507 456 1568 Sic
484 1507 617 1568 humana
653 1508 796 1570 voluntas
824 1511 855 1569 in
884 1509 985 1569 medio

59 1593 164 1672 posita
185 1600 242 1671 est,
264 1613 320 1654 ceu
342 1595 519 1672 iumentum,
543 1593 569 1651 si
590 1591 736 1653 insederit
754 1594 846 1671 Deus,
869 1592 934 1652 vult
956 1597 988 1651 et

40 1675 146 1736 ¹vadit
176 1695 237 1755 quo
260 1677 324 1737 vult
338 1676 445 1755 Deus,
475 1679 507 1734 ut
535 1672 714 1756 Psalmns*)
751 1674 835 1736 dicit:
873 1675 985 1736 Factus

61 1779 128 1820 sum
151 1762 230 1821 sicut
251 1761 419 1820 iumentum
448 1763 478 1819 et
501 1775 559 1838 ego
588 1776 710 1838 semper
732 1765 860 1822 tecum.-'
886 1755 918 1820 Si
942 1759 987 1818 in·

62 1842 176 1903 sederit
198 1843 303 1924 Satan,
329 1843 394 1903 vult
415 1848 445 1902 et
468 1841 551 1902 vadit
573 1859 633 1920 quo
650 1842 713 1903 vult
734 1842 839 1923 Satan,
861 1861 919 1902 nec
941 1847 988 1903 est

60 1926 90 1986 in
113 1927 181 1987 eius
203 1927 328 1989 arbitrio
350 1925 444 1985 adut
431 1931 509 1984 trum
525 1944 678 1986 sessorem
700 1945 830 2008 currere,
853 1932 987 1987 autenm

63 2028 231 2092 quaerere,
259 2009 343 2070 sed
335 2009 394 2089 ipsi
416 2025 553 2069 sessores
576 2016 692 2070 certant
725 2010 794 2071 ob
787 2029 888 2090 ipsum
911 2009 988 2072 obti

63 2093 199 2154 nendum
222 2101 252 2153 et
268 2090 504 2189 possidendum:
606 2126 609 2130 Α

146 2175 227 2252 Quid
250 2177 275 2236 si
298 2196 337 2237 ex
366 2176 454 2236 tuis
446 2175 542 2254 ipsius
565 2175 686 2251 verbis,
718 2177 827 2256 quibus
859 2176 988 2237 liberum

64 2258 221 2320 arbitrium
244 2260 377 2338 asseris,
412 2257 609 2338 probarem,
631 2258 746 2319 nullum
769 2279 838 2321 essa
859 2260 988 2321 liberum

64 2341 242 2405 arbitrium?
264 2349 298 2403 ut
319 2342 527 2419 convincam,
558 2346 588 2402 te
618 2342 831 2423 imprudenter
864 2362 988 2423 negare,

38 2452 40 2456 ·
63 2427 147 2506 quod
171 2431 256 2487 tanta
277 2425 439 2507 prudentia
460 2426 582 2485 conaris
605 2424 773 2504 affirmare,
796 2427 908 2506 plana,
931 2427 990 2486 nisi

63 2509 124 2573 hoc
145 2509 261 2587 facero,
282 2511 359 2588 iuro,
383 2515 415 2568 ut
436 2513 583 2569 revocata
604 2509 665 2569 sint
686 2512 798 2587 omnia,
821 2528 899 2588 quae
917 2528 989 2570 con·

64 2600 111 2654 tra
133 2598 165 2654 te
186 2592 248 2654 hoc
271 2598 335 2654 toto
359 2591 463 2652 libello
486 2591 598 2665 acribo,
621 2599 652 2652 et
674 2591 874 2670 confirmata,
910 2611 989 2672 quae
1019 2630 1022 2635 -

63 2681 174 2738 contra
195 2695 244 2736 me
266 2680 320 2737 tua
340 2674 468 2737 diatribe
491 2681 552 2735 tum
576 2673 693 2754 asserit,
716 2683 777 2736 tum
800 2676 927 2755 quaerit.

147 2760 194 2819 Tu
217 2759 303 2820 liberi
325 2758 426 2820 arbit
392 2761 438 2819 trri
462 2759 522 2818 vim
537 2757 723 2820 modiculam
746 2760 886 2820 attalem·
904 2759 989 2840 facis,

64 2862 146 2924 quae
171 2844 246 2903 citra
267 2844 395 2921 gratiam
420 2842 475 2901 Dei
498 2860 623 2921 prorsus
645 2843 684 2902 sit
704 2843 860 2905 inefficax.
1060 2842 1064 2848 ’

71 2942 74 2947 ·
147 2924 261 2986 Nonne
282 2921 447 3006 agnoscis?
468 2925 532 2985 Iam
546 2944 660 3004 quaero
684 2932 714 2986 et
735 2934 824 3007 peto:
848 2927 879 2989 si
891 2927 990 3008 gratia

62 3007 125 3072 Dei
148 3008 246 3089 desit,
277 3015 329 3070 aut
350 3015 509 3089 separetur
531 3008 570 3069 ab
593 3009 645 3070 illa
667 3011 696 3069 vi
718 3011 893 3089 modicula,
917 3009 989 3090 quid

15 3154 21 3167 ,
63 3094 132 3174 ipsa
154 3090 270 3153 faciet?
303 3089 452 3154 lnefflcax
488 3091 623 3173 (inquis)
649 3101 714 3168 est
747 3104 777 3155 et
809 3093 884 3154 nihil
918 3094 992 3155 facit

64 3175 157 3254 boni3
180 3194 254 3255 ergo
277 3195 338 3237 non
361 3175 472 3252 faciet,
501 3175 583 3254 quod
607 3176 692 3237 Deus
716 3184 770 3238 aut
804 3178 903 3257 gratia
924 3179 989 3238 eius

66 3259 161 3333 volet,
184 3258 334 3338 siquidem
358 3260 487 3340 gratiam
519 3258 575 3318 Dei
602 3266 775 3340 separatam
798 3260 836 3320 ab
870 3279 908 3320 ea
927 3261 989 3319 iam
1091 3252 1095 3259 ⁴

64 3343 237 3423 posuimus,
260 3341 342 3422 quod
366 3361 438 3403 vero
461 3343 560 3422 gratia
582 3340 643 3403 Dei
665 3362 728 3404 non
750 3343 844 3423 facit,
875 3342 1011 3402 bonum'

64 3445 128 3488 non
160 3431 216 3489 ast
266 3425 367 3501 Quare
396 3427 546 3506 sequitur,
576 3425 705 3487 liberum
735 3391 889 3487 arbitrium
924 3426 991 3486 siue
1093 3472 1096 3476 Α

65 3510 167 3590 gratia
186 3509 246 3570 Dei
266 3527 392 3589 prorsus
420 3527 482 3572 non
506 3473 653 3592 liberum,
687 3510 741 3571 sed
762 3506 998 3572 immutabiliter

140 3787 173 3854 ι)
195 3783 279 3841 Insd.
298 3783 370 3840 Iam:
391 3783 416 3841 2.
426 3781 514 3838 Timo
534 3784 560 3840 2.
590 3781 619 3850 *)
632 3783 722 3838 Lucas
732 3785 775 3838 11.
801 3781 989 3851 ·*)Psal.73.
