2348 4162
189 246 232 310 70
428 320 430 324 ,
524 217 604 297 Duae
621 240 795 311 episcopales

190 422 283 480 tatem
306 422 475 495 amputare,
503 420 534 475 et
556 419 667 474 cuncta
689 411 728 473 ad
758 431 897 473 normam
920 409 1115 491 apostolicae

192 496 365 561 traditionis
388 499 537 558 innovare
562 497 678 573 volunt,
711 502 807 556 totam
830 495 1022 557 Christianae
1043 492 1114 554 reli·

192 584 294 664 gionis
308 583 514 642 sinceritatem
549 588 579 641 et
600 580 825 640 observantiam
841 586 975 639 veterem
999 577 1115 656 pariter

190 666 383 729 conculcant.
428 664 468 724 Ut
498 669 659 742 praeterea
690 662 816 722 deiectis
844 659 1114 724 constitutionibus

191 749 330 808 humanis
363 748 501 824 solome)
527 746 747 825 Evangelicam
772 745 940 805 doctrinam
964 748 1113 818 astruant,

190 833 340 893 salutares
371 830 472 909 legum
502 837 531 889 et
554 829 713 901 Cancrum
741 830 917 890 sanctiones
951 828 1113 904 abrogant,

191 934 229 975 ac
251 914 444 975 Christianae
467 911 614 971 libertatis
643 918 814 990 praetextu,
851 909 994 991 quicquid
1028 908 1114 989 libet,

191 998 282 1058 licere
322 995 378 1055 sibi
410 993 605 1072 arbitrantes,
645 998 707 1054 tam
745 994 986 1056 ecclesiasticam
1020 1010 1113 1070 quam

191 1079 391 1159 temporalem
425 1076 664 1137 iurisdictionem
700 1095 737 1137 ac
765 1095 909 1139 censuras
938 1077 1114 1159 petulanter

190 1168 401 1237 contemnunt,
423 1161 676 1239 satisfactionem,
703 1162 923 1240 purgatorium,
944 1160 1113 1221 confessio·

191 1266 272 1322 nem,
295 1244 526 1324 poenitentiam,
545 1245 667 1319 ieiunia,
689 1243 980 1321 horasOanonicas‚
1002 1244 1113 1322 etpias

190 1329 266 1387 alias
300 1328 504 1406 precationes,
541 1326 722 1387 Sanctorum
755 1325 911 1407 suffragia,
943 1328 1112 1388 animarum

192 1410 505 1472 commemorationes
528 1417 559 1469 et
577 1408 782 1489 indulgentias
804 1416 949 1488 tanquam
964 1410 1114 1470 burrianas

192 1492 448 1570 inventiuooulas,
472 1510 572 1552 meras
590 1511 687 1570 nugas
711 1499 740 1551 et
765 1495 963 1572 pecuniarum
980 1494 1113 1572 aucupia

193 1574 323 1635 ludibrio
347 1574 470 1653 liabent,
494 1576 651 1655 pristinum
674 1576 798 1655 insuper
820 1577 971 1638 ecclesiae
986 1595 1111 1646 morem,

192 1660 403 1719 novandarum
426 1677 525 1717 rerum
550 1657 702 1719 desiderio
730 1665 916 1737 aestuantes,
953 1667 1007 1719 aut
1028 1660 1112 1736 peni·

191 1749 240 1802 tus
266 1742 385 1819 tollunt,
408 1749 462 1802 aut
484 1760 539 1820 pro
562 1761 617 1800 sua
640 1740 763 1802 libidine
787 1749 915 1803 mutant.
936 1741 1110 1826 Turbatob)

189 1826 291 1903 itaque
312 1843 410 1884 rerum
426 1823 533 1884 ordine
545 1823 752 1885 obedientiam
769 1824 901 1885 dominis
920 1826 1111 1905 subtrahunt,

189 1917 289 1966 sectas
311 1903 467 1981 inducunt,
489 1904 635 1965 tumultus
656 1909 841 1987 excitante),
871 1927 908 1968 ac
937 1908 1058 1969 coelum
1082 1917 1112 1970 et

189 1997 299 2050 terram
315 1990 477 2049 miscentes
498 1989 604 2048 omnia
625 1990 824 2050 confundunt.
859 1991 899 2052 Ut
919 1998 1020 2051 autem
1040 2012 1111 2072 por·

190 2080 345 2133 tentorum
368 2071 543 2132 huiusmodi
566 2072 680 2132 lernam
706 2091 767 2133 uno
781 2075 1022 2155 complectamur
1044 2095 1111 2137 ver·

188 2154 242 2230 bo,
266 2153 409 2233 quicquid
425 2173 560 2214 errorum
580 2154 728 2215 hactenus
748 2157 777 2215 in
801 2157 931 2237 singulis
949 2158 1111 2220 haereticis

188 2238 367 2314 singulatim
384 2236 561 2296 damnatum
586 2244 642 2315 est,
664 2240 694 2298 in
717 2239 950 2319 hancspurcam
973 2243 1110 2302 omnium

190 2319 377 2399 flagitiorum
401 2321 551 2380 sentinam
583 2327 763 2400 congestum
794 2323 943 2384 innovare
965 2325 1109 2388 nituntur.

272 2403 312 2462 lit
334 2411 435 2462 tamen
458 2402 536 2462 haec
558 2422 626 2463 cnm
661 2410 722 2464 tam
745 2407 886 2465 enormia
912 2415 1035 2486 tamque
1056 2409 1110 2468 im·

189 2486 240 2564 pia
262 2487 334 2559 sint,
356 2491 388 2545 et
409 2505 465 2545 sna
487 2485 675 2547 absurditate
693 2489 790 2548 cuivis
803 2488 975 2549 Christiano
999 2492 1109 2551 merito

187 2569 389 2630 exsecrabilia
402 2568 497 2630 videri
521 2569 662 2646 debeant,
685 2570 800 2633 babent
818 2577 919 2631 tamen
942 2591 1015 2632 suos
1038 2592 1109 2653 per·

187 2652 393 2712 tinacissimos
417 2658 597 2723 assertores,
620 2671 680 2713 non
705 2653 797 2714 modo
816 2654 921 2729 laicos,
943 2655 996 2715 sed
1010 2657 1108 2736 (quod

187 2753 247 2793 non
270 2736 337 2794 sine
359 2734 460 2794 cordis
472 2735 587 2813 ingenti
601 2734 753 2818 dolored)
778 2736 991 2820 recensemus)
1009 2758 1108 2800 sacer·

187 2817 275 2877 dotes
311 2835 434 2896 quoque
463 2823 523 2875 tam
552 2816 713 2896 religiosos
749 2838 840 2898 quam
864 2819 1028 2899 seculares,
1057 2824 1109 2902 qui

188 2899 304 2959 ordinis
327 2909 357 2958 et
378 2899 578 2978 professionis
597 2903 674 2961 suae
694 2903 888 2963 immemores
911 2911 1107 2984 eatanquam

185 2992 294 3041 sancta
324 2989 355 3042 et
381 3001 398 3040 e
426 2983 532 3061 spiritu
566 2971 669 3044 divino
700 2986 837 3065 profecta
864 3005 977 3067 magno
1006 2988 1108 3050 studio

185 3063 420 3146 amplectuntur,
449 3072 480 3124 et
510 3065 689 3148 credulaeel
712 3068 826 3148 alioqui
847 3068 929 3148 plebi
962 3088 999 3130 ac
1021 3073 1109 3133 novi·

255 3315 283 3381 a)
304 3313 376 3369 Vide
389 3320 505 3371 satanae
517 3316 659 3372 stultitiam
672 3324 699 3371 et
711 3317 911 3387 impotentiam,
931 3320 978 3388 qui
991 3319 1107 3378 damnat

184 3385 237 3439 hoc
256 3385 357 3454 palam,
383 3387 407 3441 si
424 3393 563 3443 astruatur
582 3389 753 3458 Evangelica
769 3389 896 3445 doctrina
914 3391 983 3446 sola.
1005 3391 1035 3462 b)
1047 3393 1108 3448 Hoc

183 3463 233 3523 est,
263 3457 375 3513 detecto
403 3457 483 3513 Rom.
513 3460 613 3515 Curias
632 3460 796 3516 exsecrabili
829 3478 931 3517 errore.
980 3472 1006 3524 ot
1038 3464 1109 3529 Quia

183 3528 300 3598 Papista
319 3529 355 3584 ad
376 3529 501 3586 veritatis
520 3531 642 3586 auditum
671 3531 737 3587 furit
754 3531 828 3588 sicut
846 3539 935 3598 satan,
962 3535 1071 3603 quoties
1090 3551 1109 3591 a

184 3597 293 3655 Christo
314 3607 388 3656 esset
409 3602 567 3657 eiiciendus.
604 3603 634 3670 d)
655 3605 795 3659 Lacrimae
814 3604 955 3660 crocodili.
994 3609 1021 3675 a)
1034 3607 1107 3665 Vere

181 3671 261 3727 nimis
282 3672 347 3728 olim
368 3672 498 3730 credulae
517 3674 657 3730 erroribus
677 3675 839 3743 antichristi,
859 3682 1038 3734 runcantem
1056 3695 1108 3737 ner

181 3742 233 3798 Dei
257 3743 474 3801 misericordiam
496 3746 656 3815 aperiuntur
676 3747 749 3803 oculi
769 3762 921 3803 caecorum.
