2348 4162
293 239 331 295 ad
348 240 383 295 l).
401 218 544 296 Erasmum
562 209 799 298 Rotsrodamumr
949 241 1011 308 167

81 411 166 474 enim
189 410 264 471 satis
286 416 333 471 est
352 409 469 472 dicere:
492 413 548 473 Est
566 413 621 492 vis,
645 417 690 472 est
713 413 769 492 vis,
792 415 894 475 estvis
919 432 1010 494 quae·

83 495 157 557 dam
179 492 270 555 liberi
292 493 422 572 arbitrii,
452 496 523 572 quid
552 497 633 557 enim
658 494 739 557 dictu
761 497 902 558 facilius?
944 497 1011 559 Nec

80 579 146 641 lroc
167 582 220 638 est.
237 578 370 638 virorum
391 578 663 640 eruditissimorum
688 585 718 638 et
739 581 1010 661 sanctissimorum,

84 667 135 725 lot
156 660 268 723 seculis
292 661 551 741 approbatorum,
585 663 640 725 sed
668 662 875 724 nominandus
898 673 945 724 est
965 665 1010 725 in-

82 746 153 807 fans
195 741 246 825 (ut
281 746 366 804 aiunt
398 743 583 807 Germanico
621 745 824 824 proverbio),
866 745 1011 807 definien-

84 828 182 907 dum,
209 845 289 905 quae
311 829 351 888 sit
372 827 424 888 illa
446 831 507 907 vis,
531 829 602 908 quid
625 829 738 905 faciat,
773 828 846 908 quid
868 831 1011 909 potiatur,

85 910 161 989 quid
202 910 352 987 accidat3
397 913 531 992 exempli
576 932 696 991 causo,
736 913 883 974 crassime
929 914 1010 973 enim

86 995 206 1073 dicam,
228 994 291 1056 hoc
312 996 485 1072 quaeritur:
518 996 569 1058 An
601 995 654 1057 illa
676 997 722 1056 vis
749 997 797 1056 vel
829 1015 933 1072 orare,
962 996 1011 1057 vel

82 1079 234 1153 ieiunare,
258 1077 307 1145 vsl
328 1077 484 1153 laborare,
508 1079 691 1158 vel'corpus
713 1079 857 1158 fatigare,
880 1080 927 1140 vel
951 1079 1011 1140 elc-

83 1179 268 1240 emosynam
304 1160 396 1238 dare,
435 1161 487 1222 vel
517 1161 597 1222 aliud
620 1162 796 1223 huiusmodi
818 1161 929 1224 debeat
962 1162 1011 1223 vel

84 1244 382 1321 conetnr3sienim
406 1246 543 1315 visast,
578 1244 690 1323 aliquid
725 1247 828 1324 operis
860 1247 1010 1309 molietur.

82 1327 147 1389 Sed
168 1325 221 1388 hic
242 1327 315 1387 estis
339 1329 423 1388 ranis
439 1325 587 1408 Seriphiis
609 1334 639 1388 et
654 1327 788 1408 piscibus
811 1331 910 1408 magis
925 1329 1011 1405 muti,

83 1416 115 1472 et
138 1409 297 1490 quomodo
320 1410 501 1487 deflniretis,
540 1431 608 1471 cum
632 1419 733 1473 vestro
768 1413 905 1491 ipsorum
927 1413 1010 1473 testi·

83 1495 191 1557 monio
214 1494 280 1553 sitis
302 1492 403 1554 adhuc
424 1494 461 1554 de
483 1495 552 1574 ipsa
573 1495 602 1554 vi
613 1494 731 1567 incerti,
754 1495 830 1556 varii
852 1496 1009 1574 intervos,

84 1583 116 1639 et
136 1577 350 1637 inconstantes
373 1577 569 1656 vobisipsis,
593 1577 666 1656 quid
687 1578 740 1638 fiet
762 1578 800 1639 de
823 1576 1011 1652 delinitione,

83 1680 152 1722 cum
175 1659 334 1721 delinitum
356 1661 457 1740 ipsum
480 1660 537 1720 sibi
559 1678 622 1721 non
646 1659 788 1722 constet?

168 1742 230 1805 Sed
248 1748 336 1820 esto,
370 1743 454 1821 quod
475 1749 546 1823 post
568 1764 666 1805 annos
683 1744 821 1805 Platonis
842 1740 1010 1822 aliquando

83 1829 244 1888 intervos
266 1826 304 1888 de
327 1827 356 1886 vi
378 1827 446 1908 ipsa
468 1827 652 1903 conveniat,
675 1833 738 1887 tum
762 1827 923 1887 definiatur
945 1825 1010 1885 eius

83 1928 163 1990 opus
186 1928 273 1988 esse,
302 1927 406 1986 orare,
433 1911 570 1972 ieiunare
596 1910 645 1970 vel
674 1910 788 1989 aliquid
817 1909 896 1984 tale,
928 1907 1011 1988 quod

85 1992 188 2055 adhuc
215 1992 297 2054 forte
326 1994 359 2052 in
381 1993 547 2055 Platonicis
575 1991 692 2075 ideisl)
716 1994 817 2073 latet,
855 1993 922 2072 quis
953 2010 1011 2053 nos

83 2082 187 2139 certos
210 2076 311 2153 faciet,
335 2075 365 2136 id
388 2095 457 2137 esse
480 2096 602 2153 verum,
629 2076 659 2137 id
682 2077 805 2156 placere
827 2077 912 2153 Deo,
942 2093 1013 2136 nos·

83 2179 144 2241 quc
167 2164 234 2220 tuto
263 2166 378 2220 rectum
402 2159 515 2239 agere?
537 2161 716 2239 praesertim
747 2179 815 2220 cum
838 2160 896 2240 ipsi
918 2159 1011 2220 fatea-

84 2245 172 2317 mini,
194 2261 264 2303 esse
279 2262 343 2304 rem
367 2242 542 2322 humanam,
565 2244 779 2323 quaespiritus
802 2242 1011 2304 testimonium
1049 2262 1052 2267 ·

83 2347 145 2389 noo
169 2325 271 2403 habet,
295 2331 328 2385 ut
349 2325 636 2406 quaephilosophis
657 2327 771 2387 iactato
792 2332 823 2387 et
842 2327 873 2386 iu
896 2324 1010 2385 mundo

82 2411 197 2485 luerit,
225 2415 390 2487 antequam
414 2409 552 2469 Christus
592 2409 711 2469 veniret
750 2415 781 2469 et
817 2409 940 2489 spiritus
974 2407 1011 2468 da

85 2493 177 2556 coelo
201 2493 381 2569 mitteretur,
404 2501 437 2552 ut
459 2492 661 2553 certissimum
684 2493 745 2572 sit,
775 2511 836 2552 uon
861 2491 900 2551 de
922 2491 1011 2552 coelo

83 2577 234 2652 missum,
269 2575 324 2636 sed
346 2595 364 2636 a
387 2581 468 2637 terra
489 2576 551 2636 iam
585 2580 657 2635 onte
678 2580 783 2636 natum
805 2574 867 2635 hoc
888 2574 1011 2653 dogma,

82 2659 154 2721 ideo
185 2677 300 2735 magno
324 2677 401 2737 opus
423 2658 626 2737 testimonio,
661 2663 830 2718 etcertum
854 2661 885 2717 et
906 2675 1011 2718 verum

82 2761 152 2805 esse
175 2741 381 2803 confirmetur.

168 2823 270 2886 Simus
292 2844 367 2904 ergo
400 2843 458 2886 nos
480 2825 592 2905 privati
614 2830 645 2886 et
666 2825 776 2904 pauci,
808 2841 865 2884 vos
888 2821 936 2882 vel
959 2841 1012 2902 pu·
1113 2826 1116 2831 '

83 2909 200 2971 blicani
222 2912 254 2969 et
276 2908 372 2983 multi,
395 2927 451 2969 nos
473 2906 586 2983 rudes,
621 2927 677 2969 vos
700 2906 920 2983 eruditissimi,
953 2924 1011 2967 nos

84 2992 191 3071 crassi,
216 3010 272 3052 vos
294 2992 554 3072 ingeniosissimi,
577 3010 634 3051 nos
656 2991 723 3051 heri
744 2991 828 3066 nati,
851 3008 907 3050 vos
930 2990 1010 3049 Deu-

84 3076 207 3137 calione
228 3075 435 3155 antiquiores,
460 3092 518 3134 nos
540 3093 696 3153 nunquam
718 3073 856 3153 recepti,
888 3091 944 3132 uos
967 3077 1013 3132 tot

84 3158 198 3220 seculis
219 3157 392 3238 approbati,
417 3157 547 3237 denique
570 3177 627 3218 nos
649 3163 840 3236 peccatores,
862 3154 1011 3232 carnales,

84 3239 244 3309 socordes,
266 3259 323 3302 vos
347 3241 565 3311 sanctimonia,
588 3241 716 3320 spiritu,
740 3239 894 3300 miraculis
917 3244 1012 3297 metu-

84 3324 156 3387 endi
189 3323 238 3384 vel
260 3325 335 3405 ipsis
358 3323 569 3399 daemonibus,
593 3323 701 3385 saltem
724 3325 771 3383 ius
793 3322 959 3382 Turcarum
982 3326 1012 3381 et

84 3407 266 3469 ludaeorum
300 3407 389 3469 nobis
417 3407 583 3485 permittit,
617 3412 651 3467 ut
677 3407 828 3466 rationem
858 3403 1011 3485 dogmatis

85 3492 178 3555 vestri
201 3491 402 3571 postulemus,
426 3490 509 3569 quod
530 3489 679 3567 Petrus*)
704 3487 906 3550 vestervobis
928 3506 1011 3548 man·

88 3663 265 3674 .-.—--·--

117 3792 123 3799 -
159 3760 190 3824 1)
211 3755 244 3812 In
262 3755 306 3813 ed.
324 3754 396 3812 Ian:
415 3753 540 3812 Platonis
558 3754 637 3812 ideis.
676 3755 708 3822 *J
729 3755 755 3812 1.
773 3755 832 3812 Pet.
850 3759 877 3814 3.
