2348 4162
372 240 462 303 amieo
479 244 591 303 auidam
606 247 806 319 praesoriptae.
858 220 861 225 Ι
943 331 947 340 Ι
984 246 1048 314 417

208 415 346 481 Primum
369 416 483 478 Deus
474 435 542 497 ipse
563 437 675 499 aquam
698 418 827 486 ordinat.
869 418 964 500 Igitur
985 436 1048 480 non

124 498 218 561 dehet
239 498 342 566 ahiiei
386 499 442 561 Est
463 508 574 582 potens
596 502 688 583 Deus,
711 503 802 564 etiam
826 521 902 563 exs
887 503 971 563 saxis
994 522 1048 563 ex·

124 584 220 644 oitare
242 581 353 647 filios..
374 582 426 644 Sia
445 585 536 646 etiam
559 605 614 666 per
641 605 753 667 aquam
776 588 884 684 potest
901 586 1049 647 mundare

124 685 188 728 non
211 685 323 764 eorpus
347 666 396 728 vel
420 660 521 729 outein
542 669 658 748 solum,
697 671 751 731 sed
785 669 970 751 ipsissimum
993 688 1047 730 no·

123 750 219 812 etrum
242 751 381 831 spiritum
402 769 457 812 seu
480 769 541 813 eor.

116 886 119 891 ·
208 855 352 917 Secundo
385 873 447 916 non
470 857 570 918 solum
593 857 714 919 ordinat
735 876 865 939 aquam,
887 857 941 918 sed
963 857 1050 918 addit

125 938 283 1019 Spiritum,
306 957 398 1018 quem
420 942 486 1000 eine
509 959 591 1019 aqua
612 960 674 1003 non
697 942 763 1002 vult
784 942 868 1020 dare,
889 942 934 1001 sio
954 939 990 1000 fir
1010 960 1048 1001 ex

124 1041 206 1102 aqua
228 1021 403 1082 elementali
436 1041 491 1082 seu
513 1042 664 1104 corporea
692 1043 773 1104 aqua
794 1025 1000 1104 spiritualis,
1009 1043 1049 1084 ex
1163 1044 1166 1051 ·

123 1104 235 1186 frigido
268 1112 299 1166 et
329 1104 455 1166 humido
488 1106 676 1169 elemento
667 1110 748 1187 ignis
778 1107 908 1188 Spiritus
940 1109 1048 1188 saneti,

124 1206 186 1267 quo
210 1194 344 1249 veterem
367 1194 508 1249 naturam
521 1190 633 1250 malam
656 1197 832 1271 perpurget,
853 1210 966 1252 novam
981 1208 1049 1270 pro·
1124 1212 1129 1220 ·

123 1257 230 1351 duait,
241 1271 398 1349 aooendit,
437 1271 523 1332 fovet
543 1280 602 1335 eto.
646 1274 732 1336 Siout
752 1274 865 1335 Paulus
894 1279 986 1335 vooat
1007 1273 1054 1334 la·'
1145 1276 1148 1283 ’

124 1373 249 1414 vaurum
267 1355 509 1435 regenerationis
531 1362 589 1420 ete

208 1458 294 1521 Siout
314 1461 407 1540 igitur
428 1462 527 1541 prima
548 1461 690 1521 nativitas
706 1461 859 1542 eorporali
882 1463 966 1522 vitae
987 1481 1048 1522 ser-

123 1544 176 1621 vit,
200 1550 361 1604 exornetur
379 1545 538 1605 virtutihus
561 1542 711 1623 civilibus,
734 1551 895 1606 oneroetur
917 1543 1045 1625 legibus,

124 1624 288 1706 disciplina
310 1627 454 1706 mollitur,
477 1635 510 1686 ιιι
531 1627 688 1688 coalescat
710 1627 806 1688 oivilis
829 1628 881 1688 illa
903 1629 1047 1702 soeietae,

124 1726 206 1788 quae
228 1714 275 1769 est
296 1709 354 1770 Dei
376 1718 531 1790 ereatura,
564 1730 655 1790 quam
679 1710 762 1770 Deus
795 1711 859 1771 vult
887 1729 1048 1777 conserva·
1126 1716 1128 1721 ⁴

122 1800 203 1870 tam,
237 1793 280 1853 ita
299 1791 338 1853 ad
360 1793 489 1854 futuram
513 1802 544 1854 et
565 1801 720 1854 aeternam
745 1796 837 1854 vitam
860 1794 953 1873 plane
975 1793 1049 1854 nihil

120 1874 204 1953 iaoit,
227 1893 319 1954 quam
332 1877 416 1937 Deus
437 1877 524 1937 iustis
546 1876 694 1957 promittit
715 1877 745 1936 in
758 1877 837 1958 lege.
880 1876 959 1937 Nam
979 1895 1047 1937 oum

123 1958 162 2018 sit
183 1967 296 2020 natura
318 1960 423 2020 vitiata
444 1967 573 2040 peooato
596 1960 722 2040 originis
751 1969 781 2021 et
802 1968 905 2021 tamen
925 1958 966 2019 'ad
990 1961 1049 2019 vir·

124 2048 220 2102 tutem
243 2042 343 2121 possit
364 2041 537 2123 assuefieri,
567 2062 630 2104 non
652 2043 723 2103 ideo
746 2051 793 2105 est
814 2046 902 2107 iusta.
947 2043 1051 2103 Manet

121 2125 216 2205 igitur
236 2126 266 2185 in
292 2144 349 2186 suo
371 2127 444 2186 vitio
467 2132 498 2187 et
520 2135 628 2206 morte,
652 2145 742 2206 quam
766 2135 926 2208 peooatum
952 2146 1049 2187 mere·

122 2215 203 2272 tur.
225 2209 274 2268 Ad
296 2216 452 2269 aeternam
474 2210 567 2290 igitur
593 2212 621 2270 vi
624 2216 685 2270 tam
708 2213 862 2271 nasoimur
883 2209 1049 2290 postillam

121 2293 251 2372 primam
285 2293 474 2353 nativitatem
509 2312 592 2354 novo
628 2293 738 2373 modo,
772 2313 835 2354 non
870 2293 1048 2374 parentibus

123 2374 322 2455 mortalibus,
350 2374 405 2436 sed
428 2394 483 2456 per
504 2375 648 2456 Spiritum
671 2341 809 2436 sanhtum
824 2370 931 2437 Deum
954 2382 1049 2439 aeter·

121 2477 206 2521 nam
250 2421 362 2519 llorhra
383 2465 486 2519 autem
509 2460 676 2519 nativitatis
699 2467 746 2520 est
768 2478 849 2538 aqua
872 2459 920 2519 vel
934 2458 1048 2538 baptis-

122 2560 190 2602 mus
204 2542 322 2622 gratiae
343 2543 475 2622 signum,
499 2541 581 2621 quod
596 2542 678 2601 Deus
693 2543 833 2623 instituit,
856 2548 890 2602 ut
911 2561 1049 2603 essemus

121 2623 200 2686 oerti
222 2624 260 2685 de
281 2643 338 2685 sua
360 2625 442 2686 hona
465 2625 642 2706 voluntate,
666 2625 748 2705 quod
770 2644 827 2706 per
849 2625 961 2686 christi
983 2645 1051 2686 san-

121 2710 248 2789 guinem
270 2708 331 2768 sint
353 2707 477 2769 ablutae
500 2709 606 2769 sordes
629 2715 838 2790 peecatorum.
871 2790 874 2797 Ι

205 2834 354 2899 hlirahilie
375 2838 454 2899 haeo
475 2837 617 2898 doetrina
639 2844 695 2918 est,
718 2837 773 2898 sed
795 2836 938 2899 iideeam
960 2854 1050 2917 opor·

122 2926 166 2981 tet
188 2920 387 3001 apprehendi.
432 2920 517 2982 Siout
548 2922 628 2982 enim
652 2928 761 2982 ventus
790 2941 853 2981 non
876 2927 981 3001 potest
1000 2918 1051 2980 de·

121 3002 290 3085 prehendi,
327 3022 388 3084 quo
413 3004 483 3065 loeo
506 3005 647 3084 incipiet,
677 3013 730 3065 aut
752 3023 812 3084 quo
837 3009 901 3085 eat,
933 3008 1050 3064 tantum

120 3104 218 3148 sonus
243 3085 380 3167 auditur,
411 3089 455 3148 ita
475 3089 554 3149 haeo
576 3089 719 3148 nativitas
743 3087 818 3149 nihil
840 3087 923 3151 aliud
946 3086 1048 3166 hahet,

121 3188 185 3250 qao
208 3171 398 3252 apprehendi
420 3172 530 3253 possit,
553 3171 613 3231 nisi
634 3172 770 3237 verbum.

278 3344 396 3409 Similia
418 3346 457 3408 de
479 3354 573 3408 vento
596 3351 627 3407 et
648 3345 761 3426 Spiritu
783 3351 901 3408 saneto.

205 3494 325 3559 Ventus
358 3496 451 3576 liber,
484 3517 547 3559 non
584 3497 726 3578 alligatus
763 3496 851 3579 loeo,
889 3514 1051 3578 personae,

121 3581 272 3662 tempori,
306 3578 353 3645 sio
375 3578 504 3661 Spiritus
538 3588 673 3643 sanetus.
718 3580 836 3640 Ventus
865 3578 994 3661 impellit
1015 3599 1053 3640 ae

121 3672 239 3743 movet,
261 3672 371 3725 ventus
392 3662 567 3746 refrigerat,
601 3672 694 3725 vento
731 3665 835 3725 omnia
857 3670 979 3744 patent,
1008 3663 1053 3724 sio

121 3746 255 3830 Spiritus
278 3756 413 3810 sanatus.

147 3859 242 3902 aarum
255 3870 308 3911 opp.
321 3861 350 3904 v
358 3861 386 3901 a
401 3860 431 3901 eu
443 3860 485 3903 er.
497 3860 549 3903 ua.
563 3860 579 3902 ι
592 3871 616 3912 p.
629 3860 683 3904 vor.
691 3860 743 3903 vu.
844 3826 920 3901 2Ἰ
