<?xml version="1.0" encoding="UTF-8"?>
<!DOCTYPE html PUBLIC "-//W3C//DTD XHTML 1.0 Transitional//EN"
    "http://www.w3.org/TR/xhtml1/DTD/xhtml1-transitional.dtd">
<html xmlns="http://www.w3.org/1999/xhtml" xml:lang="en" lang="en">
 <head>
  <title>
</title>
<meta http-equiv="Content-Type" content="text/html;charset=utf-8" />
  <meta name='ocr-system' content='tesseract 3.04.00' />
  <meta name='ocr-capabilities' content='ocr_page ocr_carea ocr_par ocr_line ocrx_word'/>
</head>
<body>
  <div class='ocr_page' id='page_1' title='image "./dmartinilutheri02luthgoog_0067.png"; bbox 0 0 2348 4162; ppageno 0'>
   <div class='ocr_carea' id='block_1_1' title="bbox 138 192 856 317">
    <p class='ocr_par' dir='ltr' id='par_1_1' title="bbox 138 192 856 317">
     <span class='ocr_line' id='line_1_1' title="bbox 138 192 856 317; baseline 0.01 -27"><span class='ocrx_word' id='word_1_1' title='bbox 138 236 179 306; x_wconf 78' lang='lat'>56</span> <span class='ocrx_word' id='word_1_2' title='bbox 445 237 586 294; x_wconf 84' lang='lat' dir='ltr'>Adversus</span> <span class='ocrx_word' id='word_1_3' title='bbox 604 244 740 296; x_wconf 83' lang='lat' dir='ltr'>armatum</span> <span class='ocrx_word' id='word_1_4' title='bbox 785 192 787 199; x_wconf 26' lang='grc' dir='ltr'>Ι</span> <span class='ocrx_word' id='word_1_5' title='bbox 852 309 856 317; x_wconf 25' lang='grc'>1</span> 
     </span>
    </p>
   </div>
   <div class='ocr_carea' id='block_1_2' title="bbox 136 394 1061 659">
    <p class='ocr_par' dir='ltr' id='par_1_2' title="bbox 136 394 1061 659">
     <span class='ocr_line' id='line_1_2' title="bbox 136 394 1059 492; baseline 0.002 -19"><span class='ocrx_word' id='word_1_6' title='bbox 136 394 191 473; x_wconf 83' lang='lat' dir='ltr'>sed</span> <span class='ocrx_word' id='word_1_7' title='bbox 213 411 251 472; x_wconf 88' lang='lat' dir='ltr'>de</span> <span class='ocrx_word' id='word_1_8' title='bbox 274 410 381 473; x_wconf 86' lang='lat' dir='ltr'>alienis</span> <span class='ocrx_word' id='word_1_9' title='bbox 402 411 539 491; x_wconf 86' lang='lat' dir='ltr'>psoeatis</span> <span class='ocrx_word' id='word_1_10' title='bbox 562 410 710 492; x_wconf 85' lang='lat' dir='ltr'>loquitur,</span> <span class='ocrx_word' id='word_1_11' title='bbox 733 410 856 492; x_wconf 91' lang='lat' dir='ltr'>quando</span> <span class='ocrx_word' id='word_1_12' title='bbox 880 410 964 474; x_wconf 76' lang='lat' dir='ltr'>dioitr</span> <span class='ocrx_word' id='word_1_13' title='bbox 1003 412 1059 475; x_wconf 80' lang='lat' dir='ltr'>Cs-</span> 
     </span>
     <span class='ocr_line' id='line_1_3' title="bbox 137 492 1059 577; baseline 0.001 -21"><span class='ocrx_word' id='word_1_14' title='bbox 137 497 210 556; x_wconf 86' lang='lat' dir='ltr'>ritas</span> <span class='ocrx_word' id='word_1_15' title='bbox 233 495 333 576; x_wconf 87' lang='lat' dir='ltr'>operit</span> <span class='ocrx_word' id='word_1_16' title='bbox 355 492 576 555; x_wconf 79' lang='lat' dir='ltr'>multitudinem</span> <span class='ocrx_word' id='word_1_17' title='bbox 599 500 807 575; x_wconf 73' lang='lat' dir='ltr'>peecatorum,</span> <span class='ocrx_word' id='word_1_18' title='bbox 830 502 862 556; x_wconf 88' lang='lat' dir='ltr'>ut</span> <span class='ocrx_word' id='word_1_19' title='bbox 887 496 926 558; x_wconf 91' lang='lat' dir='ltr'>sit</span> <span class='ocrx_word' id='word_1_20' title='bbox 940 515 1059 577; x_wconf 90' lang='lat' dir='ltr'>sensus,</span> 
     </span>
     <span class='ocr_line' id='line_1_4' title="bbox 138 578 1061 659; baseline 0.001 -20"><span class='ocrx_word' id='word_1_21' title='bbox 138 581 249 641; x_wconf 86' lang='lat' dir='ltr'>osritss</span> <span class='ocrx_word' id='word_1_22' title='bbox 272 597 333 639; x_wconf 94' lang='lat' dir='ltr'>nou</span> <span class='ocrx_word' id='word_1_23' title='bbox 357 578 507 655; x_wconf 87' lang='lat' dir='ltr'>irritatur,</span> <span class='ocrx_word' id='word_1_24' title='bbox 535 579 639 639; x_wconf 89' lang='lat' dir='ltr'>omnia</span> <span class='ocrx_word' id='word_1_25' title='bbox 659 578 778 657; x_wconf 81' lang='lat' dir='ltr'>suffert,</span> <span class='ocrx_word' id='word_1_26' title='bbox 801 598 863 639; x_wconf 92' lang='lat' dir='ltr'>non</span> <span class='ocrx_word' id='word_1_27' title='bbox 886 578 1061 659; x_wconf 77' lang='lat' dir='ltr'>offenditur,</span> 
     </span>
    </p>
   </div>
   <div class='ocr_carea' id='block_1_3' title="bbox 16 662 1060 743">
    <p class='ocr_par' dir='ltr' id='par_1_3' title="bbox 16 662 1060 743">
     <span class='ocr_line' id='line_1_5' title="bbox 16 662 1060 743; baseline -0.001 -18"><span class='ocrx_word' id='word_1_28' title='bbox 16 720 19 725; x_wconf 80' lang='grc'><strong><em>,</em></strong></span> <span class='ocrx_word' id='word_1_29' title='bbox 137 664 241 725; x_wconf 88' lang='lat' dir='ltr'>omnia</span> <span class='ocrx_word' id='word_1_30' title='bbox 262 663 407 743; x_wconf 85' lang='lat' dir='ltr'>sustinet,</span> <span class='ocrx_word' id='word_1_31' title='bbox 436 668 553 722; x_wconf 89' lang='lat' dir='ltr'>utnon</span> <span class='ocrx_word' id='word_1_32' title='bbox 576 662 674 742; x_wconf 80' lang='lat' dir='ltr'>possit</span> <span class='ocrx_word' id='word_1_33' title='bbox 702 665 763 723; x_wconf 87' lang='lat' dir='ltr'>tam</span> <span class='ocrx_word' id='word_1_34' title='bbox 788 663 914 723; x_wconf 86' lang='lat' dir='ltr'>multum</span> <span class='ocrx_word' id='word_1_35' title='bbox 936 664 968 724; x_wconf 89' lang='lat' dir='ltr'>in</span> <span class='ocrx_word' id='word_1_36' title='bbox 991 682 1060 725; x_wconf 87' lang='lat' dir='ltr'>eam</span> 
     </span>
    </p>
   </div>
   <div class='ocr_carea' id='block_1_4' title="bbox 136 745 1062 910">
    <p class='ocr_par' dir='ltr' id='par_1_4' title="bbox 136 745 1062 910">
     <span class='ocr_line' id='line_1_6' title="bbox 136 745 1060 828; baseline 0.002 -22"><span class='ocrx_word' id='word_1_37' title='bbox 136 747 274 825; x_wconf 87' lang='lat' dir='ltr'>peoosri,</span> <span class='ocrx_word' id='word_1_38' title='bbox 296 746 378 826; x_wconf 91' lang='lat' dir='ltr'>quod</span> <span class='ocrx_word' id='word_1_39' title='bbox 401 764 463 806; x_wconf 90' lang='lat' dir='ltr'>non</span> <span class='ocrx_word' id='word_1_40' title='bbox 485 745 577 825; x_wconf 89' lang='lat' dir='ltr'>ferat,</span> <span class='ocrx_word' id='word_1_41' title='bbox 600 751 699 824; x_wconf 83' lang='lat' dir='ltr'>tegat,</span> <span class='ocrx_word' id='word_1_42' title='bbox 713 747 869 827; x_wconf 71' lang='lat' dir='ltr'>&#39;ignoscat</span> <span class='ocrx_word' id='word_1_43' title='bbox 891 752 922 808; x_wconf 90' lang='lat' dir='ltr'>et</span> <span class='ocrx_word' id='word_1_44' title='bbox 943 753 1060 828; x_wconf 86' lang='lat' dir='ltr'>pareat,</span> 
     </span>
     <span class='ocr_line' id='line_1_7' title="bbox 136 827 1062 910; baseline 0.003 -21"><span class='ocrx_word' id='word_1_45' title='bbox 136 831 173 890; x_wconf 94' lang='lat' dir='ltr'>iis</span> <span class='ocrx_word' id='word_1_46' title='bbox 196 836 297 892; x_wconf 88' lang='lat' dir='ltr'>autam</span> <span class='ocrx_word' id='word_1_47' title='bbox 321 828 469 910; x_wconf 87' lang='lat' dir='ltr'>operibus</span> <span class='ocrx_word' id='word_1_48' title='bbox 487 846 578 888; x_wconf 90' lang='lat' dir='ltr'>neruo</span> <span class='ocrx_word' id='word_1_49' title='bbox 599 827 794 906; x_wconf 76' lang='lat' dir='ltr'>iustificetur,</span> <span class='ocrx_word' id='word_1_50' title='bbox 819 829 875 891; x_wconf 87' lang='lat' dir='ltr'>sed</span> <span class='ocrx_word' id='word_1_51' title='bbox 891 831 955 905; x_wconf 89' lang='lat' dir='ltr'>uisi</span> <span class='ocrx_word' id='word_1_52' title='bbox 977 831 1062 892; x_wconf 88' lang='lat' dir='ltr'>iusti·</span> 
     </span>
    </p>
   </div>
   <div class='ocr_carea' id='block_1_5' title="bbox 137 905 1074 995">
    <p class='ocr_par' dir='ltr' id='par_1_5' title="bbox 28 905 1074 995">
     <span class='ocr_line' id='line_1_8' title="bbox 137 905 1074 995; baseline 0.008 -25.166"><span class='ocrx_word' id='word_1_53' title='bbox 137 912 246 975; x_wconf 87' lang='lat' dir='ltr'>fioatus</span> <span class='ocrx_word' id='word_1_54' title='bbox 273 914 332 973; x_wconf 90' lang='lat' dir='ltr'>iam</span> <span class='ocrx_word' id='word_1_55' title='bbox 368 913 421 992; x_wconf 90' lang='lat' dir='ltr'>sit,</span> <span class='ocrx_word' id='word_1_56' title='bbox 454 912 510 972; x_wconf 90' lang='lat' dir='ltr'>hos</span> <span class='ocrx_word' id='word_1_57' title='bbox 542 905 656 972; x_wconf 78' lang='lat' dir='ltr'>fruetus</span> <span class='ocrx_word' id='word_1_58' title='bbox 684 912 817 973; x_wconf 86' lang='lat' dir='ltr'>oaritstis</span> <span class='ocrx_word' id='word_1_59' title='bbox 847 934 909 975; x_wconf 91' lang='lat' dir='ltr'>non</span> <span class='ocrx_word' id='word_1_60' title='bbox 935 913 1074 995; x_wconf 56' lang='lat' dir='ltr'>profert„</span> 
     </span>
    </p>
   </div>
   <div class='ocr_carea' id='block_1_6' title="bbox 41 996 1087 2493">
    <p class='ocr_par' dir='ltr' id='par_1_6' title="bbox 41 996 1087 2493">
     <span class='ocr_line' id='line_1_9' title="bbox 138 996 1061 1079; baseline 0.003 -22"><span class='ocrx_word' id='word_1_61' title='bbox 138 996 226 1057; x_wconf 84' lang='lat' dir='ltr'>Hune</span> <span class='ocrx_word' id='word_1_62' title='bbox 247 1003 348 1057; x_wconf 86' lang='lat' dir='ltr'>autem</span> <span class='ocrx_word' id='word_1_63' title='bbox 377 1015 447 1056; x_wconf 89' lang='lat' dir='ltr'>esse</span> <span class='ocrx_word' id='word_1_64' title='bbox 478 1014 600 1056; x_wconf 88' lang='lat' dir='ltr'>sensum</span> <span class='ocrx_word' id='word_1_65' title='bbox 629 1014 668 1056; x_wconf 87' lang='lat' dir='ltr'>ex</span> <span class='ocrx_word' id='word_1_66' title='bbox 698 996 841 1062; x_wconf 83' lang='lat' dir='ltr'>Proverb.</span> <span class='ocrx_word' id='word_1_67' title='bbox 867 999 914 1062; x_wconf 87' lang='lat'>10.</span> <span class='ocrx_word' id='word_1_68' title='bbox 948 1016 1061 1079; x_wconf 85' lang='lat' dir='ltr'>aspere</span> 
     </span>
     <span class='ocr_line' id='line_1_10' title="bbox 120 1078 1074 1159; baseline 0.002 -18"><span class='ocrx_word' id='word_1_69' title='bbox 120 1080 211 1144; x_wconf 73' lang='lat' dir='ltr'>iicet</span> <span class='ocrx_word' id='word_1_70' title='bbox 233 1099 287 1159; x_wconf 89' lang='lat' dir='ltr'>per</span> <span class='ocrx_word' id='word_1_71' title='bbox 310 1079 485 1153; x_wconf 76' lang='lat' dir='ltr'><strong>antithesin,</strong></span> <span class='ocrx_word' id='word_1_72' title='bbox 529 1078 639 1140; x_wconf 87' lang='lat' dir='ltr'>Odium</span> <span class='ocrx_word' id='word_1_73' title='bbox 654 1080 781 1140; x_wconf 86' lang='lat' dir='ltr'>susoitat</span> <span class='ocrx_word' id='word_1_74' title='bbox 803 1081 896 1159; x_wconf 87' lang='lat' dir='ltr'>rixss,</span> <span class='ocrx_word' id='word_1_75' title='bbox 918 1082 1074 1156; x_wconf 33' lang='lat' dir='ltr'>universa·</span> 
     </span>
     <span class='ocr_line' id='line_1_11' title="bbox 52 1161 1060 1245; baseline 0.004 -22"><span class='ocrx_word' id='word_1_76' title='bbox 52 1179 57 1187; x_wconf 87' lang='lat'><strong>·</strong></span> <span class='ocrx_word' id='word_1_77' title='bbox 137 1171 244 1223; x_wconf 86' lang='lat' dir='ltr'>sutem·</span> <span class='ocrx_word' id='word_1_78' title='bbox 263 1162 373 1224; x_wconf 86' lang='lat' dir='ltr'>detieta</span> <span class='ocrx_word' id='word_1_79' title='bbox 396 1162 494 1242; x_wconf 89' lang='lat' dir='ltr'>operit</span> <span class='ocrx_word' id='word_1_80' title='bbox 514 1163 642 1240; x_wconf 83' lang='lat' dir='ltr'>ueritas,</span> <span class='ocrx_word' id='word_1_81' title='bbox 664 1161 725 1223; x_wconf 88' lang='lat' dir='ltr'>hoo</span> <span class='ocrx_word' id='word_1_82' title='bbox 747 1171 802 1242; x_wconf 85' lang='lat' dir='ltr'>est,</span> <span class='ocrx_word' id='word_1_83' title='bbox 826 1164 877 1243; x_wconf 93' lang='lat' dir='ltr'>qui</span> <span class='ocrx_word' id='word_1_84' title='bbox 900 1162 974 1228; x_wconf 81' lang='lat' dir='ltr'>odit¹</span> <span class='ocrx_word' id='word_1_85' title='bbox 991 1183 1060 1245; x_wconf 87' lang='lat' dir='ltr'>pro·</span> 
     </span>
     <span class='ocr_line' id='line_1_12' title="bbox 137 1245 1060 1329; baseline 0.001 -22"><span class='ocrx_word' id='word_1_86' title='bbox 137 1248 270 1323; x_wconf 85' lang='lat' dir='ltr'>ximum,</span> <span class='ocrx_word' id='word_1_87' title='bbox 304 1246 395 1307; x_wconf 89' lang='lat' dir='ltr'>etiam</span> <span class='ocrx_word' id='word_1_88' title='bbox 419 1247 450 1306; x_wconf 92' lang='lat' dir='ltr'>in</span> <span class='ocrx_word' id='word_1_89' title='bbox 478 1245 563 1306; x_wconf 91' lang='lat' dir='ltr'>bono</span> <span class='ocrx_word' id='word_1_90' title='bbox 592 1245 671 1307; x_wconf 88' lang='lat' dir='ltr'>iltius</span> <span class='ocrx_word' id='word_1_91' title='bbox 695 1264 788 1326; x_wconf 88' lang='lat' dir='ltr'>opere</span> <span class='ocrx_word' id='word_1_92' title='bbox 810 1249 944 1327; x_wconf 87' lang='lat' dir='ltr'>quaerit,</span> <span class='ocrx_word' id='word_1_93' title='bbox 977 1248 1060 1329; x_wconf 89' lang='lat' dir='ltr'>quod</span> 
     </span>
     <span class='ocr_line' id='line_1_13' title="bbox 110 1328 1061 1412; baseline 0.003 -22"><span class='ocrx_word' id='word_1_94' title='bbox 110 1398 113 1403; x_wconf 49' lang='grc'><strong>,</strong></span> <span class='ocrx_word' id='word_1_95' title='bbox 135 1328 345 1409; x_wconf 78' lang='lat' dir='ltr'>esiumnietur,</span> <span class='ocrx_word' id='word_1_96' title='bbox 368 1329 418 1409; x_wconf 91' lang='lat' dir='ltr'>qui</span> <span class='ocrx_word' id='word_1_97' title='bbox 432 1335 541 1397; x_wconf 67' lang='lat' dir='ltr'>,sutem</span> <span class='ocrx_word' id='word_1_98' title='bbox 565 1328 679 1410; x_wconf 77' lang='lat' dir='ltr'>diligit,</span> <span class='ocrx_word' id='word_1_99' title='bbox 702 1332 887 1391; x_wconf 85' lang='lat' dir='ltr'>oontrarium</span> <span class='ocrx_word' id='word_1_100' title='bbox 902 1331 998 1412; x_wconf 76' lang='lat' dir='ltr'>iamt,</span> <span class='ocrx_word' id='word_1_101' title='bbox 1027 1338 1061 1393; x_wconf 91' lang='lat' dir='ltr'>ut</span> 
     </span>
     <span class='ocr_line' id='line_1_14' title="bbox 50 1411 1042 1494; baseline -0.003 -17"><span class='ocrx_word' id='word_1_102' title='bbox 50 1470 60 1478; x_wconf 86' lang='lat'>..</span> <span class='ocrx_word' id='word_1_103' title='bbox 137 1415 233 1481; x_wconf 74' lang='lat' dir='ltr'>etiarn,</span> <span class='ocrx_word' id='word_1_104' title='bbox 251 1413 355 1474; x_wconf 91' lang='lat' dir='ltr'>omnia</span> <span class='ocrx_word' id='word_1_105' title='bbox 375 1419 505 1493; x_wconf 87' lang='lat' dir='ltr'>peooats</span> <span class='ocrx_word' id='word_1_106' title='bbox 526 1413 657 1491; x_wconf 82' lang='lat' dir='ltr'>proximi</span> <span class='ocrx_word' id='word_1_107' title='bbox 679 1417 765 1494; x_wconf 87' lang='lat' dir='ltr'>tegat</span> <span class='ocrx_word' id='word_1_108' title='bbox 786 1422 816 1474; x_wconf 91' lang='lat' dir='ltr'>et</span> <span class='ocrx_word' id='word_1_109' title='bbox 838 1414 956 1480; x_wconf 73' lang='lat' dir='ltr'>toleret.</span> <span class='ocrx_word' id='word_1_110' title='bbox 985 1411 987 1415; x_wconf 72' lang='grc'>’</span> <span class='ocrx_word' id='word_1_111' title='bbox 1039 1434 1042 1440; x_wconf 95' lang='grc'><em>·</em></span> 
     </span>
     <span class='ocr_line' id='line_1_15' title="bbox 41 1495 1063 1578; baseline 0.006 -24"><span class='ocrx_word' id='word_1_112' title='bbox 41 1549 54 1557; x_wconf 82' lang='grc'>.,</span> <span class='ocrx_word' id='word_1_113' title='bbox 222 1496 276 1558; x_wconf 88' lang='lat' dir='ltr'>His</span> <span class='ocrx_word' id='word_1_114' title='bbox 299 1495 392 1557; x_wconf 90' lang='lat' dir='ltr'>oredo</span> <span class='ocrx_word' id='word_1_115' title='bbox 414 1496 488 1556; x_wconf 88' lang='lat' dir='ltr'>satis</span> <span class='ocrx_word' id='word_1_116' title='bbox 512 1515 581 1556; x_wconf 89' lang='lat' dir='ltr'>esse</span> <span class='ocrx_word' id='word_1_117' title='bbox 595 1515 778 1577; x_wconf 89' lang='lat' dir='ltr'>responsum</span> <span class='ocrx_word' id='word_1_118' title='bbox 801 1502 857 1578; x_wconf 83' lang='lat' dir='ltr'>pro&#39;</span> <span class='ocrx_word' id='word_1_119' title='bbox 880 1497 1063 1560; x_wconf 80' lang='lat' dir='ltr'>defensione</span> 
     </span>
     <span class='ocr_line' id='line_1_16' title="bbox 79 1578 1058 1663; baseline 0.004 -24"><span class='ocrx_word' id='word_1_120' title='bbox 79 1580 82 1586; x_wconf 80' lang='grc'><strong>’</strong></span> <span class='ocrx_word' id='word_1_121' title='bbox 137 1580 224 1641; x_wconf 88' lang='lat' dir='ltr'>trium</span> <span class='ocrx_word' id='word_1_122' title='bbox 240 1581 484 1660; x_wconf 89' lang='lat' dir='ltr'>Propositionum</span> <span class='ocrx_word' id='word_1_123' title='bbox 498 1598 633 1640; x_wconf 88' lang='lat' dir='ltr'>mearum</span> <span class='ocrx_word' id='word_1_124' title='bbox 656 1598 675 1638; x_wconf 88' lang='lat' dir='ltr'>a</span> <span class='ocrx_word' id='word_1_125' title='bbox 697 1578 811 1641; x_wconf 80' lang='lat' dir='ltr'>Coelen</span> <span class='ocrx_word' id='word_1_126' title='bbox 835 1581 1058 1663; x_wconf 83' lang='lat' dir='ltr'>damnatarum,</span> 
     </span>
     <span class='ocr_line' id='line_1_17' title="bbox 137 1658 1060 1744; baseline 0.003 -20"><span class='ocrx_word' id='word_1_127' title='bbox 137 1669 166 1724; x_wconf 90' lang='lat' dir='ltr'>et</span> <span class='ocrx_word' id='word_1_128' title='bbox 189 1663 305 1724; x_wconf 77' lang='lat' dir='ltr'>fortiter</span> <span class='ocrx_word' id='word_1_129' title='bbox 337 1681 462 1724; x_wconf 87' lang='lat' dir='ltr'>manere</span> <span class='ocrx_word' id='word_1_130' title='bbox 493 1662 554 1722; x_wconf 87' lang='lat' dir='ltr'>hoe</span> <span class='ocrx_word' id='word_1_131' title='bbox 588 1658 703 1744; x_wconf 82' lang='lat' dir='ltr'>dogma</span> <span class='ocrx_word' id='word_1_132' title='bbox 726 1682 841 1724; x_wconf 83' lang='lat' dir='ltr'>meum:</span> <span class='ocrx_word' id='word_1_133' title='bbox 867 1663 962 1728; x_wconf 81' lang='lat' dir='ltr'>&#39;Sota</span> <span class='ocrx_word' id='word_1_134' title='bbox 982 1663 1060 1727; x_wconf 89' lang='lat' dir='ltr'>fldes</span> 
     </span>
     <span class='ocr_line' id='line_1_18' title="bbox 137 1745 1059 1829; baseline 0.003 -22"><span class='ocrx_word' id='word_1_135' title='bbox 137 1746 288 1810; x_wconf 85' lang='lat' dir='ltr'>iustitieat.</span> <span class='ocrx_word' id='word_1_136' title='bbox 333 1747 390 1807; x_wconf 90' lang='lat' dir='ltr'>Per</span> <span class='ocrx_word' id='word_1_137' title='bbox 413 1745 473 1806; x_wconf 84' lang='lat' dir='ltr'>hoo</span> <span class='ocrx_word' id='word_1_138' title='bbox 494 1751 673 1807; x_wconf 89' lang='lat' dir='ltr'>tamennon</span> <span class='ocrx_word' id='word_1_139' title='bbox 696 1754 839 1828; x_wconf 81' lang='lat' dir='ltr'>oportere</span> <span class='ocrx_word' id='word_1_140' title='bbox 852 1749 967 1829; x_wconf 86' lang='lat' dir='ltr'>negari,</span> <span class='ocrx_word' id='word_1_141' title='bbox 987 1748 1059 1828; x_wconf 91' lang='lat' dir='ltr'>quin</span> 
     </span>
     <span class='ocr_line' id='line_1_19' title="bbox 137 1828 1059 1914; baseline 0.007 -26"><span class='ocrx_word' id='word_1_142' title='bbox 137 1830 272 1900; x_wconf 84' lang='lat' dir='ltr'>verbum,</span> <span class='ocrx_word' id='word_1_143' title='bbox 294 1828 535 1907; x_wconf 77' lang='lat' dir='ltr'>Sacramentum,</span> <span class='ocrx_word' id='word_1_144' title='bbox 560 1828 706 1909; x_wconf 80' lang='lat' dir='ltr'>Christus,</span> <span class='ocrx_word' id='word_1_145' title='bbox 731 1828 945 1909; x_wconf 84' lang='lat' dir='ltr'>Praedioator,</span> <span class='ocrx_word' id='word_1_146' title='bbox 967 1831 1059 1914; x_wconf 84' lang='lat' dir='ltr'>Spiri-</span> 
     </span>
     <span class='ocr_line' id='line_1_20' title="bbox 138 1910 1059 1994; baseline 0.004 -22"><span class='ocrx_word' id='word_1_147' title='bbox 138 1919 185 1973; x_wconf 89' lang='lat' dir='ltr'>tus</span> <span class='ocrx_word' id='word_1_148' title='bbox 207 1920 238 1974; x_wconf 89' lang='lat' dir='ltr'>et</span> <span class='ocrx_word' id='word_1_149' title='bbox 249 1914 332 1980; x_wconf 90' lang='lat' dir='ltr'>Deus</span> <span class='ocrx_word' id='word_1_150' title='bbox 356 1920 443 1992; x_wconf 90' lang='lat' dir='ltr'>pater</span> <span class='ocrx_word' id='word_1_151' title='bbox 462 1911 615 1973; x_wconf 75' lang='lat' dir='ltr'>iustificet.</span> <span class='ocrx_word' id='word_1_152' title='bbox 659 1910 836 1974; x_wconf 75' lang='lat' dir='ltr'>Deu‘senim</span> <span class='ocrx_word' id='word_1_153' title='bbox 859 1915 1059 1994; x_wconf 79' lang='lat' dir='ltr'>omniaiaoit,</span> 
     </span>
     <span class='ocr_line' id='line_1_21' title="bbox 57 1994 1058 2081; baseline 0.003 -24"><span class='ocrx_word' id='word_1_154' title='bbox 57 2012 59 2016; x_wconf 69' lang='grc'><strong>“</strong></span> <span class='ocrx_word' id='word_1_155' title='bbox 115 2001 169 2057; x_wconf 83' lang='lat' dir='ltr'>ut</span> <span class='ocrx_word' id='word_1_156' title='bbox 190 1996 398 2074; x_wconf 68' lang='lat' dir='ltr'>instituemus,</span> <span class='ocrx_word' id='word_1_157' title='bbox 421 1994 557 2056; x_wconf 83' lang='lat' dir='ltr'>Christus</span> <span class='ocrx_word' id='word_1_158' title='bbox 580 1997 974 2079; x_wconf 86' lang='lat' dir='ltr'>meruit‚utiustifleemur‚</span> <span class='ocrx_word' id='word_1_159' title='bbox 988 1996 1058 2081; x_wconf 87' lang='lat' dir='ltr'>Spi-</span> 
     </span>
     <span class='ocr_line' id='line_1_22' title="bbox 138 2077 1059 2160; baseline 0.003 -21"><span class='ocrx_word' id='word_1_160' title='bbox 138 2080 213 2139; x_wconf 87' lang='lat' dir='ltr'>ritus</span> <span class='ocrx_word' id='word_1_161' title='bbox 236 2087 361 2141; x_wconf 85' lang='lat' dir='ltr'>sanetus</span> <span class='ocrx_word' id='word_1_162' title='bbox 391 2078 567 2158; x_wconf 70' lang='lat' dir='ltr'>exsequitur</span> <span class='ocrx_word' id='word_1_163' title='bbox 587 2079 727 2139; x_wconf 88' lang='lat' dir='ltr'>meritum</span> <span class='ocrx_word' id='word_1_164' title='bbox 751 2077 880 2160; x_wconf 79' lang='lat' dir='ltr'>Christi,</span> <span class='ocrx_word' id='word_1_165' title='bbox 902 2086 935 2142; x_wconf 90' lang='lat' dir='ltr'>ut</span> <span class='ocrx_word' id='word_1_166' title='bbox 954 2081 1059 2142; x_wconf 84' lang='lat' dir='ltr'>iustifi-</span> 
     </span>
     <span class='ocr_line' id='line_1_23' title="bbox 136 2161 1060 2245; baseline 0.004 -23"><span class='ocrx_word' id='word_1_167' title='bbox 136 2181 249 2230; x_wconf 77' lang='lat' dir='ltr'>oemur,</span> <span class='ocrx_word' id='word_1_168' title='bbox 293 2161 431 2224; x_wconf 81' lang='lat' dir='ltr'>Verbum</span> <span class='ocrx_word' id='word_1_169' title='bbox 448 2168 497 2222; x_wconf 86' lang='lat' dir='ltr'>est</span> <span class='ocrx_word' id='word_1_170' title='bbox 517 2162 764 2241; x_wconf 70' lang='lat' dir='ltr'>instrumentum,</span> <span class='ocrx_word' id='word_1_171' title='bbox 799 2182 859 2242; x_wconf 92' lang='lat' dir='ltr'>quo</span> <span class='ocrx_word' id='word_1_172' title='bbox 882 2166 1060 2245; x_wconf 81' lang='lat' dir='ltr'>exsequitur</span> 
     </span>
     <span class='ocr_line' id='line_1_24' title="bbox 136 2244 1058 2326; baseline 0.002 -20"><span class='ocrx_word' id='word_1_173' title='bbox 136 2245 264 2326; x_wconf 82' lang='lat' dir='ltr'>Spiritus</span> <span class='ocrx_word' id='word_1_174' title='bbox 286 2247 425 2313; x_wconf 88' lang='lat' dir='ltr'>meritum</span> <span class='ocrx_word' id='word_1_175' title='bbox 450 2244 576 2323; x_wconf 78' lang='lat' dir='ltr'>Christi,</span> <span class='ocrx_word' id='word_1_176' title='bbox 609 2246 747 2307; x_wconf 89' lang='lat' dir='ltr'>similiter</span> <span class='ocrx_word' id='word_1_177' title='bbox 774 2251 805 2317; x_wconf 82' lang='lat' dir='ltr'>et</span> <span class='ocrx_word' id='word_1_178' title='bbox 827 2245 1058 2310; x_wconf 73' lang='lat' dir='ltr'>Sacramentum</span> 
     </span>
     <span class='ocr_line' id='line_1_25' title="bbox 105 2326 1087 2410; baseline 0.005 -22"><span class='ocrx_word' id='word_1_179' title='bbox 105 2356 108 2363; x_wconf 93' lang='lat'>·</span> <span class='ocrx_word' id='word_1_180' title='bbox 136 2335 167 2388; x_wconf 88' lang='lat' dir='ltr'>et</span> <span class='ocrx_word' id='word_1_181' title='bbox 195 2327 400 2410; x_wconf 82' lang='lat' dir='ltr'>praedicator.</span> <span class='ocrx_word' id='word_1_182' title='bbox 450 2326 511 2389; x_wconf 89' lang='lat' dir='ltr'>Sed</span> <span class='ocrx_word' id='word_1_183' title='bbox 539 2328 862 2390; x_wconf 83' lang='lat' dir='ltr'>formalisiustifioatio</span> <span class='ocrx_word' id='word_1_184' title='bbox 879 2331 1060 2410; x_wconf 86' lang='lat' dir='ltr'>relinquitur</span> <span class='ocrx_word' id='word_1_185' title='bbox 1084 2386 1087 2393; x_wconf 94' lang='lat'>.</span> 
     </span>
     <span class='ocr_line' id='line_1_26' title="bbox 132 2410 1059 2493; baseline 0.005 -23"><span class='ocrx_word' id='word_1_186' title='bbox 132 2411 194 2473; x_wconf 87' lang='lat' dir='ltr'>soli</span> <span class='ocrx_word' id='word_1_187' title='bbox 215 2411 297 2488; x_wconf 86' lang='lat' dir='ltr'>fidei,</span> <span class='ocrx_word' id='word_1_188' title='bbox 319 2430 387 2472; x_wconf 88' lang='lat' dir='ltr'>oum</span> <span class='ocrx_word' id='word_1_189' title='bbox 410 2410 551 2471; x_wconf 87' lang='lat' dir='ltr'>sinefide</span> <span class='ocrx_word' id='word_1_190' title='bbox 572 2412 737 2487; x_wconf 87' lang='lat' dir='ltr'>neoDeus,</span> <span class='ocrx_word' id='word_1_191' title='bbox 759 2431 817 2473; x_wconf 91' lang='lat' dir='ltr'>ueo</span> <span class='ocrx_word' id='word_1_192' title='bbox 833 2410 980 2493; x_wconf 83' lang='lat' dir='ltr'>Christus,</span> <span class='ocrx_word' id='word_1_193' title='bbox 1000 2433 1059 2475; x_wconf 88' lang='lat' dir='ltr'>neo</span> 
     </span>
    </p>
   </div>
   <div class='ocr_carea' id='block_1_7' title="bbox 24 2494 1058 2578">
    <p class='ocr_par' dir='ltr' id='par_1_7' title="bbox 24 2494 1058 2578">
     <span class='ocr_line' id='line_1_27' title="bbox 24 2494 1058 2578; baseline 0.009 -29"><span class='ocrx_word' id='word_1_194' title='bbox 24 2542 28 2549; x_wconf 92' lang='lat'>.</span> <span class='ocrx_word' id='word_1_195' title='bbox 98 2552 101 2559; x_wconf 84' lang='grc'>,</span> <span class='ocrx_word' id='word_1_196' title='bbox 134 2494 215 2555; x_wconf 84' lang='lat' dir='ltr'>atiud</span> <span class='ocrx_word' id='word_1_197' title='bbox 249 2494 411 2575; x_wconf 88' lang='lat' dir='ltr'>quidquam</span> <span class='ocrx_word' id='word_1_198' title='bbox 443 2495 540 2575; x_wconf 85' lang='lat' dir='ltr'>prosit</span> <span class='ocrx_word' id='word_1_199' title='bbox 572 2494 795 2558; x_wconf 84' lang='lat' dir='ltr'>adinstitiam.</span> <span class='ocrx_word' id='word_1_200' title='bbox 840 2496 1058 2578; x_wconf 83' lang='lat' dir='ltr'>Deoperibus</span> 
     </span>
    </p>
   </div>
   <div class='ocr_carea' id='block_1_8' title="bbox 91 2575 1058 2808">
    <p class='ocr_par' dir='ltr' id='par_1_8' title="bbox 91 2575 1058 2808">
     <span class='ocr_line' id='line_1_28' title="bbox 91 2575 1058 2663; baseline 0.005 -26"><span class='ocrx_word' id='word_1_201' title='bbox 91 2614 95 2625; x_wconf 93' lang='lat'>·</span> <span class='ocrx_word' id='word_1_202' title='bbox 135 2585 257 2658; x_wconf 79' lang='lat' dir='ltr'>autem,</span> <span class='ocrx_word' id='word_1_203' title='bbox 281 2585 314 2639; x_wconf 94' lang='lat' dir='ltr'>ut</span> <span class='ocrx_word' id='word_1_204' title='bbox 334 2578 499 2640; x_wconf 86' lang='lat' dir='ltr'>iustifleare</span> <span class='ocrx_word' id='word_1_205' title='bbox 520 2575 580 2638; x_wconf 87' lang='lat' dir='ltr'>diei</span> <span class='ocrx_word' id='word_1_206' title='bbox 602 2580 738 2659; x_wconf 88' lang='lat' dir='ltr'>possint,</span> <span class='ocrx_word' id='word_1_207' title='bbox 769 2578 832 2639; x_wconf 90' lang='lat' dir='ltr'>dixi</span> <span class='ocrx_word' id='word_1_208' title='bbox 853 2581 883 2639; x_wconf 92' lang='lat' dir='ltr'>in</span> <span class='ocrx_word' id='word_1_209' title='bbox 908 2579 1058 2663; x_wconf 80' lang='lat' dir='ltr'>Sermone</span> 
     </span>
     <span class='ocr_line' id='line_1_29' title="bbox 134 2661 947 2744; baseline 0.009 -21"><span class='ocrx_word' id='word_1_210' title='bbox 134 2662 173 2723; x_wconf 86' lang='lat' dir='ltr'>da</span> <span class='ocrx_word' id='word_1_211' title='bbox 194 2662 370 2723; x_wconf 84' lang='lat' dir='ltr'>Mammone</span> <span class='ocrx_word' id='word_1_212' title='bbox 391 2661 567 2741; x_wconf 83' lang='lat' dir='ltr'>iniquitatis.</span> <span class='ocrx_word' id='word_1_213' title='bbox 651 2670 679 2695; x_wconf 77' lang='lat'>*&#39;</span> <span class='ocrx_word' id='word_1_214' title='bbox 823 2674 825 2681; x_wconf 82' lang='grc'>’</span> <span class='ocrx_word' id='word_1_215' title='bbox 939 2737 947 2744; x_wconf 22' lang='grc' dir='ltr'>ἡ</span> 
     </span>
     <span class='ocr_line' id='line_1_30' title="bbox 91 2743 1057 2808; baseline 0.006 -6"><span class='ocrx_word' id='word_1_216' title='bbox 91 2752 122 2777; x_wconf 92' lang='grc'>·“·</span> <span class='ocrx_word' id='word_1_217' title='bbox 215 2746 301 2807; x_wconf 84' lang='lat' dir='ltr'>Haeo</span> <span class='ocrx_word' id='word_1_218' title='bbox 321 2746 401 2805; x_wconf 90' lang='lat' dir='ltr'>serio</span> <span class='ocrx_word' id='word_1_219' title='bbox 424 2744 505 2804; x_wconf 86' lang='lat' dir='ltr'>diota</span> <span class='ocrx_word' id='word_1_220' title='bbox 526 2743 600 2805; x_wconf 87' lang='lat' dir='ltr'>satis</span> <span class='ocrx_word' id='word_1_221' title='bbox 622 2744 692 2807; x_wconf 86' lang='lat' dir='ltr'>sint.</span> <span class='ocrx_word' id='word_1_222' title='bbox 736 2744 935 2806; x_wconf 82' lang='lat' dir='ltr'>Revertamur</span> <span class='ocrx_word' id='word_1_223' title='bbox 956 2744 996 2807; x_wconf 89' lang='lat' dir='ltr'>ad</span> <span class='ocrx_word' id='word_1_224' title='bbox 1015 2747 1057 2808; x_wconf 89' lang='lat' dir='ltr'>lu·</span> 
     </span>
    </p>
   </div>
   <div class='ocr_carea' id='block_1_9' title="bbox 15 2819 1056 2991">
    <p class='ocr_par' dir='ltr' id='par_1_9' title="bbox 15 2819 1056 2991">
     <span class='ocr_line' id='line_1_31' title="bbox 15 2819 1056 2903; baseline 0.004 -16"><span class='ocrx_word' id='word_1_225' title='bbox 15 2862 18 2867; x_wconf 94' lang='lat'><em>-</em></span> <span class='ocrx_word' id='word_1_226' title='bbox 135 2828 256 2903; x_wconf 83' lang='lat' dir='ltr'>dentem</span> <span class='ocrx_word' id='word_1_227' title='bbox 291 2846 390 2888; x_wconf 89' lang='lat' dir='ltr'>meam</span> <span class='ocrx_word' id='word_1_228' title='bbox 419 2824 602 2887; x_wconf 87' lang='lat' dir='ltr'>testudinem</span> <span class='ocrx_word' id='word_1_229' title='bbox 633 2832 668 2886; x_wconf 76' lang='lat' dir='ltr'>st·</span> <span class='ocrx_word' id='word_1_230' title='bbox 685 2819 839 2889; x_wconf 77' lang='lat' dir='ltr'>coronidis</span> <span class='ocrx_word' id='word_1_231' title='bbox 863 2831 930 2890; x_wconf 86' lang='lat' dir='ltr'>vioe</span> <span class='ocrx_word' id='word_1_232' title='bbox 954 2829 1056 2891; x_wconf 83' lang='lat' dir='ltr'>videa·</span> 
     </span>
     <span class='ocr_line' id='line_1_32' title="bbox 22 2906 817 2991; baseline 0.003 -20"><span class='ocrx_word' id='word_1_233' title='bbox 22 2970 26 2979; x_wconf 85' lang='grc'>,</span> <span class='ocrx_word' id='word_1_234' title='bbox 133 2931 210 2991; x_wconf 86' lang='lat' dir='ltr'>mus,</span> <span class='ocrx_word' id='word_1_235' title='bbox 233 2918 266 2971; x_wconf 89' lang='lat' dir='ltr'>ut</span> <span class='ocrx_word' id='word_1_236' title='bbox 287 2911 448 2971; x_wconf 87' lang='lat' dir='ltr'>Luthsrum</span> <span class='ocrx_word' id='word_1_237' title='bbox 472 2908 589 2969; x_wconf 87' lang='lat' dir='ltr'>dooest</span> <span class='ocrx_word' id='word_1_238' title='bbox 604 2906 817 2973; x_wconf 83' lang='lat' dir='ltr'>Distentioam.</span> 
     </span>
    </p>
   </div>
   <div class='ocr_carea' id='block_1_10' title="bbox 54 3401 633 3471">
    <p class='ocr_par' dir='ltr' id='par_1_10' title="bbox 54 3401 633 3471">
     <span class='ocr_line' id='line_1_33' title="bbox 54 3401 633 3471; baseline -0.007 0"><span class='ocrx_word' id='word_1_239' title='bbox 54 3401 57 3409; x_wconf 49' lang='lat'>⁸</span> <span class='ocrx_word' id='word_1_240' title='bbox 95 3404 98 3409; x_wconf 67' lang='grc'><strong>’</strong></span> <span class='ocrx_word' id='word_1_241' title='bbox 132 3409 253 3471; x_wconf 88' lang='lat' dir='ltr'>dioens:</span> <span class='ocrx_word' id='word_1_242' title='bbox 298 3408 356 3470; x_wconf 92' lang='lat' dir='ltr'>Ubi</span> <span class='ocrx_word' id='word_1_243' title='bbox 389 3409 470 3469; x_wconf 87' lang='lat' dir='ltr'>hano</span> <span class='ocrx_word' id='word_1_244' title='bbox 503 3407 633 3469; x_wconf 89' lang='lat' dir='ltr'>didioisti</span> 
     </span>
    </p>
   </div>
   <div class='ocr_carea' id='block_1_11' title="bbox 105 2992 1058 3655">
    <p class='ocr_par' dir='ltr' id='par_1_11' title="bbox 105 2992 1058 3655">
     <span class='ocr_line' id='line_1_34' title="bbox 105 2992 1058 3073; baseline 0.007 -24"><span class='ocrx_word' id='word_1_245' title='bbox 105 3044 108 3049; x_wconf 90' lang='lat'><em>.</em></span> <span class='ocrx_word' id='word_1_246' title='bbox 195 2993 273 3056; x_wconf 93' lang='lat' dir='ltr'>·Ubi</span> <span class='ocrx_word' id='word_1_247' title='bbox 301 2993 585 3054; x_wconf 80' lang='lat' dir='ltr'>iuAssertio‘nibus</span> <span class='ocrx_word' id='word_1_248' title='bbox 608 2995 683 3052; x_wconf 90' lang='lat' dir='ltr'>meis</span> <span class='ocrx_word' id='word_1_249' title='bbox 706 2993 784 3068; x_wconf 84' lang='lat' dir='ltr'>dixi,</span> <span class='ocrx_word' id='word_1_250' title='bbox 800 2992 939 3073; x_wconf 71' lang='lat' dir='ltr'>,Paulum</span> <span class='ocrx_word' id='word_1_251' title='bbox 975 3014 1058 3057; x_wconf 86' lang='lat' dir='ltr'>asse·</span> 
     </span>
     <span class='ocr_line' id='line_1_35' title="bbox 120 3074 1057 3157; baseline 0.002 -20"><span class='ocrx_word' id='word_1_252' title='bbox 120 3082 210 3157; x_wconf 69' lang='lat' dir='ltr'>frere,</span> <span class='ocrx_word' id='word_1_253' title='bbox 227 3096 292 3147; x_wconf 69' lang='lat' dir='ltr'>‚nos</span> <span class='ocrx_word' id='word_1_254' title='bbox 314 3076 375 3136; x_wconf 87' lang='lat' dir='ltr'>fide</span> <span class='ocrx_word' id='word_1_255' title='bbox 397 3074 570 3156; x_wconf 79' lang='lat' dir='ltr'>iustificari,</span> <span class='ocrx_word' id='word_1_256' title='bbox 600 3074 712 3137; x_wconf 87' lang='lat' dir='ltr'>sdieoi:</span> <span class='ocrx_word' id='word_1_257' title='bbox 755 3077 824 3137; x_wconf 85' lang='lat' dir='ltr'>Non</span> <span class='ocrx_word' id='word_1_258' title='bbox 847 3077 921 3137; x_wconf 88' lang='lat' dir='ltr'>dieit</span> <span class='ocrx_word' id='word_1_259' title='bbox 943 3078 1057 3139; x_wconf 85' lang='lat' dir='ltr'>Paulus</span> 
     </span>
     <span class='ocr_line' id='line_1_36' title="bbox 132 3156 1058 3240; baseline 0.001 -18"><span class='ocrx_word' id='word_1_260' title='bbox 132 3181 189 3222; x_wconf 89' lang='lat' dir='ltr'>uos</span> <span class='ocrx_word' id='word_1_261' title='bbox 219 3159 419 3222; x_wconf 83' lang='lat' dir='ltr'>Saoramento</span> <span class='ocrx_word' id='word_1_262' title='bbox 442 3156 608 3227; x_wconf 76' lang='lat' dir='ltr'>iustificari.</span> <span class='ocrx_word' id='word_1_263' title='bbox 650 3158 708 3219; x_wconf 86' lang='lat' dir='ltr'>Hie</span> <span class='ocrx_word' id='word_1_264' title='bbox 720 3160 852 3235; x_wconf 87' lang='lat' dir='ltr'>testudo,</span> <span class='ocrx_word' id='word_1_265' title='bbox 876 3161 962 3240; x_wconf 85' lang='lat' dir='ltr'>quasi</span> <span class='ocrx_word' id='word_1_266' title='bbox 974 3164 1058 3223; x_wconf 82' lang='lat' dir='ltr'>esset</span> 
     </span>
     <span class='ocr_line' id='line_1_37' title="bbox 133 3242 1058 3322; baseline -0.001 -17"><span class='ocrx_word' id='word_1_267' title='bbox 133 3245 315 3305; x_wconf 84' lang='lat' dir='ltr'>Distentioes</span> <span class='ocrx_word' id='word_1_268' title='bbox 336 3243 439 3321; x_wconf 86' lang='lat' dir='ltr'>aliqua</span> <span class='ocrx_word' id='word_1_269' title='bbox 460 3248 547 3321; x_wconf 91' lang='lat' dir='ltr'>parte</span> <span class='ocrx_word' id='word_1_270' title='bbox 569 3242 681 3322; x_wconf 85' lang='lat' dir='ltr'>perita,</span> <span class='ocrx_word' id='word_1_271' title='bbox 707 3249 841 3304; x_wconf 88' lang='lat' dir='ltr'>ostentat</span> <span class='ocrx_word' id='word_1_272' title='bbox 860 3262 979 3305; x_wconf 75' lang='lat' dir='ltr'>‚cornua</span> <span class='ocrx_word' id='word_1_273' title='bbox 1000 3263 1058 3304; x_wconf 90' lang='lat' dir='ltr'>sua</span> 
     </span>
     <span class='ocr_line' id='line_1_38' title="bbox 133 3324 1056 3469; baseline 0 -82"><span class='ocrx_word' id='word_1_274' title='bbox 133 3327 259 3406; x_wconf 81' lang='lat' dir='ltr'>putehrs</span> <span class='ocrx_word' id='word_1_275' title='bbox 287 3333 316 3387; x_wconf 89' lang='lat' dir='ltr'>et</span> <span class='ocrx_word' id='word_1_276' title='bbox 338 3332 439 3387; x_wconf 87' lang='lat' dir='ltr'>tamen</span> <span class='ocrx_word' id='word_1_277' title='bbox 469 3331 628 3386; x_wconf 79' lang='lat' dir='ltr'>cornutum</span> <span class='ocrx_word' id='word_1_278' title='bbox 648 3324 864 3469; x_wconf 65' lang='lat' dir='ltr'>slpthgisrnum</span> <span class='ocrx_word' id='word_1_279' title='bbox 888 3346 949 3388; x_wconf 93' lang='lat' dir='ltr'>non</span> <span class='ocrx_word' id='word_1_280' title='bbox 973 3324 1056 3469; x_wconf 59' lang='lat' dir='ltr'>ipsit,</span> 
     </span>
     <span class='ocr_line' id='line_1_39' title="bbox 123 3409 1056 3576; baseline -0.001 -22"><span class='ocrx_word' id='word_1_281' title='bbox 123 3494 294 3576; x_wconf 25' lang='lat' dir='ltr'>‚autoritate</span> <span class='ocrx_word' id='word_1_282' title='bbox 316 3493 457 3574; x_wconf 84' lang='lat' dir='ltr'>negative</span> <span class='ocrx_word' id='word_1_283' title='bbox 479 3491 564 3552; x_wconf 91' lang='lat' dir='ltr'>duois</span> <span class='ocrx_word' id='word_1_284' title='bbox 589 3414 878 3571; x_wconf 57' lang='lat' dir='ltr'>eonseddreeddddamnd’</span> <span class='ocrx_word' id='word_1_285' title='bbox 903 3429 973 3561; x_wconf 64' lang='lat' dir='ltr'>ddd</span> <span class='ocrx_word' id='word_1_286' title='bbox 1011 3409 1056 3553; x_wconf 75' lang='lat' dir='ltr'>dib·</span> 
     </span>
     <span class='ocr_line' id='line_1_40' title="bbox 131 3573 1054 3655; baseline -0.001 -18"><span class='ocrx_word' id='word_1_287' title='bbox 131 3577 186 3637; x_wconf 85' lang='lat' dir='ltr'>cit:</span> <span class='ocrx_word' id='word_1_288' title='bbox 208 3576 356 3637; x_wconf 84' lang='lat' dir='ltr'>Lutherus</span> <span class='ocrx_word' id='word_1_289' title='bbox 378 3595 439 3636; x_wconf 92' lang='lat' dir='ltr'>non</span> <span class='ocrx_word' id='word_1_290' title='bbox 463 3581 511 3636; x_wconf 89' lang='lat' dir='ltr'>est</span> <span class='ocrx_word' id='word_1_291' title='bbox 532 3573 636 3651; x_wconf 89' lang='lat' dir='ltr'>homo,</span> <span class='ocrx_word' id='word_1_292' title='bbox 659 3593 733 3654; x_wconf 84' lang='lat' dir='ltr'>ergo</span> <span class='ocrx_word' id='word_1_293' title='bbox 758 3581 804 3636; x_wconf 90' lang='lat' dir='ltr'>est</span> <span class='ocrx_word' id='word_1_294' title='bbox 825 3576 939 3640; x_wconf 63' lang='lat' dir='ltr'>asinus,</span> <span class='ocrx_word' id='word_1_295' title='bbox 967 3575 1054 3655; x_wconf 76' lang='lat' dir='ltr'>Quis,</span> 
     </span>
    </p>
   </div>
   <div class='ocr_carea' id='block_1_12' title="bbox 38 3657 1054 3741">
    <p class='ocr_par' dir='ltr' id='par_1_12' title="bbox 38 3657 1054 3741">
     <span class='ocr_line' id='line_1_41' title="bbox 38 3657 1054 3741; baseline -0.001 -21"><span class='ocrx_word' id='word_1_296' title='bbox 38 3682 41 3687; x_wconf 86' lang='lat'>·</span> <span class='ocrx_word' id='word_1_297' title='bbox 130 3678 218 3740; x_wconf 84' lang='lat' dir='ltr'>rogo,</span> <span class='ocrx_word' id='word_1_298' title='bbox 241 3678 301 3720; x_wconf 95' lang='lat' dir='ltr'>non</span> <span class='ocrx_word' id='word_1_299' title='bbox 326 3659 364 3721; x_wconf 94' lang='lat' dir='ltr'>ad</span> <span class='ocrx_word' id='word_1_300' title='bbox 377 3659 522 3720; x_wconf 88' lang='lat' dir='ltr'>exstasim</span> <span class='ocrx_word' id='word_1_301' title='bbox 544 3659 668 3719; x_wconf 88' lang='lat' dir='ltr'>miretur</span> <span class='ocrx_word' id='word_1_302' title='bbox 679 3657 841 3719; x_wconf 89' lang='lat' dir='ltr'>testudinis</span> <span class='ocrx_word' id='word_1_303' title='bbox 864 3665 925 3719; x_wconf 84' lang='lat' dir='ltr'>tam</span> <span class='ocrx_word' id='word_1_304' title='bbox 949 3667 1054 3741; x_wconf 84' lang='lat' dir='ltr'>aptum</span> 
     </span>
    </p>
   </div>
   <div class='ocr_carea' id='block_1_13' title="bbox 110 3734 1055 3833">
    <p class='ocr_par' dir='ltr' id='par_1_13' title="bbox 110 3734 1055 3833">
     <span class='ocr_line' id='line_1_42' title="bbox 110 3734 1055 3833; baseline 0.005 -26"><span class='ocrx_word' id='word_1_305' title='bbox 110 3749 162 3833; x_wconf 21' lang='lat' dir='ltr'>&#39;et</span> <span class='ocrx_word' id='word_1_306' title='bbox 195 3750 335 3831; x_wconf 83' lang='lat' dir='ltr'>argutum</span> <span class='ocrx_word' id='word_1_307' title='bbox 368 3741 550 3808; x_wconf 67' lang='lat' dir='ltr'>elenchum?</span> <span class='ocrx_word' id='word_1_308' title='bbox 593 3741 678 3807; x_wconf 73' lang='lat' dir='ltr'>Haeo</span> <span class='ocrx_word' id='word_1_309' title='bbox 700 3741 818 3807; x_wconf 72' lang='lat' dir='ltr'>seilicet</span> <span class='ocrx_word' id='word_1_310' title='bbox 840 3747 888 3807; x_wconf 87' lang='lat' dir='ltr'>est</span> <span class='ocrx_word' id='word_1_311' title='bbox 908 3740 961 3806; x_wconf 91' lang='lat' dir='ltr'>illa</span> <span class='ocrx_word' id='word_1_312' title='bbox 981 3734 1055 3811; x_wconf 66' lang='lat' dir='ltr'>Die</span> 
     </span>
    </p>
   </div>
   <div class='ocr_carea' id='block_1_14' title="bbox 0 0 1178 4162">
    <p class='ocr_par' dir='ltr' id='par_1_14' title="bbox 0 0 1178 4162">
     <span class='ocr_line' id='line_1_43' title="bbox 0 0 1178 4162; baseline 0 1"><span class='ocrx_word' id='word_1_313' title='bbox 0 0 1178 4162; x_wconf 95' lang='lat' dir='ltr'> </span> 
     </span>
    </p>
   </div>
  </div>
 </body>
</html>
