2348 4162
340 219 377 275 ad
396 219 430 277 D.
449 221 592 278 Erasmm
610 221 835 280 Rotsrodamum.
989 222 1051 291 337

121 389 304 471 gressionos
328 392 463 473 (inquit)
487 411 550 455 non
573 392 695 473 quidem
715 395 914 479 coemendas,
936 394 1053 457 utHis-

122 491 274 554 ronymus
297 476 453 556 somniat,
475 495 544 537 oum
567 476 678 537 Paulus
701 475 834 557 disputet
861 479 922 539 hoo
942 479 1051 539 semini
1167 474 1171 481 “

122 554 227 618 futuro
250 559 445 640 promissum,
468 566 500 620 ut
514 567 645 641 peooata
666 559 756 621 tollat
778 568 809 622 et
832 567 976 624 ooeroeat
998 562 1051 624 do·

123 645 200 699 nata
220 640 345 721 iustitia,
367 641 421 703 ssd
444 653 570 723 propter
591 645 854 723 transgressiones
881 644 1051 726 augendas,

123 730 160 782 ut
182 721 222 783 sd
244 722 333 791 Rom.
356 728 386 791 5.
410 725 499 786 dioit:
521 725 589 788 Lex
610 726 806 809 subintravit,
829 734 862 789 ut
883 727 1053 790 abundaret

123 811 306 886 peooatum3
327 826 390 871 non
413 808 496 889 qnod
524 829 586 871 non
608 808 717 871 fierent
745 818 798 872 aut
826 830 891 872 non
917 810 1051 872 abnnda-

122 895 195 953 rent
214 897 342 970 peooata
363 893 430 952 sine
452 893 536 973 lege,
558 893 613 955 sed
636 892 720 973 quod
741 913 804 955 non
827 913 1052 976 oognosooren·

123 980 176 1032 tur
196 991 265 1033 esse
287 977 560 1056 transgressiones,
584 982 637 1036 aut
657 984 787 1057 peooata
820 985 882 1039 tam
912 974 1053 1059 gandia,

84 1120 89 1127 ,
123 1054 182 1116 ssd
204 1056 335 1135 plurima
355 1065 387 1119 et
408 1059 542 1119 maxima
564 1078 620 1139 pro
639 1060 756 1120 iustitia
778 1059 971 1123 haberentur.
1005 1063 1052 1141 tg-

123 1140 209 1199 notis
231 1145 333 1201 antem
346 1143 482 1222 peooatis
505 1142 605 1202 nullos
627 1150 674 1203 est
693 1138 821 1204 remedii
843 1145 929 1206 loous
952 1161 1052 1223 nequo

122 1239 209 1302 spes,
231 1241 269 1283 eo
291 1224 374 1303 quod
396 1242 458 1284 non
479 1225 578 1287 ferant
599 1245 722 1287 manum
735 1226 896 1306 medentis,
919 1234 951 1288 ut
973 1245 1052 1307 quae

123 1304 185 1365 sibi
207 1323 284 1366 sana
306 1307 447 1369 videntur
475 1327 576 1388 neque
608 1327 700 1389 egere
722 1310 854 1373 medico.
901 1308 978 1372 Ideo
1001 1329 1052 1371 ns·

123 1388 261 1449 sessoria
282 1396 330 1450 est
350 1391 412 1471 lex,
436 1409 516 1470 quae
537 1390 677 1454 notifiost
699 1399 870 1472 peooatum,
892 1401 926 1454 ut
946 1395 1051 1473 nequi·

123 1472 170 1531 tia
191 1476 222 1531 et
244 1473 454 1555 magnitudine
486 1475 552 1536 eius
590 1477 715 1556 oognita
746 1476 921 1537 humilietur
947 1495 1052 1556 super-

123 1553 183 1614 bus
206 1560 238 1614 st
259 1574 352 1617 sanus
376 1558 434 1620 sibi
456 1558 539 1621 visus
562 1557 678 1635 homo,
710 1563 742 1620 et
769 1560 898 1640 gratiam
921 1560 1053 1639 suspiret

123 1644 158 1697 et
179 1636 304 1699 anhelet
323 1640 354 1700 in
377 1640 498 1702 Christo
520 1642 720 1722 propositam.

211 1720 291 1783 Vide
312 1742 409 1804 ergo,
438 1741 529 1804 quam
552 1725 685 1805 simplex
713 1725 826 1786 oratio:
859 1724 917 1785 Per
948 1723 1050 1804 legem
1088 1766 1091 1771 -

124 1804 264 1884 oognitio
287 1809 417 1886 peooati,
439 1813 470 1868 et
488 1815 591 1868 tamon
614 1809 766 1869 solasatis
788 1812 899 1889 potens
922 1806 1051 1868 liberum

124 1887 284 1949 arbitrium
316 1886 506 1951 contundere
537 1897 568 1951 et
589 1890 775 1955 subvertere.
832 1889 864 1952 Si
887 1890 970 1951 enim
992 1890 1052 1951 hoo

125 1989 231 2031 verum
255 1977 311 2051 est,
334 1973 418 2053 qnod
439 1993 473 2034 se
494 1973 562 2035 solo
584 1975 703 2055 nesoit,
735 1973 807 2053 quid
829 1975 869 2034 sit
889 1978 1050 2055 peooatum

124 2059 158 2115 st
178 2054 305 2136 malum,
327 2062 359 2115 nt
381 2062 412 2117 et
433 2056 483 2117 hio
504 2063 534 2117 et
556 2057 645 2123 Rom.
667 2062 686 2122 7
710 2057 800 2118 dioit:
822 2056 1049 2137 Concupiscen-

125 2137 199 2197 tiam
223 2137 399 2199 nesoiebam
432 2159 501 2201 esse
528 2148 688 2221 peooatum
702 2186 712 2221 ‚
745 2142 803 2201 nisi
835 2139 887 2200 lex
921 2141 1051 2203 dioerst:

124 2218 196 2281 Non
220 2222 439 2303 oonoupisoes,
468 2224 624 2303 quomodo
647 2242 783 2303 unquam
805 2224 897 2301 suist,
919 2222 991 2302 quid
1012 2222 1053 2282 sit

124 2303 242 2363 institia
264 2310 296 2364 et
322 2304 460 2366 bonomi
509 2309 653 2386 Ignorata
678 2305 795 2368 iustitia
821 2304 979 2385 quomodo
1002 2324 1052 2366 oo·

125 2391 216 2447 uetur
238 2384 278 2447 ad
300 2388 390 2449 eam?
432 2389 620 2469 Peooatum,
641 2391 679 2449 'in
706 2407 768 2467 quo
791 2391 853 2449 nati
875 2405 998 2467 sumus,
1014 2386 1051 2448 in
1169 2458 1172 2463 ⁵

127 2486 188 2548 qno
212 2469 354 2550 vivimus,
378 2490 538 2533 movemur
559 2479 590 2533 st
611 2489 732 2551 sumus,
755 2473 817 2531 imo
841 2471 924 2551 quod
945 2472 975 2530 in
998 2489 1050 2531 no·

127 2552 173 2613 bis
197 2552 282 2635 vivit,
307 2561 411 2616 movet
432 2561 590 2635 etregnat,
613 2556 801 2635 ignoramus.
833 2553 1051 2634 usquemodo

125 2635 284 2715 iustitiam,
307 2655 387 2716 quae
408 2644 494 2699 extra
516 2657 573 2699 nos
594 2639 626 2706 in
649 2639 739 2700 ooeio
761 2643 870 2718 regnat
876 2684 886 2716 ‚
908 2655 1050 2697 nosoere·

126 2719 217 2781 mus?
260 2718 357 2781 Nimis
380 2722 470 2781 nimis
493 2720 567 2781 nihil
588 2722 704 2783 faciunt
737 2720 816 2782 haee
844 2718 926 2781 diota
963 2720 1051 2779 miss·

126 2822 191 2864 mm
215 2801 290 2864 iilud
314 2803 440 2866 liberum
463 2804 631 2872 arbitrium,

210 2885 264 2947 His
287 2887 332 2947 sio
362 2886 546 2950 habentibus
587 2888 770 2969 pronunoiat
795 2881 956 2967 Paulus*)
982 2902 1051 2945 oum

127 2969 220 3050 plena
240 2966 354 3032 fiducia
377 2978 408 3032 et
428 2972 592 3032 autoritate
614 2973 736 3033 dioens:
757 2969 847 3031 Nunc
867 2976 970 3030 autem
986 2969 1052 3028 sine

127 3053 196 3134 iege
218 3053 334 3115 iustitia
356 3054 414 3115 Dei
436 3054 664 3133 manifestatur,
695 3051 858 3115 testitioata
890 3073 908 3115 a
930 3052 1000 3132 lege
1022 3056 1053 3112 et

126 3136 297 3217 prophetis,
319 3138 443 3219 iustitia,
464 3139 606 3219 inquam,
629 3138 685 3199 Dsi
709 3156 764 3217 per
785 3135 876 3197 fidem
898 3136 928 3195 in
950 3135 1052 3196 Issum

127 3216 295 3297 Christum,
316 3221 347 3281 in
370 3241 478 3283 omnes
501 3230 532 3282 et
552 3241 643 3303 super
658 3238 775 3301 omnes,
799 3224 849 3299 qui
872 3216 1001 3278 orednnt
1022 3219 1052 3276 in

127 3320 207 3366 sum.
250 3302 321 3365 Non
344 3311 392 3366 est
414 3306 494 3366 enim
517 3304 682 3384 distinotio,
707 3321 814 3364 omnes
837 3301 918 3362 eninr
941 3318 1052 3380 peooa·

127 3393 236 3446 verunt
277 3394 307 3448 et
338 3394 450 3449 vaoant
470 3388 569 3469 gloria
590 3389 669 3467 Dei,
701 3384 857 3447 iustificati
878 3385 973 3464 gratis
996 3401 1052 3463 per

127 3470 257 3549 gratiam
279 3470 385 3552 ipsius,
407 3470 729 3553 perredemptionem‚
751 3487 831 3550 quae
854 3474 901 3530 est
922 3467 952 3527 in
965 3464 1050 3528 chri-

201 3736 232 3809 ‘)
253 3739 333 3795 Rom.
354 3740 381 3797 3.

153 3842 247 3887 aanor
263 3852 315 3893 opp.
328 3842 356 3884 v.
373 3842 401 3883 a.
415 3842 444 3882 ss
474 3842 517 3886 rar.
535 3841 586 3882 ua
599 3841 614 3881 ι,
628 3850 650 3890 p.
667 3837 717 3882 va.
732 3836 783 3881 vn.
878 3806 918 3873 22
