2348 4162
125 230 191 298 490
405 231 599 289 Praelationss
616 232 653 290 D.
671 233 706 288 hl.
727 233 758 289 ir

129 401 235 463 diebus
258 402 424 464 innumeris
455 409 486 465 et
510 409 635 466 eoaetns
665 402 809 465 dominari
833 421 913 480 oum
928 400 1046 463 infinitis

129 485 332 562 amatoribus,
355 506 409 547 seu
428 486 485 548 diis
509 487 631 569 olienis,
654 489 704 567 qui
727 507 786 548 neo
806 486 858 548 die
882 505 941 547 neo
961 488 1047 547 noste

129 570 172 629 eis
196 572 331 650 requiem
354 569 514 632 dederunt.

209 654 256 713 De
280 653 420 715 laudibus
443 672 516 715 vero
542 653 707 734 Augustini
727 651 803 713 nihil
825 653 887 714 hon
910 653 981 713 looo
1004 650 1046 711 di·

125 755 203 815 uam,
227 738 283 797 uisi
308 736 368 797 hoo
389 757 499 817 unum,
529 737 612 817 quod
636 737 828 817 experientia
851 735 961 796 doetus
984 752 1047 815 pos·

126 839 192 881 sum
217 820 367 883 affirmare
390 828 471 895 tuto,
495 827 566 900 post
588 840 691 881 saoras
714 820 818 881 literas
840 819 959 879 nullum
983 835 1046 879 esse

130 903 290 964 doetorem
312 905 343 964 in
366 904 505 979 eeclesia,
528 904 579 988 qui
601 904 640 964 sit
662 904 705 963 illi
727 901 933 964 conferendus
955 899 1047 962 erudi·

127 996 215 1050 tione
238 987 416 1052 Christiana.
461 986 538 1047 Aliis
572 1006 643 1047 suas
666 986 773 1047 laudes
800 986 961 1065 concedo,
994 984 1047 1044 sint

126 1071 286 1151 loquentes
309 1077 341 1130 ut
363 1069 617 1150 chrysostomus,
653 1069 747 1130 literis
779 1068 976 1129 secularibus
994 1069 1038 1127 in·.

126 1156 230 1215 structi
252 1159 285 1214 ut
306 1153 528 1233 Hieronymus,
560 1153 614 1214 sed
647 1154 678 1213 in
708 1152 849 1213 omnibus
872 1151 965 1212 simul
988 1150 1045 1212 ool·

127 1238 213 1298 lentis
235 1255 296 1297 non
319 1237 458 1297 invenies
480 1236 652 1315 dimidium,
675 1236 874 1316 quantumin
899 1234 968 1296 solo
991 1233 1045 1295 Au·

126 1322 260 1401 guatino.
305 1319 407 1394 Quare
435 1321 459 1379 si
493 1326 581 1399 potes
603 1327 634 1380 et
656 1319 708 1379 tibi
731 1324 830 1395 vaaat,
852 1326 926 1398 post
948 1336 1045 1378 saorns

126 1405 230 1464 literas
264 1402 344 1482 elige
380 1403 434 1463 tibi
467 1404 643 1482 magistrum
675 1402 758 1462 huno
779 1401 810 1463 S.
834 1401 1045 1483 Augustinum‚

127 1487 260 1547 maxime
284 1486 334 1546 ubi
357 1493 464 1545 eontra
486 1485 684 1566 Pelagianos,
706 1485 886 1547 Donatistas
910 1489 941 1545 et
954 1481 1045 1546 Mani-

127 1571 221 1631 aheos
258 1571 385 1649 pugnat.
428 1567 486 1628 Hio
515 1574 563 1628 est
595 1569 675 1629 enim
700 1568 745 1628 vir
767 1567 887 1629 solidae
909 1565 1045 1628 eruditio·

126 1655 173 1713 rris
195 1655 224 1711 in
249 1653 379 1714 Christo.
423 1650 524 1712 Habet
545 1671 620 1712 sane
642 1659 672 1711 et
692 1653 759 1731 ipse
782 1650 876 1711 libros
899 1650 1044 1732 quosdam

126 1738 157 1797 in
179 1737 329 1815 prinsipio
352 1753 428 1796 suae
448 1735 613 1795 sanationis
635 1736 776 1815 scriptos,
797 1733 852 1795 sed
874 1734 933 1796 hos
949 1733 1045 1814 legen·

52 1844 55 1849 ·
127 1818 184 1880 dos
207 1838 277 1879 esse
301 1836 430 1898 censeo,
470 1817 521 1878 ubi
553 1818 644 1878 horas
672 1816 798 1879 habebis
826 1816 999 1898 superfluas
1019 1821 1046 1877 et

126 1904 259 1978 otiosas,
287 1902 393 1982 quales
423 1919 483 1983 ego
513 1920 576 1962 non
599 1921 714 1981 pauens
742 1899 910 1981 aliquando
933 1898 1044 1982 perdidi

125 1987 156 2046 in
178 1986 384 2067 Hieronymo,
408 1983 631 2065 chrysostomo
654 1991 686 2046 et
706 1983 864 2046 similibus.
910 1981 1045 2060 Quodsi

126 2068 200 2129 mihi
222 2076 349 2148 experto
373 2087 435 2129 non
457 2067 566 2148 oredis,
589 2068 704 2149 poteris
717 2086 786 2128 mea
808 2066 933 2145 quidem
957 2083 1045 2127 eausa

125 2153 192 2231 ipse
213 2152 380 2232 perieulum
409 2151 510 2212 faeere
539 2160 570 2212 et
599 2159 709 2231 postea
736 2169 855 2210 meeum
878 2150 1044 2231 poenitere.

126 2235 276 2296 Dominus
301 2241 406 2295 noster
435 2233 547 2315 dirigat
579 2241 610 2296 et
642 2239 743 2295 servet
770 2253 827 2293 nos
850 2232 966 2314 Spiritu
993 2249 1043 2294 suo

125 2324 233 2380 saneto
256 2319 285 2377 in
309 2318 438 2398 gloriam
460 2336 546 2378 suam
569 2324 600 2379 et
621 2318 750 2378 salutem
766 2322 916 2381 nostram.
939 2316 1043 2378 Amen.

509 2565 547 2626 A.
570 2562 662 2630 1522.

99 2731 162 2815 ,2)
187 2731 390 2792 Praefatio
429 2731 466 2795 D.
489 2729 529 2792 Μ.
551 2727 756 2810 Luthsri1)
788 2730 826 2789 in
860 2729 958 2794 Phil.
984 2728 1043 2790 Ms-

124 2814 376 2875 lanohthonis
416 2813 713 2874 Annotationes
752 2813 788 2872 in
822 2812 1042 2894 Epistulam

124 2898 234 2957 Pauli
257 2896 302 2958 ad
323 2896 530 2974 Romanos,
563 2897 614 2975 qui
643 2896 720 2957 liber
742 2915 823 2958 anuo
848 2897 930 2960 1522
951 2896 1043 2956 insaio

125 2979 363 3042 Melanohthone
385 2999 403 3040 a
425 2979 557 3040 Luthero
581 2978 679 3040 editus
701 2990 747 3040 est
769 2980 825 3040 sub
848 2979 908 3041 hao
925 2980 1044 3059 inserip-

529 3063 630 3126 tione:

207 3179 433 3242 Annotationes
455 3178 588 3261 Philippi
609 3178 855 3241 Melanehthonis
882 3180 913 3240 iu
937 3180 1044 3261 episto

197 3465 228 3534 1)
249 3465 307 3520 Nos
334 3469 439 3520 textum
467 3463 638 3519 reddidimus
659 3460 809 3518 seeundum
828 3459 949 3531 Epistol.
969 3462 1047 3518 Luth.

124 3536 190 3591 edit.
210 3536 246 3591 ab
264 3535 415 3591 Auritahro
434 3536 467 3590 T.
486 3536 513 3589 Il
531 3552 559 3604 p.
578 3536 621 3601 87,
642 3534 702 3589 coll.
722 3549 783 3588 eum
802 3533 891 3602 Epist.
912 3533 991 3591 Loth
1004 3533 1046 3590 ed

124 3609 298 3664 adeWettio
334 3609 366 3664 T.
397 3607 422 3662 Il
456 3623 484 3676 p.
515 3609 577 3664 238.
628 3605 791 3660 Germaniae
820 3604 948 3662 redditur
981 3605 1051 3677 hane,

123 3677 261 3749 praelatio
280 3680 308 3733 in
327 3680 370 3736 ed.
389 3678 495 3736 Waleh.
515 3678 589 3747 XIV,
610 3679 670 3735 195.
707 3676 788 3733 Isleh.
807 3677 827 3746 1,
848 3678 910 3736 108.
935 3677 1046 3735 Altenh.

124 3751 195 3822 llp.
214 3753 277 3810 205.
296 3751 371 3823 Lips.
389 3750 466 3807 xx11
483 3766 513 3821 p.
532 3752 576 3809 85.
