2348 4162
293 255 330 312 ad
348 255 382 312 D.
401 256 545 312 Erasmum
564 257 788 314 Roterodamum.
943 254 1007 324 233

76 433 212 513 possunt
232 447 356 491 currere
377 435 408 490 et
430 427 590 491 obtinere?
622 431 648 490 si
670 431 785 492 Caesar
807 431 913 494 vicerit
934 431 1008 491 Tur·

77 532 160 589 cam,
181 532 278 592 reguo
292 512 398 593 Syriae
421 516 563 593 potietur,
587 533 661 593 ergo
685 515 799 575 Caesar
820 520 923 594 potest
945 516 1008 575 vin·

79 616 163 673 cere,
185 603 217 657 et
236 597 329 659 vincit
350 597 496 675 Tuccam,
529 597 553 655 si
587 596 712 658 liberum
735 595 890 659 arbitrium
914 597 1009 657 domi·

78 684 171 740 natur
191 686 333 758 peccato,
355 684 494 739 sanctum
519 681 575 740 erit
597 680 747 757 Domino,
782 699 856 760 erga
879 679 1007 740 liberum

79 762 238 824 arbitrium
262 768 400 823 sanctum
433 768 480 823 est
500 763 644 825 Domina.
688 763 748 825 Sed
772 765 925 823 mittamus
948 765 1011 823 ista

78 846 172 908 nimis
193 863 298 905 crassa
336 849 367 906 et
389 845 490 925 palam
513 846 661 924 absurda,
683 848 741 907 nisi
765 846 847 926 quod
871 846 1008 928 dignissi-

79 948 166 991 mum
189 934 249 1004 est,
277 927 405 989 liberum
429 927 584 988 arbitrium
607 935 668 990 tam
691 930 826 1011 pulchris
848 948 1009 1010 argumen-

79 1015 119 1074 tis
142 1009 275 1093 probari.
319 1010 365 1071 De
387 1011 448 1073 hoc
469 1013 570 1091 potius
594 1011 745 1093 dicemus,
769 1013 851 1093 quad
873 1013 1010 1074 necessi·

79 1103 129 1157 tas
152 1111 253 1171 neque
284 1095 424 1156 meritum
456 1113 556 1174 neque
578 1096 749 1157 mercedem
773 1096 874 1158 babet.
917 1095 948 1157 Si
972 1094 1011 1155 de

78 1176 268 1240 necessitate
294 1179 464 1239 coactionis
494 1179 660 1260 loquimur,
698 1199 801 1241 verum
826 1186 888 1255 est,
925 1179 948 1238 si
972 1177 1011 1238 de

79 1262 270 1323 necessitate
306 1259 559 1322 immutabilitatis
602 1261 770 1342 loquimur,
812 1262 920 1322 falsum
954 1268 1010 1326 est.

80 1345 159 1420 Quis
180 1344 261 1405 enim
283 1344 379 1405 invito
404 1345 545 1421 operario
568 1344 739 1406 mercedem
763 1346 849 1406 daret
870 1352 923 1406 aut
950 1363 1011 1404 me·

79 1431 174 1488 ritum
196 1426 337 1505 reputet?
379 1426 492 1486 Verum
515 1427 563 1507 iis,
587 1429 638 1511 qui
660 1429 800 1489 valenter
819 1429 935 1489 faciunt
956 1428 1010 1489 bo-

79 1530 157 1571 num
179 1509 228 1569 vel
252 1510 382 1586 malum,
411 1510 503 1569 etiam
526 1511 550 1568 si
574 1510 653 1571 hanc
675 1511 862 1572 voluntatem
885 1513 947 1570 suis
970 1512 1012 1570 vi·

80 1593 168 1655 ribus
191 1599 310 1654 mutare
338 1590 566 1672 ncn'pcssunt,
602 1596 737 1672 sequitur
770 1593 948 1654 naturaliter
982 1600 1013 1653 et

80 1677 261 1738 necessario
282 1677 452 1757 praemium
477 1676 525 1735 vel
548 1695 659 1756 poena,
682 1678 760 1736 sicut
782 1678 926 1756 scriptum
950 1682 1012 1735 est:

79 1758 208 1822 dedes
230 1760 394 1837 unicuique
417 1757 585 1818 secundum
608 1777 704 1839 opera
720 1779 785 1820 sua.
828 1759 1014 1820 Naturaliter

81 1843 231 1922 sequitur,
254 1841 331 1902 siin
355 1860 465 1921 aquam
480 1842 637 1922 mergaris,
660 1840 869 1924 suffccaberis,
893 1845 917 1902 si
941 1859 1010 1904 ena

80 1926 208 1995 laveris,
232 1925 335 1984 salvus
352 1927 421 1984 eris.

135 2004 138 2009 ’
165 2008 207 2069 Eu
227 2013 261 2066 ut
283 2006 416 2068 breviter
437 2006 553 2083 dicam,
586 2009 616 2068 in
656 2010 764 2070 merito
800 2008 847 2069 vel
871 2007 1012 2067 mercede

80 2090 185 2172 agitur
205 2090 255 2151 vel
278 2088 316 2150 de
338 2088 503 2171 dignitate,
525 2090 575 2151 vel
599 2092 733 2170 sequela.
777 2089 811 2153 Si
834 2091 1010 2171 dignitatem

80 2180 218 2252 spectes,
240 2173 356 2232 nullum
380 2174 590 2250 estmeritum,
613 2174 837 2235 nullamerces.
880 2175 910 2233 ui
930 2176 1028 2243 enim,

80 2256 212 2318 liberum
240 2254 394 2316 arbitrium
426 2275 459 2316 se
482 2256 550 2317 sola
574 2276 636 2318 non
659 2264 763 2337 potest
784 2257 864 2318 velle
886 2256 1011 2334 benum,

79 2358 137 2419 per
159 2339 258 2400 solam
280 2357 354 2400 vero
377 2340 504 2419 gratiam
529 2339 592 2399 vult
606 2338 716 2400 bonum
741 2339 907 2422 (loquimur
930 2341 1009 2400 enim

79 2421 120 2483 de
143 2421 241 2484 libero
265 2421 406 2502 arbitrio,
437 2422 559 2482 seclusa
586 2424 684 2504 gratia
713 2430 744 2483 et
766 2424 921 2502 utriusque
943 2441 1011 2502 prc-

79 2506 179 2586 priam
203 2505 377 2583 quaerimus
398 2505 497 2583 vim),
520 2506 586 2583 quis
609 2523 671 2564 non
694 2505 793 2583 videt,
825 2505 920 2567 salius
943 2525 1010 2586 gra·

79 2591 144 2649 tiae
166 2604 236 2650 esse
258 2587 370 2648 bonam
394 2587 689 2667 illamvoluntatem,
712 2589 850 2652 meritum
875 2597 905 2647 et
926 2607 1010 2668 prae·

80 2670 197 2732 mium?
238 2668 341 2750 Atque
362 2672 470 2731 itemm
495 2669 544 2731 hic
559 2670 688 2732 diatriba
715 2671 771 2731 sibi
794 2672 851 2751 ipsi
874 2669 1011 2748 dissidet,

80 2753 154 2815 dum
178 2772 220 2813 ex
243 2754 350 2814 meritc
373 2755 473 2833 arguit
495 2753 664 2814 libertatem
688 2754 871 2830 voluntatis,
904 2761 1011 2832 estque

79 2854 213 2916 mecum,
237 2843 345 2898 contra
367 2855 458 2916 quem
481 2844 608 2917 pugnat,
630 2839 660 2898 in
682 2837 789 2898 eadem
804 2837 1010 2915 damnatione,

79 2920 210 2996 scilicet,
233 2918 315 2999 quod
338 2925 446 2980 contra
467 2921 564 2999 ipsam
588 2940 686 3000 aeque
708 2927 834 3002 pugnat,
858 2939 927 2982 esse
949 2938 1010 2980 me·

78 3004 182 3083 ritum,
206 3021 275 3063 esse
297 3002 481 3080 mercedem,
504 3003 766 3085 esselibertatem,
790 3022 858 3065 cum
881 3002 1009 3064 liberum

80 3086 239 3147 arbitrium
262 3091 381 3146 asserat
403 3087 543 3166 superius
566 3086 637 3147 nihil
661 3087 741 3147 velle
764 3086 853 3163 boni,
890 3106 926 3147 ac
948 3085 1010 3146 tale

78 3167 274 3251 probandum
297 3170 474 3249 susceperit.

165 3250 197 3312 Si
219 3252 377 3330 sequelam
392 3258 523 3332 spectes,
546 3251 621 3311 nihil
644 3257 700 3328 est,
723 3253 788 3312 sive
801 3251 927 3325 bonurn,
945 3250 1011 3311 sive

78 3333 214 3414 mulum,
248 3335 330 3415 quod
354 3354 416 3396 non
439 3355 525 3396 suam
548 3334 720 3395 mercedem
742 3334 864 3395 habeat,
908 3335 1009 3411 Atque

79 3435 169 3478 error
188 3416 261 3478 inde
282 3419 381 3496 venit,
405 3418 539 3497 quadiu
563 3419 677 3477 meritis
699 3425 729 3478 et
752 3418 897 3497 praemiis
920 3419 1010 3476 inuti·

77 3500 127 3561 las
150 3501 356 3582 cogitationes
390 3508 420 3561 et
452 3502 649 3581 quaestiones
672 3519 830 3561 versamus
854 3499 891 3559 de
914 3498 1009 3580 digni·

79 3587 156 3664 tate,
180 3602 260 3664 quaa
282 3584 366 3644 nulla
389 3589 446 3664 est,
469 3603 538 3645 cum
561 3583 599 3644 de
621 3584 689 3645 sola
703 3583 830 3663 sequela
854 3583 1010 3662 disputan-

77 3665 153 3727 dum
189 3667 242 3742 sit,
277 3672 381 3728 manet
413 3668 628 3748 enimimpios
657 3668 792 3729 infernus
814 3672 845 3726 et
864 3665 1008 3726 iudicium

78 3748 149 3828 Dei,
171 3751 349 3812 necessaria
361 3751 496 3830 sequela,
521 3752 639 3811 etiamsi
661 3752 720 3831 ipsi
732 3751 824 3811 talem
836 3748 1008 3811 mercedem
