2348 4162
368 252 456 310 virum
471 252 601 310 Occisum
620 252 656 309 u.
675 253 703 308 L.
760 248 767 259 ’
956 249 998 317 47

73 419 169 479 Mults
192 437 316 498 quoque
329 416 484 499 etSatana
503 437 622 498 passus,
646 434 706 496 quo
729 415 871 498 perderet
891 414 997 477 urbem

72 501 261 580 Inferretque
284 502 404 575 malum¹
419 500 536 582 studiis,
558 519 656 581 genus
678 505 759 560 unde
772 499 922 560 malorum

72 587 281 664 Errorunrque
292 585 406 664 Patres,
429 591 521 662 atque
543 587 596 645 alti
618 584 716 663 gloria
739 584 852 664 Papae.

155 667 188 728 Si
211 669 341 747 ineptire
353 667 458 727 videor
480 669 543 745 tibi,
566 669 605 726 mi
617 666 780 727 Guilielme
798 667 837 745 ¹),
859 685 913 747 pro
932 667 997 726 istis

71 752 328 828 Bacchanalibus,
352 751 464 847 cogita,
478 751 569 845 'quod
593 757 625 810 tu
648 751 720 809 milri
744 758 833 810 autor
854 769 887 810 es
910 751 998 809 huius

71 837 207 914 ineptiae
222 835 253 903 ²)
281 837 355 894 satis
376 835 570 918 imperiosus,
593 835 644 912 qui
666 853 714 893 me
737 834 789 893 tali
812 832 927 892 homiui
949 851 998 893 co-

71 920 118 999 gis
142 917 347 999 respondere,
370 936 459 995 quem
483 936 556 995 prae
579 916 686 977 morbo
709 916 802 977 animi
824 915 998 975 iamdudum

72 1007 176 1061 mente
200 1010 322 1079 captum
350 1019 419 1059 esse
445 1018 507 1059 ιιοιι
530 999 675 1059 solumt
663 1007 693 1059 tu
724 999 804 1059 belle
826 1000 906 1058 nosti
929 1016 997 1058 cum

71 1086 131 1144 tuis
161 1083 505 1162 Franoolordieusibus,
543 1083 658 1142 sedet
647 1084 829 1161 tipsemet
863 1081 998 1143 libellum

71 1169 155 1227 hunc
177 1168 263 1227 nulla
284 1162 403 1227 videtur
426 1185 520 1225 cauea
541 1165 683 1243 edidisse,
706 1185 797 1244 quam
820 1166 1000 1243 pimeniam

72 1270 160 1310 suam
185 1258 326 1311 testatam
349 1251 463 1309 laceret
485 1248 561 1309 orbi.

157 1333 238 1408 Quid
260 1343 307 1394 est
336 1335 415 1392 enim
440 1335 554 1397 iactare
577 1352 662 1393 arma
684 1335 833 1412 virorum,
856 1332 914 1392 nisi
936 1350 997 1391 ma-

71 1415 145 1476 nia?
189 1417 327 1493 Scilicet,
359 1424 523 1496 postquam
551 1435 606 1494 per
629 1435 677 1475 me
701 1418 848 1476 Dominus
871 1415 997 1495 Papam,
1086 1426 1089 1431 ’
1141 1446 1145 1453 ·

71 1500 269 1580 Episcopus,
284 1500 524 1562 Monasteriat
490 1507 524 1558 ιι1
545 1499 730 1559 Academias
753 1506 912 1576 totumque
924 1499 998 1558 illud

72 1583 369 1662 corpusBehemoth
393 1601 455 1642 non
478 1583 578 1641 solum
599 1586 759 1662 percussit,
782 1583 835 1642 sed
859 1589 890 1642 et
900 1600 1000 1662 paene

71 1669 133 1727 iam
156 1669 261 1747 palam
288 1667 423 1726 traduxit
411 1674 498 1745 tper
520 1667 641 1742 orbem,
671 1666 723 1724 illa
746 1664 867 1725 tandem
891 1666 1000 1724 festiva
1064 1731 1069 1738 ⁸

72 1756 104 1810 et
125 1750 238 1810 festina
267 1749 389 1810 testudo
427 1769 513 1808 arma
535 1713 668 1827 requirit
711 1748 796 1829 Papa
822 1750 914 1809 sentit
936 1746 999 1807 vul·

72 1853 147 1912 nus,
180 1834 322 1913 Papistae
344 1841 510 1930 queruntur
541 1851 629 1891 suum
653 1850 773 1908 casum,
805 1838 837 1891 et
866 1831 1000 1910 undique

72 1917 207 1997 plurima
230 1919 461 1996 mortisimago,
485 1923 516 1976 et
535 1916 587 1975 ille
603 1923 697 2010 negat
720 1916 790 1975 mihi
813 1913 999 1978 essearma?

72 2002 139 2060 imo
173 2011 207 2059 ut
236 2020 304 2059 cum
334 2003 443 2060 insano
467 1999 624 2059 cerebro
617 2001 782 2078 insaniam,
805 2001 831 2059 si
853 2019 914 2060 nou
937 1997 999 2058 lue·

72 2091 143 2142 runt
167 2084 239 2142 mihi
262 2102 367 2163 arina,
391 2081 463 2161 quid
485 2082 530 2141 sio
551 2081 680 2166 plorat?
697 2082 767 2161 quid
785 2082 904 2162 gemit?
927 2078 998 2160 quid

73 2167 168 2226 eiulat
190 2164 311 2227 testudo
334 2167 409 2245 ista,
445 2172 529 2224 tanta
558 2184 613 2245 per
635 2184 684 2225 me
706 2185 775 2225 esse
796 2164 895 2226 lacta?
939 2163 1000 2223 Gur
1103 2211 1104 2215 ,

73 2249 210 2328 queritur
232 2257 316 2310 tanto
339 2249 471 2328 ululatu,
499 2248 671 2328 Philippum
699 2268 768 2309 esse
791 2269 810 2308 a
832 2269 881 2311 me
902 2247 999 2326 perdi·

74 2342 154 2411 tum,
184 2351 274 2413 quem
307 2333 417 2392 tantis
404 2330 496 2391 facit?
539 2331 570 2392 Si
593 2333 672 2394 haec
693 2325 813 2428 stipulis
836 2339 867 2392 et
888 2331 1000 2411 plumis

74 2414 162 2476 effeci
192 2423 246 2478 aut
267 2416 357 2493 solis,
379 2415 460 2494 quod
497 2416 619 2497 insanit,
638 2417 801 2493 conviciis,
839 2434 892 2493 apr
914 2419 999 2474 tanto
1032 2466 1035 2470 ι
1135 2424 1140 2431 ’

74 2501 191 2595 impetu
224 2517 378 2559 armorum
411 2501 442 2559 1ιι
464 2518 514 2558 me
536 2462 652 2578 surgit?
696 2499 757 2563 Gur
778 2519 840 2562 uon
863 2504 1000 2559 contem·

74 2584 118 2642 nit
137 2582 255 2653 Hector
276 2584 334 2642 iste
363 2590 424 2642 tam
456 2583 604 2662 puerilem
632 2589 663 2641 et
691 2583 869 2642 muliebrem
892 2578 1000 2641 Luthe·

15 2716 17 2721 >
74 2665 337 2829 ΓιιῐῃῖΒιιὶιιάιι,
308 2749 349 2807 si
362 2747 623 2827 quidreliquum
616 2768 647 2809 ιιι
665 2768 702 2810 eo
718 2753 800 2809 esset
822 2747 899 2807 salvi
919 2764 1000 2807 cere
1061 2734 1065 2741 ’

75 2832 136 2911 bri,
171 2851 274 2892 secum
304 2835 473 2912 cogitasset
495 2831 645 2913 procul
636 2830 728 2893 dubio
755 2832 908 2893 fortunam
930 2831 1001 2891 hac'·
1016 2857 1019 2863 ·

23 2920 26 2924 “
76 2924 164 2976 tenus
195 2915 342 2987 adversus
376 2915 540 2989 Lutherum
577 2915 771 2996 bellantium,
813 2916 922 2996 quibus
961 2933 1001 2974 ne
1108 2906 1111 2910 ’

76 3000 178 3059 calam
210 3000 333 3079 quidem
364 3005 491 3080 tangere
518 3007 625 3078 posset
657 3004 709 3079 (ut
729 3005 855 3078 aiunt)
872 2996 1008 3059 ΟιιιΙειιι

71 3082 166 3145 istud.
209 3082 319 3143 Plccius
342 3087 434 3162 certe,
456 3082 690 3146 insoholastieis
713 3083 894 3143 erroribus
886 3100 999 3142 incom-

66 3166 222 3263 parabilis
250 3165 290 3226 ad
312 3165 477 3226 Dominum
506 3165 655 3248 coclear,
688 3167 799 3227 deinde
827 3175 859 3227 et
879 3164 1000 3245 pontifl-

77 3252 129 3312 ciis
152 3249 249 3309 Bullis
272 3257 303 3310 et
324 3248 438 3310 viribus
473 3267 687 3347 copsepsuque
719 3251 811 3311 totius
830 3247 1000 3310 Behemoth

77 3333 107 3392 in
130 3352 180 3392 me
203 3339 360 3428 grassatus
393 3331 468 3391 nihil
491 3333 547 3392 nisi
569 3334 769 3412 ignominiam
792 3334 904 3415 retulit.
933 3323 1001 3391 Hoc
1072 3385 1074 3389 .

78 3419 142 3476 sine
171 3417 263 3476 armis
297 3416 410 3476 factum
440 3415 589 3495 glorietur
610 3420 803 3498 popinarium
841 3415 920 3477 istud
944 3414 1000 3475 Oo-
1069 3430 1074 3481 .’

79 3499 169 3564 clear
193 3500 372 3561 Parisiensis
394 3498 563 3560 Academia
583 3503 628 3562 sic
649 3523 719 3564 sese
731 3502 897 3562 traduxit
891 3520 921 3559 ιιι
943 3498 1002 3557 hac
1060 3569 1064 3575 Ι
1123 3530 1146 3563 ·.

27 3656 30 3661 .
79 3601 187 3665 causa,
219 3591 253 3643 ut
280 3584 459 3669 immortalis
488 3587 528 3644 sit
554 3586 753 3667 impiissimae
775 3580 913 3648 ruditatis
936 3585 1001 3643 eius

149 3777 175 3849 1)
195 3776 227 3830 n
246 3771 290 3834 eo.
302 3780 364 3835 ιιι.
376 3763 527 3851 irriseris.
564 3778 597 3837 ιι
617 3774 702 3832 ιιι,
724 3772 883 3843 inspirandi.
