2348 4162
361 256 395 317 'st
412 257 555 315 doctrinae
572 259 737 331 papisticas'.
976 259 1017 328 29

95 449 193 510 genus
216 431 368 510 martyrii,
392 449 484 492 omne
511 434 617 492 votum
640 431 912 511 peregrinationis,
945 432 1017 493 item

96 531 220 574 omnem
243 515 465 594 poenitentiam
481 519 549 594 eto,
572 514 633 575 hoc
657 520 704 575 est
725 514 896 575 nniversam
921 515 1017 576 eccle·

94 597 170 657 siam
195 603 226 657 et
254 615 361 658 omnes
383 604 532 678 martyres
557 597 668 658 christi
690 616 813 678 prorsus
837 599 1018 660 conculcare

95 675 282 759 et-iiridere,
303 700 375 742 nam
395 683 460 741 istis
474 680 642 760 Theologis
655 687 804 761 martyres
823 680 932 743 Christi
955 701 1017 743 non

94 761 228 824 offerunt
244 762 409 843 arborem,
440 783 508 824 cum
531 764 728 843 occiduntur,
764 771 856 842 atque
878 766 903 824 si
925 765 1018 827 offer-

94 853 178 924 rent,
214 851 316 906 tamen
348 846 442 926 longe
468 846 558 908 vilius
591 846 721 908 offerunt
745 865 835 926 quam
858 847 1017 929 Religioni,

93 930 145 1007 qui
167 949 289 991 summo
313 931 378 992 otio
400 931 551 992 devorant
571 931 757 991 substantias
780 931 912 1009 alienas,
941 935 1016 993 inte·

91 1013 149 1073 rim
171 1018 275 1073 tamen
298 1019 373 1074 voto
394 1013 481 1075 liberi
503 1013 618 1074 arbitrii
639 1020 785 1094 superant
806 1032 898 1075 omne
918 1031 1017 1093 genus

93 1096 242 1175 martyrii.
486 1162 488 1166 ,
919 1167 927 1181 ·

176 1179 236 1239 Eat
262 1183 344 1239 nunc
371 1179 508 1240 cbristus
547 1183 578 1240 et
604 1178 682 1241 falso
712 1179 815 1240 laudet
846 1180 1014 1241 Iohannem

92 1260 282 1342 Baptistanr,
318 1261 400 1342 quod
428 1281 490 1323 non
520 1264 684 1322 surrexerit
706 1265 804 1325 maior
829 1264 909 1324 inter
926 1272 1016 1325 natos

92 1345 263 1426 mulierum,
286 1363 354 1404 cum
375 1345 511 1426 Magistri
526 1347 621 1405 nostri
644 1348 748 1407 eximii
770 1366 838 1407 cum
861 1366 917 1407 suo
933 1347 1017 1428 Papa

93 1423 190 1489 multo
214 1429 345 1489 maiores
368 1447 407 1490 eo
422 1430 603 1509 invenerint,
625 1429 742 1490 scilieet
763 1449 796 1490 se
818 1431 912 1511 ipsos.
936 1430 1015 1510 Nam

92 1510 147 1577 bic¹
166 1510 272 1591 habes,
296 1511 379 1591 quod
402 1512 522 1591 Nonne,
545 1530 624 1591 qnae
647 1531 706 1572 nee
726 1514 894 1574 ministerio
919 1510 1016 1591 verbi,

91 1613 152 1654 nec
175 1592 326 1655 effusione
348 1596 520 1676 sanguinis,
553 1614 612 1655 nee
639 1596 759 1656 fervore
791 1598 931 1677 spiritus,
959 1604 1028 1658 nec'

91 1676 196 1738 studio
220 1677 383 1759 orationis,
415 1697 474 1739 neo
495 1678 597 1738 officio
625 1677 687 1739 ullo
711 1679 845 1740 caritatis
867 1679 934 1739 Deo
956 1698 1016 1739 ser-

92 1761 150 1839 vit,
184 1760 252 1820 sola
280 1761 436 1842 castitate,
470 1781 525 1841 per
558 1760 687 1822 liberum
715 1762 870 1822 arbitrium
901 1761 1014 1842 oblata,

91 1850 219 1923 superat
240 1862 348 1904 omnes
370 1852 518 1925 martyres
537 1845 604 1909 Dei.
626 1844 667 1905 Et
688 1845 766 1906 haec
787 1844 909 1925 quidem
932 1846 1014 1924 apud

92 1944 148 1987 eos
172 1926 267 2007 vulgo
298 1933 330 1987 et
354 1929 534 2008 praedicata
556 1934 585 1988 et
608 1927 724 1988 credita
745 1928 878 2008 fuerunt,
912 1947 1014 2008 neque

91 2007 188 2071 hodie
209 2010 416 2090 corriguntur,
454 2011 515 2072 sed
541 2010 760 2072 confirmantur
786 2014 875 2092 igne,
910 2011 1014 2093 gladio

91 2098 123 2173 et
147 2093 233 2154 omni
253 2092 365 2157 furore.
788 2102 792 2107 ’

176 2174 255 2251 Quid
278 2184 367 2257 putas
390 2195 463 2238 vero
486 2176 617 2238 sentient
633 2176 671 2237 de
686 2183 766 2238 statu
779 2177 1014 2258 Episcopornm,

90 2265 131 2330 et,
144 2257 184 2319 da
205 2261 399 2322 sanctissimo
422 2259 547 2322 domino
569 2279 625 2320 suo
641 2260 749 2341 Papa?
770 2261 849 2322 Nam
865 2261 1014 2342 Religiosi

90 2348 163 2403 sunt
193 2340 244 2425 (ut
266 2341 369 2427 aiunt)
397 2345 428 2403 in
456 2350 536 2404 statu
569 2344 774 2423 acquirendae
805 2345 1014 2425 perfectionis,
1129 2356 1146 2431 ’μ

90 2424 146 2486 aed
168 2425 318 2507 Episcopi
339 2428 370 2487 in
392 2431 473 2487 statu
495 2427 687 2488 exercendae
708 2428 925 2509 perfectionis,
957 2428 1013 2488 Pa-

88 2528 162 2590 pam
196 2528 270 2570 vero
305 2519 338 2571 ut
366 2511 610 2589 sanctissimum,
643 2530 735 2591 super
764 2517 861 2571 status
892 2529 1011 2592 omnes,

90 2598 216 2673 oportet
237 2592 329 2672 plane
349 2594 380 2653 in
403 2600 483 2653 statu
498 2592 689 2673 glorificatae
711 2601 742 2654 et
758 2599 924 2655 coronatae
947 2614 1013 2673 per·

88 2675 232 2737 iectionis
254 2694 332 2740 esse.
377 2675 479 2752 Quare
501 2678 527 2736 si
548 2676 661 2737 Nonna
682 2685 807 2757 superat
828 2684 901 2737 voto
925 2678 1012 2737 casti·

89 2759 160 2818 latis
184 2766 215 2819 et
236 2765 317 2820 statu
330 2759 535 2840 acquirendae
556 2755 751 2840 perfectionis
774 2780 880 2821 omnes
902 2768 1013 2842 marty-

88 2860 149 2922 res,
172 2861 301 2904 necesse
319 2849 375 2924 est,
398 2848 432 2904 ut
447 2843 596 2924 Episcopi
607 2862 675 2905 cum
692 2862 749 2905 sno
768 2850 848 2904 statu
867 2863 1012 2905 exercen-

89 2923 148 2986 dae
170 2925 367 3006 perfectionis
395 2933 538 3008 superent
568 2945 675 2988 omnes
703 2918 863 3008 apostolos
892 2936 923 2988 et
943 2947 1012 3008 pro·

88 3007 210 3089 phetas.
248 3009 439 3090 Relinquitur
460 3029 537 3070 unns
560 3009 658 3091 Papa,
682 3013 835 3091 quistatn
858 3011 1013 3092 gloriosse

88 3093 287 3172 perfectionis
310 3101 432 3174 superet
454 3095 552 3174 ipsum
577 3093 740 3172 Christum,
763 3102 793 3155 et
814 3113 907 3155 omne
929 3094 1011 3174 quod

90 3175 199 3236 dicitur
220 3173 316 3256 Deus,
338 3182 392 3236 aut
414 3176 496 3256 quod
522 3176 640 3240 colitur.

170 3258 240 3321 Hoc
261 3258 412 3339 estquod
434 3259 596 3321 voluerunt
618 3266 649 3320 et
662 3260 874 3340 impleverunt,
897 3266 929 3320 ut
947 3260 1010 3321 dia·

89 3338 192 3403 bolum
226 3344 258 3403 in
288 3343 421 3404 ecclesia
448 3344 671 3405 constituerent
701 3343 816 3405 idolum
853 3344 924 3404 loco
953 3343 1010 3404 Dei

88 3424 296 3504 adorandum,
332 3445 373 3486 ex
401 3428 470 3506 ipso
505 3427 586 3487 enim
615 3426 671 3487 has
705 3436 735 3486 et
768 3426 844 3488 alies
876 3424 1011 3487 infinitas

89 3506 335 3570 abominationes
357 3516 387 3570 et
409 3508 615 3589 blasphemias
634 3509 813 3588 didicerunt,
835 3528 894 3570 neo
907 3515 1010 3570 tamen

89 3609 186 3671 nnnc,
209 3611 277 3654 cum
301 3592 456 3653 revelatae
477 3597 560 3668 sunt,
583 3600 613 3654 et
631 3613 683 3654 eas
705 3612 875 3673 agnoscere
897 3611 1009 3673 cogan-

90 3680 152 3756 tur,
179 3675 242 3737 nlla
262 3683 352 3757 parte
373 3677 529 3758 corrigere
551 3676 672 3757 volunt,
700 3677 754 3737 sed
778 3677 922 3738 occidunt
944 3695 1009 3757 eos,

92 3759 140 3841 qui
162 3765 224 3822 tam
249 3756 403 3824 horrenda
424 3766 562 3823 monstm
583 3779 645 3822 non
669 3760 808 3825 adorant.
