2348 4162
440 239 477 298 a
496 239 577 300 nse.
915 237 978 307 eae
1065 200 1066 204 ‘

53 412 107 473 stri
130 409 289 491 homines,
321 411 348 471 si
368 410 453 472 hunc
490 417 522 474 et
548 411 663 473 similes
697 411 815 477 libellos
838 419 980 477 curarent

53 495 170 556 servari
191 514 246 574 prc
269 495 414 576 posteris,
445 493 485 556 ob
509 494 734 557 observandam
757 503 788 558 et
810 498 978 559 memoriae

55 576 262 639 mandandam
288 577 499 639 incredibilem
530 585 562 640 et
581 577 732 640 infinitam
763 581 905 642 astutiam
927 597 978 640 sa·

54 668 163 739 tanae,
185 663 215 722 in
237 661 329 723 Curia
349 660 402 721 illa
423 661 576 740 Romana,
591 663 716 742 peccati
739 670 770 723 et
798 662 978 743 perditionis

54 745 185 824 sentina,
207 745 374 824 regnantis.
410 743 490 805 Nam
511 747 604 807 toties
627 750 689 806 tum
715 763 891 826 perleges,
914 751 977 806 tum
1008 796 1014 805 .

54 848 110 910 pcr
131 827 267 889 eruditos
283 829 364 888 viros
386 827 532 889 cathedra
554 829 613 889 ista
636 829 831 908 pestilentiae
846 829 987 907 impulsa·

55 916 116 991 est,
145 918 179 971 ut
200 909 332 972 caderet.
383 909 444 971 Sed
464 912 670 992 praevalente
697 910 835 972 efficacia
867 912 978 972 erroris

54 994 190 1069 astutiis,
213 993 308 1072 dolis,
331 993 492 1073 practicis,
520 1013 581 1055 non
605 994 739 1055 hnmano
762 996 901 1074 ingenio,
923 995 978 1054 sed

54 1076 151 1137 solius
173 1074 288 1138 diaboli
311 1082 376 1137 arte
398 1078 546 1154 inventis,
580 1078 689 1137 victrix
712 1078 860 1138 hactenus
882 1078 981 1138 evasit

13 1194 16 1199 ·
54 1166 86 1221 et
109 1160 273 1239 prostravit
295 1160 453 1220 veritatem
476 1161 506 1219 in
529 1160 639 1240 plateis
678 1165 730 1238 (ut
751 1160 904 1240 praedixit
925 1179 977 1221 ao·

55 1249 107 1303 tea
129 1242 255 1320 Daniel,
277 1249 308 1303 et
328 1249 438 1322 postea
461 1242 598 1304 Christus
621 1263 681 1303 una
705 1262 773 1305 cum
796 1241 979 1326 apostolis).

52 1325 174 1403 ,Quibus
199 1327 333 1386 victoriis
356 1326 504 1405 saginati,
526 1327 704 1404 incrassati,
727 1325 859 1404 dilatati,
881 1325 979 1388 inflati

53 1416 87 1471 'ct
118 1405 243 1488 superbi
274 1409 323 1469 isti
352 1410 507 1488 purpurati
540 1409 661 1488 tyranni
690 1428 760 1469 sese
789 1408 980 1473 confidenter

55 1493 273 1569 consolantur,
306 1497 337 1552 et
359 1509 421 1550 non
450 1492 549 1552 solum
579 1511 666 1570 spem
696 1510 757 1553 non
780 1491 928 1553 abiiciunt
946 1493 979 1553 in

41 1575 115 1636 ¹hae
136 1574 321 1652 calamitate,
344 1592 434 1653 quam
453 1572 547 1636 modo
557 1575 861 1656 patiunturasplrilu
884 1575 978 1636 labio-

55 1677 122 1718 rum
146 1657 257 1719 Ohristi
298 1663 329 1717 et
350 1676 370 1717 a
395 1657 487 1737 ¹,virgo
509 1659 571 1718 oris
601 1659 668 1736 sui,
702 1658 755 1719 sed
784 1659 987 1719 securissime·

55 1746 255 1823 praesumunt
290 1738 460 1801 naviculam
494 1739 573 1801 Petri
607 1737 670 1823 (sic
702 1740 860 1821 appellant
892 1761 979 1801 suam

56 1824 325 1887 sceleratissimam
358 1829 485 1884 satanae
511 1823 696 1900 colluviem)
727 1843 765 1883 ex
792 1825 857 1884 istis
884 1822 980 1884 flucti-

56 1907 113 1969 bus
134 1906 256 1968 tandem
278 1906 397 1967 felicius
410 1925 596 1967 emersuram
620 1915 651 1967 et
673 1907 764 1968 altius
787 1907 978 1968 evehendam

56 2009 148 2070 quam
171 2008 305 2069 unquam
329 1987 391 2051 luit.
601 2061 603 2066 Ι
964 2030 967 2037 1

140 2073 226 2134 Haec
247 2079 294 2134 est
325 2071 376 2132 illa
400 2070 602 2150 confidentia,
636 2089 696 2150 qua
718 2072 783 2133 istis
806 2071 912 2133 diebus
936 2073 985 2147 lu,·.

57 2155 135 2217 dunt
154 2157 186 2216 in
207 2154 308 2235 rebus,
330 2155 480 2232 sensibus,
502 2154 645 2223 cordibus
664 2157 757 2217 totius
780 2156 904 2217 hnmani
927 2175 978 2236 ge·

56 2241 156 2317 neris,
178 2241 241 2300 imo
264 2239 293 2298 in
318 2239 424 2318 spiritu
448 2236 583 2300 fidelium
615 2246 647 2299 et
668 2240 818 2299 ecclesiae
852 2246 978 2299 sanctae

56 2323 145 2406 (quia
165 2341 224 2383 nec
245 2321 424 2399 ecclesiam,
447 2339 504 2381 nee
525 2323 674 2401 spiritum,
709 2339 767 2382 nec
789 2322 885 2381 Deum
909 2339 979 2381 esse

56 2407 220 2485 quicquam
244 2401 380 2485 putant),
403 2403 473 2463 dum
498 2403 686 2465 mendaciter
707 2403 875 2465 reformant
897 2421 980 2464 nune

56 2489 197 2569 Curiam,
219 2505 301 2548 nunc
322 2487 503 2562 ecclesiam,
525 2505 606 2546 nunc
629 2484 801 2550 Concilium
830 2486 989 2565 indicunt„
1080 2504 1084 2509 ’

56 2592 175 2633 rursum
198 2577 355 2649 revocant,
379 2587 459 2630 nunc
481 2570 677 2646 transierunt,
699 2571 808 2630 iterum
830 2569 978 2646 indicunt,

56 2674 115 2716 nec
136 2658 239 2717 tamen
260 2653 326 2714 fieri
348 2652 520 2717 Concilium
556 2652 680 2731 volunt,
703 2659 736 2713 ut
764 2653 869 2713 videas
902 2650 978 2712 illud
1098 2703 1103 2712 .

57 2757 151 2800 unum
163 2735 445 2811 esseverissimum,
468 2736 641 2797 universam
659 2754 776 2815 regum,
799 2735 979 2816 principum,

56 2821 219 2900 bonorum,
241 2819 446 2898 eruditorum,
466 2825 643 2885 unctorum
667 2818 785 2880 turbam
808 2837 911 2879 coram
935 2818 979 2878 eis

56 2905 162 2966 haberi
185 2922 240 2984 prc
261 2903 411 2981 fornellis,
434 2902 632 2979 morionibus,
655 2901 791 2962 ridiculis
813 2914 843 2961 er
864 2901 980 2963 iocula-

55 2990 108 3049 rlis
131 2987 253 3067 puppis.
288 2985 375 3061 Quos
398 2987 453 3046 etsi
477 2986 542 3048 istis
565 2985 671 3065 paucis
693 2984 810 3062 diebus,
834 2985 917 3046 velut
941 2982 980 3045 ad

56 3073 164 3137 horam
188 3070 290 3130 ebrios
313 3076 344 3129 et
355 3069 582 3145 tumultuantes,
604 3068 682 3128 ferre
695 3076 856 3147 cogantur,
878 3075 981 3128 tamen

57 3155 133 3217 certi
155 3161 236 3232 sunt,
256 3158 399 3214 cessante
420 3151 550 3212 tumultu
573 3156 604 3212 et
624 3152 771 3212 ebrietate
783 3170 888 3212 eorum
912 3168 983 3213 sese

57 3237 142 3299 brevi
175 3236 294 3297 futuros
326 3237 452 3298 istorum
481 3235 642 3296 stultorum
676 3233 820 3299 dominos
843 3240 875 3294 et
895 3233 981 3312 deos,

56 3321 172 3401 septies
192 3319 401 3400 gloriosiores,
423 3337 515 3397 quam
537 3324 629 3378 antea
650 3317 768 3380 luerint.
818 3317 881 3378 Has
911 3334 989 3397 spes.

57 3421 120 3466 non
157 3404 244 3463 venis
265 3401 418 3481 exemplis
450 3401 507 3463 sibi
546 3384 696 3477 lormanl,
735 3399 816 3480 quod
840 3407 931 3461 anteo
953 3404 988 3460 et

58 3487 183 3566 saepius
197 3487 280 3565 passi
304 3485 364 3545 sint
386 3485 532 3545 tumultus
571 3484 722 3564 rincipum
746 3494 776 3544 et
799 3482 983 3565 populorum

57 3567 256 3631 etiam-urbis
273 3561 368 3648 ipsias
391 3567 517 3629 Romae.
549 3505 588 3627 fit
611 3573 713 3628 tamen
735 3567 815 3629 adeo
829 3584 890 3626 nou
913 3570 986 3627 sunt

57 3654 124 3714 istis
141 3652 230 3713 bellis
250 3650 348 3729 fracti,
372 3657 405 3710 ut
425 3652 517 3711 etiam
541 3666 595 3733 per
608 3669 646 3711 ea
669 3653 796 3711 creverit
820 3656 850 3710 et
862 3647 983 3710 flrmata

57 3738 99 3798 sit
119 3753 225 3796 eorum
248 3735 402 3815 potentie,
422 3735 537 3813 virtue,
562 3733 708 3813 victoria,
731 3735 809 3815 laus,
831 3732 932 3795 honor
954 3738 986 3795 et

86 3852 178 3894 liutheri
193 3864 245 3902 opp.
260 3852 286 3895 V.
300 3848 327 3890 Α
342 3850 372 3893 sd
383 3852 426 3893 tel.
440 3848 491 3890 urst.
507 3851 522 3892 l.
538 3861 559 3899 p.
575 3850 624 3891 Vol.
644 3849 693 3890 vll.
823 3818 862 3883 35
