2348 4162
182 250 243 316 148
335 319 341 331 .
422 249 466 305 De
483 263 565 306 servo
583 246 698 304 arbitrio
717 246 754 305 Ι).
772 248 807 303 Μ.
825 246 856 304 b

181 419 262 496 Quid
294 419 343 480 hio
365 418 489 478 libertas
522 424 606 479 tanta
629 437 690 478 non
725 417 885 479 videbatur
920 418 1107 498 permissura

181 504 269 564 malis
295 501 492 581 hominibus?
536 502 577 561 At
598 507 763 581 propterea
796 521 858 562 non
887 508 935 562 est
957 503 1105 562 omissum

181 586 395 666 Evangelium,
417 584 470 644 sed
494 585 579 665 impii
601 585 711 663 relicti,
732 585 790 664 piis
813 602 886 645 vero
910 584 1043 662 dictum,
1067 603 1106 644 ne

181 671 211 731 in
237 669 432 730 occasionem
456 669 556 727 carnis
579 667 786 727 concederent
807 666 990 731 libertatern.

264 752 330 813 Nec
350 753 409 812 ista
430 770 500 830 pars
523 750 641 810 consilii
664 750 713 811 vel
730 749 856 811 remedii
878 752 922 812 tui
944 751 1036 825 valet,
1055 748 1107 810 ubi

183 836 274 896 dicis:
312 835 398 895 Licet
419 853 524 894 verum
553 833 672 914 dicere,
705 833 758 894 sed
783 852 844 895 non
878 833 1003 914 expedit
1025 832 1107 913 apud

183 917 351 999 quoslibet,
381 936 439 999 nec
461 918 570 996 quovis
593 924 732 996 tempore
769 935 827 977 nec
860 918 970 997 quovis
991 915 1108 996 modo,

183 1009 214 1062 et
235 1002 309 1081 satis
331 1003 435 1081 inepte
449 999 575 1060 Paulum
598 998 744 1076 adducis,
768 999 961 1077 ubidicit*):
995 998 1108 1060 Omnia

183 1085 256 1145 mitri
279 1084 382 1165 licent,
406 1083 459 1143 sed
482 1102 545 1143 non
570 1083 673 1144 omnia
696 1083 874 1162 expediunt.

264 1165 336 1229 Non
360 1167 440 1227 enim
463 1166 574 1227 Paulus
597 1165 635 1226 de
658 1165 798 1227 doctrina
819 1171 872 1226 ant
893 1164 1036 1227 docenda
1056 1184 1109 1226 ue·

182 1253 271 1312 ritate
292 1250 333 1310 ibi
357 1250 509 1329 loquitur,
533 1250 611 1309 sicut
632 1255 665 1310 tu
687 1251 752 1309 eius
775 1249 868 1310 verba
890 1248 1054 1310 confundis
1077 1255 1109 1309 et

184 1335 277 1396 trahis
303 1333 449 1413 quolibet.
508 1331 588 1407 Quin
611 1335 773 1394 veritatem
803 1333 854 1393 ille
886 1332 952 1393 vult
983 1332 1108 1413 ubique,

189 1418 292 1497 quovis
310 1426 457 1498 tempore,
481 1415 695 1495 quovismodo
719 1417 788 1497 dici,
809 1417 853 1475 ita
870 1422 903 1476 ut
919 1417 1010 1476 etiam
1034 1435 1110 1495 gau·

184 1500 255 1561 deat
266 1499 418 1560 Christum
441 1499 610 1579 praedicari
619 1518 676 1579 per
687 1500 883 1560 occasionem
906 1497 1109 1578 etinvidiam,

138 1608 141 1612 ·
183 1584 347 1664 palamque
365 1586 491 1643 testetur
511 1584 579 1663 ipso
595 1580 691 1643 verbo
700 1579 767 1662 **),
780 1581 899 1657 Quouis
916 1581 1009 1642 modo
1024 1580 1110 1642 Chri·

183 1673 248 1728 stus
270 1666 471 1747 praedicetur,
494 1685 563 1726 sese
583 1665 727 1746 gaudere.
778 1665 890 1726 Paulus
913 1664 1047 1744 loquitur
1070 1664 1111 1725 de

183 1750 265 1811 facto
290 1758 320 1811 et
342 1769 398 1810 usu
420 1748 596 1827 doctrinae,
619 1767 731 1828 nempe
769 1748 807 1808 de
843 1747 990 1809 libertatis
1025 1747 1110 1808 chri-

184 1836 303 1894 stianae
325 1832 534 1908 metatoribus,
556 1833 607 1911 qui
624 1851 680 1892 sua
702 1839 883 1911 quaerentes
905 1830 1044 1893 scandali
1061 1850 1109 1891 ra·

184 1918 297 1977 tionem
320 1922 351 1976 et
373 1915 551 1976 offensionis
578 1914 767 1976 infirmorum
803 1915 919 1976 nullam
941 1913 1108 1975 habebant.

183 1999 305 2060 Veritas
328 2005 359 2058 et
379 1997 520 2059 doctrina
541 2017 671 2078 semper,
694 1998 806 2078 palam,
829 2001 1006 2059 constanter
1019 2017 1108 2079 prae·
1133 2010 1136 2017 '

81 2099 84 2104 ·
184 2080 325 2159 dicanda,
347 2100 501 2160 nunquam
520 2081 706 2160 obliquanda
720 2082 890 2143 celandave
911 2087 976 2162 est,¹
988 2080 1107 2142 nullum

184 2171 231 2225 est
252 2167 333 2224 enim
354 2165 385 2224 in
408 2184 446 2224 ea
468 2163 671 2243 scandalum,
694 2173 741 2225 est
762 2165 842 2225 enim
867 2165 952 2245 virga
986 2167 1110 2226 rectitu-

184 2247 272 2311 dinis.
316 2248 355 2308 Ει
376 2247 443 2327 quis
465 2247 519 2309 tibi
544 2246 617 2308 fecit
637 2254 821 2329 potestatem
869 2256 922 2309 ant
942 2249 990 2309 ius
1024 2247 1111 2309 dedit

184 2331 343 2392 doctrinae
376 2330 566 2391 Christianae
590 2330 688 2409 locis,
716 2331 877 2411 personis,
905 2328 1109 2413 temporibus,

184 2415 282 2475 causis
300 2413 484 2495 alligandae,
508 2432 577 2474 cnm
590 2412 727 2474 Christus
750 2433 818 2476 eam
833 2414 906 2476 velit
921 2415 1107 2477 liberrimam

183 2499 213 2558 in
237 2497 312 2559 orbe
335 2498 451 2578 vulgari
475 2503 505 2557 et
526 2496 677 2577 regnare?
710 2497 779 2558 Non
803 2503 851 2559 eet
875 2501 954 2560 enirn
979 2498 1107 2560 verbnm

185 2581 242 2641 Dei
264 2581 433 2663 alligatum,
457 2581 499 2640 ait
521 2580 644 2659 Paulus,
668 2586 698 2640 et
720 2580 865 2642 Erasmus
888 2582 1013 2644 verbum
1036 2581 1109 2642 alli·

184 2661 289 2745 gabit?
331 2664 397 2724 Nec
419 2662 503 2723 dedit
525 2663 615 2724 nobis
638 2664 720 2724 Deus
743 2664 888 2745 verbnm,
917 2665 1000 2746 quod
1023 2664 1108 2727 loco·

184 2769 261 2826 rum,
282 2766 492 2828 personarum,
516 2754 688 2827 temporum
712 2747 861 2809 delectum
886 2750 1014 2829 habeat,
1036 2767 1107 2809 cunr

185 2830 267 2891 dicat
289 2830 440 2891 Christus:
464 2830 508 2890 lte
529 2831 560 2890 in
584 2832 759 2892 universum
780 2832 939 2910 mundum,
961 2850 1023 2893 non
1048 2833 1108 2899 ait:

184 2912 232 2975 Ite
244 2912 357 2993 aliquo,
371 2919 401 2971 et
413 2913 516 2990 aliquo
532 2932 604 2991 non,
627 2914 705 2975 sicut
718 2914 882 2996 Erasmus3
901 2917 994 2977 item:
1018 2915 1109 2978 Prae·

185 2996 286 3057 dicate
307 2996 510 3076 Evangelium
534 2997 618 3056 omni
640 3005 812 3078 creaturae,
840 3019 904 3062 non
927 3001 985 3061 ait:
1013 2997 1108 3081 Apud

184 3080 315 3160 aliquos,
336 3078 417 3160 apud
439 3080 560 3160 aliquos
582 3099 654 3142 non.
695 3080 832 3164 Summa,
855 3090 886 3144 tu
908 3083 998 3145 nobis
1020 3102 1109 3163 pros·

185 3164 388 3244 opolepsias,
410 3163 600 3243 topolepsias
629 3171 660 3224 et
680 3165 885 3248 tropolepsics
896 3215 906 3247 ,
939 3166 1110 3249 Kaerolep·

119 3306 122 3311 .
185 3244 295 3324 sias¹)
319 3248 349 3307 in
374 3246 468 3307 verbo
491 3248 547 3308 Dei
575 3248 775 3309 ministrando
798 3249 982 3331 praescribis
1037 3270 1109 3312 cum

186 3350 246 3391 una
267 3331 346 3392 haec
367 3331 407 3395 sit
428 3348 540 3411 magna
562 3350 632 3411 pars
654 3332 772 3412 gloriae
795 3334 895 3414 verbi,
918 3298 1004 3414 quod
1023 3334 1111 3396 nulla

185 3421 232 3476 est
255 3413 304 3497 (nt
325 3413 435 3474 Paulus
459 3411 518 3496 ait)
541 3416 787 3497 prosopolepsia,
810 3423 841 3478 et
853 3418 935 3478 Deus
956 3437 1109 3501 personas

258 3695 285 3767 *)
305 3699 331 3754 1.
351 3698 475 3757 Corinth.
495 3700 537 3756 16.
568 3697 748 3769 **)Ριιί1ῑρρ.
769 3700 795 3757 1.
817 3702 842 3768 1)
862 3702 894 3756 In
912 3701 956 3760 ed.
976 3705 1047 3762 1525
1083 3711 1112 3762 et

188 3771 269 3828 1526:
289 3769 510 3841 Chaerolepsias.
