2348 4162
123 211 187 281 3¹26
320 210 526 269 Concinnculae
544 210 683 282 quaenam
704 210 739 265 D.
757 210 795 265 lt.
811 208 846 263 1.

333 385 500 449 Trinitatis.

355 472 385 533 2.
407 475 479 550 post
499 467 664 529 Trinitatis.

354 554 384 615 d.
406 557 478 633 post
498 551 664 614 Trinitatis.

335 637 385 701 13.
407 642 480 717 post
498 633 664 696 Trinitatis.

335 720 385 783 19.
406 724 479 800 post
498 718 664 781 Trinitatis.

336 803 385 866 20.
407 808 480 882 post
499 799 664 864 Trinitatis.

335 884 385 948 24.
409 890 481 965 post
500 883 667 946 Trinitatis.

166 1066 373 1128 Dominica
393 1064 736 1147 primaddventus.
758 1062 906 1125 Matthaei
927 1060 1008 1124 XXI.

206 1221 246 1281 at
257 1239 326 1281 cnm
338 1222 638 1318 appropinquassent
646 1217 829 1299 Bethplragc
849 1217 889 1278 ed
913 1231 1044 1279 montem

126 1304 241 1382 oliveti,
262 1311 335 1365 tunc
357 1304 443 1365 lesus
467 1305 547 1364 misit
568 1303 647 1365 dnos
660 1301 838 1382 discipulos,
860 1299 969 1362 disens
992 1301 1045 1363 eis:

124 1387 169 1448 lte
190 1388 220 1447 in
244 1387 414 1465 castellum,
436 1386 519 1466 quod
534 1393 641 1449 contra
663 1405 719 1447 vos
742 1391 803 1463 eet,
826 1392 857 1445 et
878 1386 985 1446 statim
1005 1385 1046 1444 in·

125 1471 253 1530 venietis
276 1472 393 1531 asinam
416 1470 571 1550 alligatam
595 1476 626 1530 et
646 1468 762 1550 pullum
777 1487 846 1528 cnm
868 1487 917 1548 ea,
942 1467 1047 1528 solvite

125 1559 157 1614 et
178 1552 321 1615 adducite
343 1554 432 1629 mihi,
461 1554 539 1613 etsi
567 1553 634 1632 qais
656 1551 746 1613 vobis
778 1550 893 1631 aliquid
931 1549 1047 1627 dixerit,

125 1635 227 1718 dicite,
251 1636 401 1698 Dominus
422 1636 470 1696 his
486 1654 565 1715 opus
586 1634 690 1713 habet,
712 1641 742 1696 et
767 1635 929 1696 confestim
955 1633 1047 1694 dimit·

125 1726 170 1781 tet
191 1738 255 1782 eos.
297 1719 366 1781 Hoc
387 1719 614 1780 eutemlactum
628 1723 685 1795 est,
707 1724 741 1778 ut
757 1717 948 1798 impleretur,
970 1712 1047 1797 qnod

125 1802 240 1863 dictum
273 1810 319 1863 est
351 1822 407 1883 per
428 1802 611 1883 Prophetam
642 1800 812 1861 dicentem:
845 1801 950 1861 Dicite
971 1800 1048 1861 tiliae

125 1884 218 1963 Sion,
251 1903 325 1946 ecce
352 1905 407 1946 rex
429 1891 498 1946 tuus
525 1885 610 1947 venit
631 1884 684 1944 tibi
708 1890 904 1964 mansuetus,
940 1881 1048 1944 sedens

127 1987 220 2048 super
242 1969 360 2029 asinam
390 1975 421 2029 et
441 1968 559 2049 pullum
582 1966 677 2027 filium
707 1965 885 2046 subiugalis.
936 1965 1048 2027 auara

126 2056 226 2112 antem
251 2050 392 2132 discipuli
414 2052 568 2128 fecerunt,
589 2051 668 2110 sicut
688 2050 847 2130 praecepit
872 2049 933 2111 illis
955 2048 1047 2127 Iesus,

125 2141 155 2194 et
188 2133 383 2194 adduxeruut
420 2136 536 2194 asinam
566 2142 598 2194 et
618 2132 751 2214 pullum,
784 2140 815 2193 et
834 2134 1047 2214 imposuerunt

125 2236 218 2297 super
239 2236 294 2278 eos
316 2218 499 2278 vestimenta
520 2237 592 2292 sua,
627 2224 657 2276 et
690 2236 759 2276 eum
788 2215 922 2296 desuper
943 2215 1045 2275 sedere

124 2301 272 2361 lecerunt.
316 2301 448 2361 Plurima
461 2306 563 2361 eutem
576 2298 664 2360 turba
682 2305 854 2360 straverunt
864 2300 1046 2360 vestimenta

124 2404 180 2444 sua
202 2384 231 2444 in
258 2384 323 2460 via,
357 2384 408 2444 alii
431 2389 532 2443 autem
557 2382 729 2444 caedebant
749 2401 852 2442 ramos
875 2380 914 2442 de
937 2381 1045 2443 arbori·

123 2466 180 2527 bue
203 2474 233 2526 et
254 2465 431 2528 sternebant
447 2468 478 2526 in
501 2462 559 2527 via.
602 2464 724 2526 Turbae
736 2471 848 2545 autem,
870 2484 953 2545 qnae
966 2483 1045 2546 prae·

125 2549 278 2611 cedebant
299 2557 329 2610 et
352 2568 431 2629 qnae
452 2548 677 2628 sequebantur,
700 2548 875 2609 clamabant
898 2547 1044 2609 dicentes:

124 2632 282 2693 Hosiauna
304 2632 366 2694 filio
390 2632 506 2711 David,
537 2631 731 2708 benedictus,
763 2632 815 2711 qui
837 2632 923 2692 venit
944 2632 977 2691 in
997 2648 1044 2691 no

125 2717 206 2776 mine
228 2716 363 2794 Domini,
385 2715 545 2777 Hosienna
567 2716 596 2775 in
621 2714 763 2777 excelsis.

206 2798 302 2859 Multa
338 2805 409 2858 sunt
436 2800 466 2858 in
502 2799 562 2858 isto
585 2797 773 2877 Evangelio,
794 2795 848 2856 sed
871 2793 1044 2876 principalis

125 2881 213 2942 locus
237 2887 283 2940 est
304 2881 457 2962 propheta
478 2880 639 2961 allegatus,
662 2880 774 2945 Zache.
787 2881 817 2944 9.
859 2878 895 2939 ln
918 2876 1044 2959 quopri·

124 2983 205 3022 mum
228 2963 289 3024 hoc
309 2964 491 3040 notandum,
514 2963 597 3043 qnod
620 2963 739 3024 ludaeis
762 2968 809 3023 est
828 2962 860 3021 in
883 2961 1044 3043 hocprae-

124 3045 238 3105 dictum
263 3047 383 3126 signum
407 3048 525 3107 venturi
547 3047 693 3126 Messiae,
716 3045 893 3106 scilicetne
916 3042 1044 3106 scanda-

123 3129 287 3189 lizarentur
313 3130 356 3189 in·
375 3131 440 3190 eius
462 3129 647 3210 humilitate,
671 3135 704 3189 ut
726 3129 898 3188 venientem
922 3131 1045 3207 possent

123 3231 293 3292 agnoscere
327 3218 358 3272 et
383 3213 549 3293 suscipere.
600 3213 678 3273 Nam
709 3209 937 3272 inexcusabiles
970 3214 1044 3285 sunt,

123 3294 205 3375 quod
229 3294 380 3356 Christum
416 3295 658 3375 reprobaverunt
692 3302 723 3355 et
751 3312 813 3356 non
836 3298 1044 3374 susceperunt,

124 3398 192 3439 cum
214 3378 266 3439 hic
287 3378 387 3438 clarus
410 3379 450 3438 sit
470 3384 594 3456 textus,
627 3384 787 3453 venturum
815 3394 922 3438 eorum
945 3394 1044 3456 regem

122 3480 289 3542 pauperem
313 3467 344 3521 et
366 3478 458 3540 super
480 3462 598 3521 asinum
622 3462 820 3541 equitantem.

204 3543 271 3604 Nec
293 3562 348 3604 eos
371 3549 515 3625 excusat,
540 3543 621 3623 quod
646 3543 781 3623 gloriosa
803 3541 842 3603 de
860 3539 985 3602 Christo
1008 3539 1044 3599 di·

123 3630 232 3685 cuntur
253 3632 285 3686 et
307 3625 345 3686 de
377 3627 442 3686 eins
464 3644 560 3706 regno
582 3627 612 3686 in
635 3626 803 3707 prophetis,
827 3630 858 3686 et
878 3623 1042 3705 itaglorio·

122 3726 189 3767 snm
212 3708 376 3769 adventurn
407 3714 604 3790 exspectant,
640 3710 710 3789 qnia
733 3713 858 3789 propter
892 3706 956 3768 hoc
986 3723 1042 3766 non
