2348 4162
268 229 305 314 ad
322 231 358 303 D.
376 232 521 288 Erasmum
534 230 761 288 Rotorodarnom.
915 226 977 293 287

53 402 158 482 operis
180 406 234 461 ant
254 401 374 462 virtutis
391 419 460 460 esse
482 401 512 460 in
537 399 791 461 bominedebeat.
834 397 918 463 Nihil
928 399 979 460 hic
1008 430 1011 441 =

52 483 229 566 figuratum,
251 484 324 544 nihil
336 485 591 564 interpretatione
602 503 708 564 egens,
722 484 874 564 simplicia
886 482 979 543 verba

54 575 134 648 sunt,
158 567 292 649 simplex
314 586 422 628 sensus
441 574 497 647 est,
521 566 614 627 modo
637 566 780 646 sequelae
803 573 833 628 et
855 585 980 646 corrup-

54 652 131 713 telas
152 669 217 712 non
241 650 352 729 addas,
392 669 479 711 more
501 649 662 730 diatribes,
697 658 759 710 tum
791 651 872 710 enim
894 648 981 710 lieret

55 753 163 797 sensus
186 753 249 795 non
272 753 381 816 sanus,
405 753 509 794 verum
532 752 595 794 non
618 751 692 812 sua,
715 733 771 794 sed
793 733 979 813 corruptoris

57 818 156 903 culpa.

137 898 299 963 Posterior
321 918 394 975 vero
416 900 519 963 locus:
550 900 633 960 Deus
655 906 799 979 operatur
822 899 925 960 omnia
948 899 979 959 in

58 984 212 1062 omnibus,
234 991 281 1045 est
302 985 400 1045 oratio
413 983 589 1064 indicativa,
612 985 716 1043 omnia
729 1001 834 1063 opera,
857 1000 980 1043 omnem

58 1070 200 1130 uirtutem
233 1065 389 1128 affirmans
421 1067 453 1127 in
474 1067 554 1128 Deo.
597 1065 762 1141 Quomodo
794 1067 885 1146 igitur
906 1084 979 1145 pug-

59 1157 131 1211 nent
154 1150 216 1211 duo
240 1151 315 1229 loci,
351 1168 479 1229 quorum
512 1169 591 1210 unus
624 1150 697 1209 nihil
727 1151 790 1230 agit
812 1148 850 1209 de
872 1150 982 1209 virtuto
1045 1156 1058 1174 ·

21 1256 24 1263 ·
59 1234 212 1314 hominis,
243 1234 319 1295 alter
355 1235 460 1294 omnia
481 1232 593 1293 tribuat
615 1233 700 1310 Deo,
736 1253 773 1293 ac
793 1233 981 1312 nonpotius
1056 1276 1060 1283 .

59 1318 175 1398 optime
198 1316 415 1378 consentiant?
458 1315 519 1378 Sed
542 1315 671 1377 diatribe
688 1318 733 1375 sic
754 1324 801 1376 est
813 1316 981 1394 submersa,
1095 1318 1131 1329 ”

60 1399 211 1462 suffocata
233 1407 264 1460 et
285 1407 430 1479 corrupta
451 1417 544 1460 sensu
556 1399 752 1477 cogitationis
774 1399 852 1459 illius
875 1417 981 1459 carna-

60 1484 93 1544 lis
113 1483 244 1564 (frustra
264 1484 401 1563 praecipi
423 1480 655 1564 impossibilia),
678 1488 711 1542 ut
733 1501 795 1542 non
818 1489 910 1561 queat
925 1480 982 1541 sibi
1097 1534 1103 1541 .

60 1572 249 1648 temperare,
282 1568 371 1646 quin,
398 1568 518 1645 quoties
541 1565 667 1626 verbum
695 1567 908 1645 imperativum
930 1571 984 1625 aut

60 1652 289 1712 coniunctivum
311 1648 457 1727 audierit,
486 1668 560 1710 mox
581 1668 652 1709 suas
675 1649 817 1728 sequelas
839 1653 997 1708 annectat·

59 1728 253 1814 indicativus,
271 1732 404 1794 scilicet:
427 1733 616 1812 Praecipitur
629 1730 753 1811 aliquid,
777 1750 851 1812 ergo
873 1748 982 1812 possu-

61 1836 126 1878 mus
149 1826 181 1877 et
197 1816 341 1897 facimus,
371 1816 486 1896 alioqui
513 1814 606 1876 stulte
627 1817 862 1897 praeciperetur.
904 1814 985 1875 Hinc

59 1902 201 1982 erumpit,
224 1908 255 1960 et
276 1899 388 1979 ubique
400 1900 544 1978 victorias
555 1900 658 1977 iactat,
681 1900 768 1979 quasi
792 1898 983 1959 demonstra·

58 1991 121 2045 tum
144 1982 268 2064 habeat,
289 1984 363 2043 istas
386 1983 527 2062 sequelae
550 2001 620 2044 eum
634 2001 691 2042 sua
706 1978 896 2062 cogitatione
914 1991 983 2043 esse

58 2075 156 2147 ratas,
190 2085 246 2127 ceu
275 2066 411 2127 divinam
440 2067 643 2127 autoritatem.
687 2065 766 2126 Hinc
786 2084 894 2126 secure
915 2082 984 2145 pro-

58 2153 211 2229 nunciat,
235 2149 416 2228 quibusdam
450 2150 529 2210 locis
551 2148 725 2230 Scripturas
761 2150 866 2210 omnia
895 2148 985 2209 tribui
1046 2164 1049 2169 ·

58 2233 187 2312 homini,
208 2232 280 2293 ideo
302 2235 501 2314 pugnantiam
523 2233 576 2312 ibi,
600 2240 631 2293 et
640 2235 893 2313 interpretatione
906 2251 984 2312 opus
1067 2235 1071 2241 '
1124 2288 1132 2301 ,

59 2337 138 2379 esse.
183 2316 223 2376 Elt
243 2335 306 2377 non
330 2317 422 2397 videt,
446 2317 507 2385 luco
530 2322 627 2377 totum
650 2335 719 2376 esse
739 2315 919 2396 figmentum
935 2333 984 2375 ca-

59 2400 217 2482 pitissui,
250 2400 333 2461 nullo
366 2401 484 2481 uspiam
506 2398 683 2480 Scripturae
704 2401 793 2479 apice
813 2398 989 2476 firmatum3

61 2483 173 2545 deinde
195 2483 366 2563 eiusmodi,
394 2492 437 2565 ut,
460 2484 486 2543 si
508 2482 727 2563 admitteretur,
749 2484 904 2542 neminem
926 2481 984 2541 lor-

60 2567 121 2630 tius
143 2566 317 2628 confutaret
338 2586 429 2647 quam
452 2567 621 2646 seipsam,
651 2572 683 2626 ut
711 2584 790 2644 quae
810 2584 865 2646 per
886 2566 985 2645 ipsum

60 2650 183 2732 probet,
205 2652 229 2710 si
253 2649 325 2730 quid
347 2651 476 2731 probat,
509 2650 613 2710 omnia
644 2668 738 2729 posse
760 2648 888 2709 liberum
909 2646 986 2708 arbi·

61 2736 163 2813 trium,
186 2734 272 2794 cuius
293 2735 478 2795 eontrarium
501 2735 637 2813 suscepit
658 2731 861 2813 probandum.

147 2816 198 2880 sio
218 2823 249 2878 et
269 2817 344 2878 illud
356 2819 447 2879 toties
457 2818 568 2896 repetit
587 2815 638 2895 ¹):
660 2816 692 2878 si
714 2817 788 2877 nihil
805 2818 870 2897 agit
881 2815 995 2892 bomo,-

63 2901 165 2963 nullus
188 2900 276 2962 locus
299 2908 345 2961 est
366 2900 502 2980 meritis,¹
523 2901 574 2960 nbi
597 2902 712 2962 meritis
734 2919 797 2962 non
820 2907 867 2962 est
888 2899 987 2977 locus,

62 2986 104 3047 ibi
121 3003 189 3056 ¹nec
210 2984 378 3066 suppliciis,
400 3003 458 3046 nec
480 2984 623 3064 praemiis
647 2984 733 3046 locus
756 2985 821 3047 erit.

146 3068 259 3129 lterum
283 3087 345 3129 non
367 3068 464 3147 videt,
486 3086 577 3147 quam
598 3069 750 3149 seipsam
772 3069 839 3127 istis
861 3066 988 3127 carnali·
1020 3136 1023 3140 ,

63 3151 120 3215 bus
142 3153 332 3232 argumentis
354 3152 462 3212 lortius
485 3151 639 3231 confutet,
677 3171 768 3231 quam
796 3169 863 3212 nos.
908 3147 989 3224 Quid

64 3236 146 3296 enim
169 3234 302 3316 probant
329 3237 407 3297 istae
429 3236 594 3315 sequelae,
630 3235 688 3294 nisi
722 3240 819 3294 totum
849 3234 988 3299 meritum

64 3338 134 3381 esse
167 3338 263 3400 penes
298 3318 424 3381 liberum
461 3317 640 3381 arbitrium?
682 3316 741 3380 Ubi
778 3323 841 3377 tum
872 3317 990 3396 gratiae

65 3402 153 3464 locus
175 3402 252 3463 erit?
294 3404 391 3465 Porro
420 3405 445 3464 si
480 3402 667 3464 modiculum
704 3406 836 3462 meretur
860 3399 990 3459 liberum

65 3572 462 3602 w

139 3691 172 3760 1)
193 3693 224 3746 In
234 3690 279 3747 ad.
289 3691 346 3749 Ien.
356 3691 402 3748 hic
420 3692 448 3746 in
463 3686 587 3762 margine
597 3685 759 3758 inscriptum
769 3683 885 3756 legitur:
904 3685 986 3742 Eras-

67 3780 137 3821 mus.
837 3788 839 3793 ·
