2348 4162
125 234 189 303 442
310 234 367 293 Gur
384 244 413 294 st
430 237 571 307 quomodo
591 234 777 295 Christianum
794 234 881 293 Coae.

126 406 222 483 Reate
244 413 345 468 autern
368 412 459 468 vooat
474 407 624 487 Papatum
642 408 826 486 Romanum,
848 407 922 487 quia
941 425 1043 467 revera

125 489 201 551 nihil
237 490 319 552 aliud
351 497 411 569 est,
443 508 534 568 quam
565 491 714 570 Papatns,
747 509 810 552 non
832 490 1043 568 Apostolatns,

123 572 257 652 ideoque
289 582 405 635 tantum
428 574 601 654 Romanus,
634 593 696 634 non
729 572 823 637 etism
846 573 1042 635 Christianus.

123 655 243 718 Eodem
265 657 358 718 modo
380 657 561 737 aooipiende
583 663 654 718 sunt
670 658 786 737 regalia
800 657 893 732 Petri,
916 663 951 718 ut
971 674 1044 734 quas

123 758 186 801 non
210 759 228 800 a
249 740 370 801 Christo
392 739 464 802 data
486 746 573 815 sunt,
595 739 649 802 sed
672 759 752 819 quae
774 738 944 801 Pontitioes
965 759 984 801 a
1005 758 1044 801 rs

123 821 212 904 gibus
233 823 285 884 vel
307 843 362 902 per
385 822 488 885 dolum
511 824 561 884 vel
582 843 637 904 per
658 824 720 883 vim
742 823 935 885 abstulerint.

207 905 255 987 m)
279 907 420 968 Etiamne
452 913 560 968 eontra
581 907 733 968 Christum
756 906 878 986 ipsum?
911 905 993 967 Nam
1018 910 1045 967 st

123 991 159 1071 is,
182 997 215 1050 ut
236 1008 326 1050 verns
348 991 445 1068 Deus,
467 992 511 1051 ita
532 991 623 1051 etiam
646 1009 736 1051 verus
757 989 851 1050 homo
875 994 935 1051 est.
990 985 1043 1051 Sed

124 1073 196 1152 quid
232 1072 420 1145 dubitamus,
455 1093 523 1133 oum
555 1075 708 1134 neminem
742 1073 870 1135 omnino
901 1073 1041 1152 exoipist,

125 1163 157 1217 et
183 1155 320 1218 Christus
345 1154 496 1237 Papetum
524 1157 705 1218 nominatim
738 1155 948 1235 prohibuerit,
982 1172 1043 1215 eum

125 1240 253 1300 dioeret:
277 1239 379 1320 Reges
402 1241 539 1317 gentium
562 1239 758 1301 dominantur
781 1258 898 1317 earum,
919 1256 979 1301 ros
1000 1258 1044 1299 su·

123 1329 186 1383 tem
207 1340 271 1382 non
293 1323 347 1386 sio.
391 1323 516 1384 Frustra
546 1324 639 1405 igitur
664 1321 880 1383 defenderetur
905 1321 1044 1400 Papatus,

34 1468 37 1473 ,
124 1406 183 1467 nisi
206 1405 297 1465 etiam
332 1413 439 1466 oontm
460 1406 613 1467 Christum
643 1405 799 1467 hominem
823 1404 1042 1467 defenderetur.

125 1486 328 1569 Oportenta,
351 1508 370 1550 o
393 1489 520 1568 seelera,
543 1509 562 1549 o
584 1495 734 1550 tartareas
756 1488 860 1551 furias.

208 1569 245 1653 n)
276 1571 418 1632 Etiamne
456 1572 641 1652 mendaeiis,
685 1570 764 1632 dolis
802 1578 833 1632 et
870 1568 1045 1632 fraudibus?

124 1657 258 1717 etiamne
280 1654 574 1735 conspirationibus,
596 1653 820 1736 proditionibus
840 1660 873 1715 et
895 1653 1045 1715 seditioni·

123 1738 202 1799 bus?
246 1739 380 1798 etiamne
401 1737 573 1818 veneficiis,
607 1737 768 1807 eaedibus,
800 1737 988 1815 latrooiniis‚
1007 1738 1046 1797 in·

125 1823 206 1882 insto
230 1819 333 1881 bello?
376 1821 456 1897 Quid
478 1819 626 1901 quaeris?
659 1821 736 1882 Gom
758 1820 892 1900 Papatus
915 1821 958 1881 sit
979 1838 1046 1881 oon·

125 1912 172 1965 tra
199 1903 325 1965 verbum
349 1904 477 1980 Christi,
509 1924 572 1966 nou
607 1910 712 1984 potest
744 1904 883 1983 legitime
918 1900 1046 1964 defendi.

126 1986 229 2062 Quare
249 2005 379 2047 neeesse
392 1994 448 2066 est,
472 1986 645 2049 adiuturum
658 1986 689 2060 1)
715 1993 745 2047 et
757 1986 955 2047 defensorum
968 1984 1046 2047 auxi·

128 2070 171 2130 lia
192 2071 296 2131 omnia
317 2069 477 2150 illegitima
505 2078 537 2132 et
563 2070 679 2131 nefaria
711 2068 850 2149 intelligi.
895 2065 1046 2131 Oooniu·

124 2153 277 2214 rationem
290 2152 374 2212 iuriis
387 2153 583 2215 infernalibus
594 2151 851 2232 proouratrioibus
873 2152 1045 2226 conflatum,

124 2236 156 2296 in
179 2254 239 2314 qua
261 2233 398 2296 Christus
419 2256 480 2297 non
504 2236 603 2297 solum
627 2235 806 2316 abnegatur,
829 2254 936 2296 verum
960 2237 1044 2297 etiam

125 2324 263 2399 apertum
287 2320 314 2378 ei
338 2317 451 2379 beilum
474 2319 624 2382 indicitur.

210 2407 247 2477 ο)
272 2401 385 2477 Quinto
408 2403 596 2463 incrementa
628 2420 702 2463 suae
724 2400 895 2481 tyrannidis
918 2401 1045 2462 molitur.

125 2485 166 2546 Et
186 2491 270 2553 nota,
293 2486 375 2563 quod
397 2486 498 2546 nulius
522 2486 639 2546 Dootor
660 2485 866 2563 autoritatem,
888 2482 1046 2564 privilegis

126 2575 158 2629 et
180 2569 245 2631 iura
267 2568 370 2648 Papae
407 2568 562 2648 adaugere
584 2573 688 2647 potest
716 2567 839 2627 realiter
861 2574 893 2627 et
914 2586 985 2627 oum
1007 2563 1045 2626 ei·

125 2652 217 2713 iaetu.
260 2651 329 2711 Hoo
350 2653 431 2712 euim
454 2670 545 2712 nemo
568 2656 687 2731 potest,
721 2651 779 2711 nisi
802 2649 969 2727 donando,
998 2654 1046 2708 aut

126 2753 208 2795 nova
230 2735 295 2794 iura
318 2732 491 2812 condendo,
516 2753 643 2813 quorum
667 2733 728 2793 hoo
749 2732 807 2794 soli
830 2752 922 2811 roges
945 2742 976 2794 et
995 2733 1044 2792 im·

126 2823 287 2898 peratores
300 2824 439 2896 possunt,
461 2817 536 2878 iilud
549 2824 650 2878 autem
661 2814 824 2897 Doctores,
846 2818 920 2895 quia
933 2822 1045 2893 tenues,

125 2920 187 2961 non
211 2901 319 2964 soient.
363 2901 523 2980 Reliquum
556 2901 730 2981 igiturest,
761 2905 794 2960 ut
821 2898 852 2960 id
882 2916 947 2959 non
970 2915 1047 2961 asse·

126 2988 272 3062 quantur,
305 2984 362 3043 nisi
385 2984 451 3044 iure
480 2989 510 3044 et
531 3002 634 3043 saorss
657 2982 760 3043 literas
782 2982 988 3061 pervertendo
1019 2984 1046 3041 et

125 3067 247 3144 iniquas
270 3067 437 3128 sententias
459 3067 489 3126 in
511 3066 630 3127 iudioiis
653 3072 684 3126 ot
697 3065 844 3127 Consiliis
866 3065 897 3125 in
921 3066 1046 3144 gratiam

125 3147 229 3227 Papae
251 3147 392 3212 dioendo.

208 3228 243 3311 p)
268 3231 363 3293 Sexto
393 3232 485 3311 quieti
518 3238 549 3292 et
581 3231 735 3292 securitati
773 3250 847 3291 snae
881 3229 1047 3312 tyrannidis

127 3314 268 3376 oonsuiit.
311 3314 387 3375 Gurn
416 3322 517 3375 autem
541 3321 670 3390 statuta,
693 3312 920 3390 ordinationes,
950 3312 1047 3394 dispo

127 3398 253 3458 sitiones
287 3404 317 3458 et
348 3397 494 3458 mandata
516 3398 619 3478 Papae
650 3398 829 3477 plerumque
861 3397 924 3459 siut
945 3404 1048 3458 eontra

126 3480 252 3542 verbum
275 3481 343 3560 Dei,
367 3488 481 3541 eertum
505 3487 561 3559 est,
584 3480 677 3560 quod,
700 3481 835 3560 quisquis
848 3481 879 3543 iu
893 3481 947 3543 iiia
961 3487 1047 3557 meat,

200 3747 231 3811 1)
253 3745 282 3800 ln
301 3745 345 3803 ed
361 3745 443 3817 orig.:
465 3744 640 3802 adiutorium.
