2348 4162
195 246 257 311 178
441 247 485 303 De
503 261 584 303 servo
603 246 719 303 arbitrio
737 247 772 303 D.
789 247 826 304 11.
843 249 874 305 t.

196 416 310 478 mundo
339 417 456 497 gratis,
487 415 644 495 quomodo
679 416 863 495 Christianis
886 416 970 493 suis,
1002 417 1124 479 seilicet

196 500 318 577 electis,
347 519 408 562 non
433 500 528 561 multo
552 501 676 560 maioris
699 501 773 561 lucis
803 507 834 561 et
856 499 1044 561 certitudinis
1067 501 1122 562 do·

195 590 283 644 neret
305 583 389 664 leges
414 591 445 644 et
465 583 597 664 regulae,
617 583 788 644 'seeundum
812 602 888 662 quas
911 602 980 644 sese
1003 589 1035 643 et
1056 601 1122 651 onr-

195 686 249 727 nes
272 685 381 728 censes
395 668 559 745 dirigerent
588 672 680 746 atque
692 671 931 747 componerent,
953 684 1021 727 cum
1043 672 1120 727 tem·

195 749 313 830 poralia
347 751 460 811 volito
492 751 554 810 suis
577 749 760 811 contemni?
813 749 844 810 Si
874 750 955 810 euim
984 748 1122 829 foenum,

195 832 277 913 quod
298 833 391 894 hodie
411 839 473 894 stat
494 841 525 893 et
547 851 613 892 cres
635 834 665 892 iu
688 832 840 893 olibanum
864 833 1013 911 mittitur,
1034 828 1143 894 Deus'

194 918 240 976 sic
261 917 369 995 vestit,
400 922 514 996 quanto
550 917 647 996 magis
675 915 760 977 uos?
815 914 876 976 Sed
904 934 1068 996 pergamus
1091 924 1123 977 et

195 999 357 1079 Scripturis
399 1000 562 1061 obruamus
604 999 751 1078 pestilens
789 998 868 1059 iliud
907 998 1121 1079 sophistarum

107 1146 112 1153 ¹
195 1082 331 1144 verbum.

277 1164 356 1226 Psoi.
385 1161 460 1247 191)
495 1163 579 1224 dicit:
611 1161 814 1245 Praeceptum
836 1164 961 1235 Domini
983 1162 1122 1225 lucidum

195 1267 248 1308 seu
271 1267 388 1327 purum,
412 1247 588 1307 illuminans
610 1247 727 1309 oculos.
761 1245 875 1323 Oredo,
896 1246 926 1307 id
948 1246 1123 1326 quodocu·

195 1331 241 1391 ios
264 1331 424 1408 illuminat,
446 1349 508 1390 non
533 1348 602 1390 esse
625 1330 787 1390 obscurum
811 1331 860 1390 rel
880 1330 1069 1410 ambiguum.

277 1412 354 1476 Item
377 1410 459 1474 Psel.
485 1411 588 1491 119¹):
611 1412 728 1473 Ostium
752 1413 914 1473 verborum
938 1419 1062 1475 tuorum
1084 1414 1121 1474 ii·

195 1497 343 1574 tuminat,
375 1505 405 1557 et
433 1497 621 1557 intellectum
645 1495 698 1557 det
726 1497 875 1576 parvulis.
927 1492 984 1556 Hic
1017 1496 1122 1559 verbis

195 1580 251 1641 Dei
274 1580 387 1659 tribuit,
411 1579 479 1655 ut²)
511 1579 573 1639 'sint
601 1580 712 1640 ostium
735 1587 765 1640 et
788 1585 926 1659 apertum
961 1578 1122 1661 quiddam,

194 1662 277 1742 quod
300 1663 441 1724 omuibus
465 1663 639 1742 expositum
662 1663 702 1722 sit
723 1668 753 1722 et
775 1664 866 1723 etiem
881 1661 1028 1742 parvulos
1050 1663 1121 1724 iiiu-

195 1748 299 1807 minet.

275 1826 347 1890 Isei.
370 1830 389 1893 8
423 1826 461 1887 ad
483 1827 583 1906 legem
606 1834 637 1887 et
659 1829 866 1888 testimonium
900 1827 990 1888 mittit
1010 1846 1122 1891 omues

95 1932 110 1990 ¹·
194 1913 408 1991 quaestiones,
431 1917 462 1970 et
483 1911 541 1970 nisi
563 1909 625 1970 hoc
646 1910 825 1990 fecerimus,
859 1911 991 1971 minetur
1027 1912 1121 1974 nobis

194 1993 366 2075 negandam
390 2011 459 2053 esse
481 1993 581 2053 lucem
605 2012 744 2055 aurorae.

277 2074 311 2138 In
334 2075 579 2156 Zacharie'Oep.
603 2077 622 2139 2
646 2077 784 2156 mandat,
815 2082 848 2136 ut
880 2096 919 2137 ex
941 2095 996 2139 ore
1016 2095 1121 2139 secer·

195 2161 274 2221 dotis
299 2159 397 2239 legem
427 2161 603 2238 requirant,
637 2167 669 2219 ut
691 2165 742 2238 qui
769 2160 808 2219 sit
836 2159 964 2239 augelus
992 2159 1120 2222 Domini

195 2244 392 2305 exercituum.
426 2241 649 2303 Pulcherrimus
671 2244 790 2303 scilicet
810 2242 938 2322 angelus
962 2242 1011 2303 vel
1033 2243 1118 2324 iega-

195 2335 241 2386 tus
266 2326 399 2404 Domini,
421 2327 472 2404 qui
495 2345 532 2386 ea
554 2325 681 2404 afferat,
704 2344 784 2405 quae
806 2332 868 2385 tum
892 2326 951 2406 ipsi
972 2327 1034 2387 sint
1057 2346 1119 2389 am·

194 2410 311 2488 bigua,
334 2416 397 2469 tum
420 2410 535 2488 populo
560 2409 712 2487 obscura,
745 2415 778 2469 ut
798 2408 916 2469 neseiat
953 2417 1015 2469 tam
1050 2410 1119 2491 ipse

194 2491 266 2571 quid
290 2492 441 2571 loquatur,
463 2491 531 2572 et³)
554 2492 597 2552 illi
621 2491 692 2571 quid
716 2491 850 2554 audiant.

277 2575 317 2635 Et
338 2574 408 2654 quid
431 2577 460 2633 in
475 2576 618 2636 universo
643 2577 737 2636 veteri
749 2576 958 2653 Testamento,
981 2575 1118 2637 maxime

194 2677 255 2719 uuo
288 2658 341 2719 iiio
365 2657 474 2722 Pselm.
500 2655 597 2740 119¹)
627 2657 736 2718 dicitur
768 2661 798 2718 in
826 2657 918 2719 laude
940 2656 1119 2738 Scripturas

194 2742 389 2821 frequentius,
413 2759 503 2819 quam
525 2741 623 2819 ipsum
648 2760 716 2801 esse
738 2741 838 2801 lucem
861 2741 1065 2802 certissimam
1088 2747 1119 2809 et

194 2823 473 2885 evidentissimam?
525 2823 576 2883 Sic
598 2827 678 2884 enim
700 2825 836 2885 celebret
863 2823 915 2885 ille
945 2823 1116 2885 claritatem

193 2908 275 2968 eius:
297 2907 433 2966 Lucerna
447 2906 575 2986 pedibus
599 2909 674 2967 meis
694 2907 818 2968 verbum
844 2916 938 2984 tuum,
960 2907 1117 2969 etlumen

194 2991 309 3051 semitis
334 2991 419 3051 meis.
462 2989 531 3051 Non
555 2991 606 3069 ait,
629 2992 754 3052 lucerua
768 2990 897 3071 pedibus
920 2992 995 3051 meis
1016 2991 1117 3052 solum

193 3074 315 3153 spiritus
345 3079 435 3152 tuus,
468 3073 539 3134 licet
559 3081 589 3133 et
622 3075 693 3134 huic
715 3075 827 3135 tribuat
870 3092 958 3134 suum
981 3072 1117 3136 officium

194 3156 313 3217 diceus:
350 3156 479 3238 Spiritus
514 3165 582 3216 tuus
615 3157 714 3217 bonus
746 3157 878 3219 deducet
911 3175 961 3218 me
983 3158 1013 3217 iu
1038 3164 1118 3219 terra

192 3247 295 3318 recta,
314 3242 357 3301 ite
379 3247 410 3301 et
430 3241 480 3300 vic
503 3247 533 3301 et
554 3242 663 3302 semita
676 3242 794 3322 dicitur,
817 3242 958 3302 nimirum
981 3260 1001 3302 a
1022 3241 1117 3303 nimia

193 3323 384 3388 certitudine.

276 3405 442 3470 Veniamus
464 3405 503 3467 ad
525 3425 638 3467 novum
661 3408 901 3471 Testamentum.
938 3407 1052 3469 Paulus
1074 3405 1117 3468 di·

193 3592 586 3603 -———--—-0——-—--·-0--—

265 3692 292 3758 1)
311 3691 342 3745 In
370 3690 434 3747 edd.
462 3691 547 3760 ortge
573 3691 615 3746 18.
642 3691 701 3747 118.
748 3692 776 3760 2)
805 3692 836 3747 In
859 3691 903 3747 ed.
931 3693 1007 3750 Ion:
1032 3690 1113 3764 quod

192 3762 325 3827 titinio:
347 3770 412 3819 tem.
