<?xml version="1.0" encoding="UTF-8"?>
<!DOCTYPE html PUBLIC "-//W3C//DTD XHTML 1.0 Transitional//EN"
    "http://www.w3.org/TR/xhtml1/DTD/xhtml1-transitional.dtd">
<html xmlns="http://www.w3.org/1999/xhtml" xml:lang="en" lang="en">
 <head>
  <title>
</title>
<meta http-equiv="Content-Type" content="text/html;charset=utf-8" />
  <meta name='ocr-system' content='tesseract 3.04.00' />
  <meta name='ocr-capabilities' content='ocr_page ocr_carea ocr_par ocr_line ocrx_word'/>
</head>
<body>
  <div class='ocr_page' id='page_1' title='image "./dmartinilutheri02luthgoog_0361.png"; bbox 0 0 2348 4162; ppageno 0'>
   <div class='ocr_carea' id='block_1_1' title="bbox 130 243 811 309">
    <p class='ocr_par' dir='ltr' id='par_1_1' title="bbox 130 243 811 309">
     <span class='ocr_line' id='line_1_1' title="bbox 130 243 811 309; baseline 0.001 -9"><span class='ocrx_word' id='word_1_1' title='bbox 130 243 193 309; x_wconf 88' lang='grc'>348</span> <span class='ocrx_word' id='word_1_2' title='bbox 377 244 421 301; x_wconf 87' lang='lat' dir='ltr'>De</span> <span class='ocrx_word' id='word_1_3' title='bbox 439 260 521 301; x_wconf 89' lang='lat' dir='ltr'>servo</span> <span class='ocrx_word' id='word_1_4' title='bbox 539 243 653 302; x_wconf 85' lang='lat' dir='ltr'>arbitrio</span> <span class='ocrx_word' id='word_1_5' title='bbox 672 246 707 303; x_wconf 89' lang='lat' dir='ltr'>D.</span> <span class='ocrx_word' id='word_1_6' title='bbox 725 245 762 303; x_wconf 83' lang='lat' dir='ltr'>ll.</span> <span class='ocrx_word' id='word_1_7' title='bbox 780 247 811 302; x_wconf 87' lang='lat' dir='ltr'>L.</span> 
     </span>
    </p>
   </div>
   <div class='ocr_carea' id='block_1_2' title="bbox 58 415 1053 3801">
    <p class='ocr_par' dir='ltr' id='par_1_2' title="bbox 58 415 1052 809">
     <span class='ocr_line' id='line_1_2' title="bbox 131 415 1051 498; baseline 0.001 -22"><span class='ocrx_word' id='word_1_8' title='bbox 131 417 320 496; x_wconf 87' lang='lat' dir='ltr'>opponerem</span> <span class='ocrx_word' id='word_1_9' title='bbox 345 422 398 476; x_wconf 89' lang='lat' dir='ltr'>aut</span> <span class='ocrx_word' id='word_1_10' title='bbox 419 415 655 496; x_wconf 81' lang='lat' dir='ltr'><strong>responderem,</strong></span> <span class='ocrx_word' id='word_1_11' title='bbox 671 415 733 481; x_wconf 84' lang='lat' dir='ltr'>sed</span> <span class='ocrx_word' id='word_1_12' title='bbox 756 434 885 498; x_wconf 84' lang='lat' dir='ltr'>eogerer</span> <span class='ocrx_word' id='word_1_13' title='bbox 907 417 969 477; x_wconf 85' lang='lat' dir='ltr'>vim</span> <span class='ocrx_word' id='word_1_14' title='bbox 992 418 1051 477; x_wconf 87' lang='lat' dir='ltr'>mei</span> 
     </span>
     <span class='ocr_line' id='line_1_3' title="bbox 130 496 1052 580; baseline 0.001 -22"><span class='ocrx_word' id='word_1_15' title='bbox 130 497 216 559; x_wconf 91' lang='lat' dir='ltr'>liberi</span> <span class='ocrx_word' id='word_1_16' title='bbox 238 496 353 561; x_wconf 87' lang='lat' dir='ltr'>arbitrii</span> <span class='ocrx_word' id='word_1_17' title='bbox 385 520 446 561; x_wconf 89' lang='lat' dir='ltr'>una</span> <span class='ocrx_word' id='word_1_18' title='bbox 473 518 542 560; x_wconf 89' lang='lat' dir='ltr'>oum</span> <span class='ocrx_word' id='word_1_19' title='bbox 571 518 627 561; x_wconf 85' lang='lat' dir='ltr'>suo</span> <span class='ocrx_word' id='word_1_20' title='bbox 650 506 763 561; x_wconf 85' lang='lat' dir='ltr'>oonatu</span> <span class='ocrx_word' id='word_1_21' title='bbox 786 500 952 580; x_wconf 78' lang='lat' dir='ltr'>complenti</span> <span class='ocrx_word' id='word_1_22' title='bbox 974 500 1052 561; x_wconf 86' lang='lat' dir='ltr'>iuter</span> 
     </span>
     <span class='ocr_line' id='line_1_4' title="bbox 130 581 1052 664; baseline 0.001 -22"><span class='ocrx_word' id='word_1_23' title='bbox 130 581 244 642; x_wconf 80' lang='lat' dir='ltr'>Omnes</span> <span class='ocrx_word' id='word_1_24' title='bbox 267 588 297 642; x_wconf 87' lang='lat' dir='ltr'>et</span> <span class='ocrx_word' id='word_1_25' title='bbox 317 582 426 651; x_wconf 87' lang='lat' dir='ltr'>Nullos</span> <span class='ocrx_word' id='word_1_26' title='bbox 447 583 534 664; x_wconf 88' lang='lat' dir='ltr'>illos,</span> <span class='ocrx_word' id='word_1_27' title='bbox 567 581 605 643; x_wconf 91' lang='lat' dir='ltr'>de</span> <span class='ocrx_word' id='word_1_28' title='bbox 632 583 740 662; x_wconf 88' lang='lat' dir='ltr'>quibus</span> <span class='ocrx_word' id='word_1_29' title='bbox 761 581 878 645; x_wconf 92' lang='lat' dir='ltr'>Paulus</span> <span class='ocrx_word' id='word_1_30' title='bbox 907 582 1052 663; x_wconf 89' lang='lat' dir='ltr'>loquitur,</span> 
     </span>
     <span class='ocr_line' id='line_1_5' title="bbox 58 665 1052 747; baseline 0.003 -23"><span class='ocrx_word' id='word_1_31' title='bbox 58 720 61 725; x_wconf 83' lang='grc'><strong>,</strong></span> <span class='ocrx_word' id='word_1_32' title='bbox 129 665 188 724; x_wconf 88' lang='lat' dir='ltr'>nisi</span> <span class='ocrx_word' id='word_1_33' title='bbox 211 682 293 725; x_wconf 88' lang='lat' dir='ltr'>nova</span> <span class='ocrx_word' id='word_1_34' title='bbox 312 668 512 746; x_wconf 79' lang='lat' dir='ltr'>grammatica</span> <span class='ocrx_word' id='word_1_35' title='bbox 542 672 595 727; x_wconf 88' lang='lat' dir='ltr'>aut</span> <span class='ocrx_word' id='word_1_36' title='bbox 623 684 731 728; x_wconf 83' lang='lat' dir='ltr'>novus·</span> <span class='ocrx_word' id='word_1_37' title='bbox 745 686 817 727; x_wconf 90' lang='lat' dir='ltr'>usus</span> <span class='ocrx_word' id='word_1_38' title='bbox 839 665 988 747; x_wconf 86' lang='lat' dir='ltr'>loquendi</span> <span class='ocrx_word' id='word_1_39' title='bbox 1008 667 1052 727; x_wconf 90' lang='lat' dir='ltr'>in·</span> 
     </span>
     <span class='ocr_line' id='line_1_6' title="bbox 132 747 318 809; baseline 0.005 -1"><span class='ocrx_word' id='word_1_40' title='bbox 132 747 318 809; x_wconf 86' lang='lat' dir='ltr'>troduoatur.</span> 
     </span>
    </p>

    <p class='ocr_par' dir='ltr' id='par_1_3' title="bbox 125 830 1053 2143">
     <span class='ocr_line' id='line_1_7' title="bbox 213 830 1053 913; baseline 0.002 -22"><span class='ocrx_word' id='word_1_41' title='bbox 213 833 258 891; x_wconf 85' lang='lat' dir='ltr'>Ae</span> <span class='ocrx_word' id='word_1_42' title='bbox 279 838 403 912; x_wconf 87' lang='lat' dir='ltr'>tropum</span> <span class='ocrx_word' id='word_1_43' title='bbox 437 832 516 894; x_wconf 82' lang='lat' dir='ltr'>forte</span> <span class='ocrx_word' id='word_1_44' title='bbox 543 832 691 913; x_wconf 88' lang='lat' dir='ltr'>suspioari</span> <span class='ocrx_word' id='word_1_45' title='bbox 725 837 757 893; x_wconf 87' lang='lat' dir='ltr'>et</span> <span class='ocrx_word' id='word_1_46' title='bbox 782 830 877 893; x_wconf 83' lang='lat' dir='ltr'>verba</span> <span class='ocrx_word' id='word_1_47' title='bbox 903 840 1053 913; x_wconf 86' lang='lat' dir='ltr'>exeerpta</span> 
     </span>
     <span class='ocr_line' id='line_1_8' title="bbox 129 915 1051 995; baseline 0.003 -21"><span class='ocrx_word' id='word_1_48' title='bbox 129 920 272 995; x_wconf 89' lang='lat' dir='ltr'>torquere</span> <span class='ocrx_word' id='word_1_49' title='bbox 293 915 409 995; x_wconf 86' lang='lat' dir='ltr'>lioeret,</span> <span class='ocrx_word' id='word_1_50' title='bbox 431 917 455 975; x_wconf 88' lang='lat' dir='ltr'>si</span> <span class='ocrx_word' id='word_1_51' title='bbox 478 915 574 976; x_wconf 90' lang='lat' dir='ltr'>somel</span> <span class='ocrx_word' id='word_1_52' title='bbox 596 921 649 976; x_wconf 87' lang='lat' dir='ltr'>aut</span> <span class='ocrx_word' id='word_1_53' title='bbox 671 934 732 975; x_wconf 90' lang='lat' dir='ltr'>uno</span> <span class='ocrx_word' id='word_1_54' title='bbox 755 915 826 976; x_wconf 94' lang='lat' dir='ltr'>looo</span> <span class='ocrx_word' id='word_1_55' title='bbox 849 920 986 979; x_wconf 85' lang='lat' dir='ltr'>uteretur</span> <span class='ocrx_word' id='word_1_56' title='bbox 999 915 1051 977; x_wconf 87' lang='lat' dir='ltr'>tali</span> 
     </span>
     <span class='ocr_line' id='line_1_9' title="bbox 129 996 1051 1080; baseline 0.002 -22"><span class='ocrx_word' id='word_1_57' title='bbox 129 1005 217 1075; x_wconf 71' lang='lat' dir='ltr'>uota,</span> <span class='ocrx_word' id='word_1_58' title='bbox 240 1004 272 1059; x_wconf 85' lang='lat' dir='ltr'>at</span> <span class='ocrx_word' id='word_1_59' title='bbox 293 1018 374 1059; x_wconf 89' lang='lat' dir='ltr'>nuno</span> <span class='ocrx_word' id='word_1_60' title='bbox 395 1004 544 1080; x_wconf 88' lang='lat' dir='ltr'>perpetuo</span> <span class='ocrx_word' id='word_1_61' title='bbox 567 1000 677 1077; x_wconf 85' lang='lat' dir='ltr'>utitur,</span> <span class='ocrx_word' id='word_1_62' title='bbox 699 1004 762 1058; x_wconf 86' lang='lat' dir='ltr'>tum</span> <span class='ocrx_word' id='word_1_63' title='bbox 785 997 875 1058; x_wconf 91' lang='lat' dir='ltr'>simul</span> <span class='ocrx_word' id='word_1_64' title='bbox 897 996 1051 1060; x_wconf 84' lang='lat' dir='ltr'>affirmati·</span> 
     </span>
     <span class='ocr_line' id='line_1_10' title="bbox 128 1081 1052 1161; baseline 0 -20"><span class='ocrx_word' id='word_1_65' title='bbox 128 1081 176 1141; x_wconf 88' lang='lat' dir='ltr'>vis</span> <span class='ocrx_word' id='word_1_66' title='bbox 199 1087 229 1142; x_wconf 90' lang='lat' dir='ltr'>et</span> <span class='ocrx_word' id='word_1_67' title='bbox 240 1082 402 1161; x_wconf 83' lang='lat' dir='ltr'>negativis,</span> <span class='ocrx_word' id='word_1_68' title='bbox 424 1090 454 1142; x_wconf 90' lang='lat' dir='ltr'>et</span> <span class='ocrx_word' id='word_1_69' title='bbox 482 1082 666 1143; x_wconf 86' lang='lat' dir='ltr'>senteutiam</span> <span class='ocrx_word' id='word_1_70' title='bbox 688 1101 743 1161; x_wconf 89' lang='lat' dir='ltr'>per</span> <span class='ocrx_word' id='word_1_71' title='bbox 764 1082 1000 1144; x_wconf 74' lang='lat' dir='ltr'>contentionem</span> <span class='ocrx_word' id='word_1_72' title='bbox 1022 1087 1052 1142; x_wconf 84' lang='lat' dir='ltr'>et</span> 
     </span>
     <span class='ocr_line' id='line_1_11' title="bbox 130 1164 1050 1246; baseline 0.001 -22"><span class='ocrx_word' id='word_1_73' title='bbox 130 1164 325 1244; x_wconf 82' lang='lat' dir='ltr'>partitionem</span> <span class='ocrx_word' id='word_1_74' title='bbox 348 1165 511 1245; x_wconf 88' lang='lat' dir='ltr'>utrobique</span> <span class='ocrx_word' id='word_1_75' title='bbox 522 1164 738 1226; x_wconf 89' lang='lat' dir='ltr'>universalium</span> <span class='ocrx_word' id='word_1_76' title='bbox 752 1167 882 1246; x_wconf 88' lang='lat' dir='ltr'>partium</span> <span class='ocrx_word' id='word_1_77' title='bbox 906 1165 952 1225; x_wconf 86' lang='lat' dir='ltr'>sio</span> <span class='ocrx_word' id='word_1_78' title='bbox 974 1171 1050 1227; x_wconf 85' lang='lat' dir='ltr'>trao-</span> 
     </span>
     <span class='ocr_line' id='line_1_12' title="bbox 129 1247 1051 1328; baseline 0.004 -21"><span class='ocrx_word' id='word_1_79' title='bbox 129 1253 182 1325; x_wconf 88' lang='lat' dir='ltr'>tat,</span> <span class='ocrx_word' id='word_1_80' title='bbox 205 1252 322 1308; x_wconf 90' lang='lat' dir='ltr'>utnon</span> <span class='ocrx_word' id='word_1_81' title='bbox 345 1248 438 1309; x_wconf 91' lang='lat' dir='ltr'>modo</span> <span class='ocrx_word' id='word_1_82' title='bbox 463 1267 574 1309; x_wconf 86' lang='lat' dir='ltr'>vooum</span> <span class='ocrx_word' id='word_1_83' title='bbox 596 1253 704 1308; x_wconf 85' lang='lat' dir='ltr'>natura</span> <span class='ocrx_word' id='word_1_84' title='bbox 718 1253 749 1309; x_wconf 91' lang='lat' dir='ltr'>et</span> <span class='ocrx_word' id='word_1_85' title='bbox 771 1249 839 1328; x_wconf 84' lang='lat' dir='ltr'>ipso</span> <span class='ocrx_word' id='word_1_86' title='bbox 862 1249 974 1328; x_wconf 78' lang='lat' dir='ltr'>oralia,</span> <span class='ocrx_word' id='word_1_87' title='bbox 997 1247 1051 1311; x_wconf 86' lang='lat' dir='ltr'>sed</span> 
     </span>
     <span class='ocr_line' id='line_1_13' title="bbox 128 1332 1051 1413; baseline 0.003 -22"><span class='ocrx_word' id='word_1_88' title='bbox 128 1335 159 1391; x_wconf 84' lang='lat' dir='ltr'>et</span> <span class='ocrx_word' id='word_1_89' title='bbox 170 1333 401 1412; x_wconf 79' lang='lat' dir='ltr'>consequentia,</span> <span class='ocrx_word' id='word_1_90' title='bbox 425 1332 652 1413; x_wconf 76' lang='lat' dir='ltr'>praecedentia,</span> <span class='ocrx_word' id='word_1_91' title='bbox 675 1332 932 1410; x_wconf 86' lang='lat' dir='ltr'>oiroumstontiae,</span> <span class='ocrx_word' id='word_1_92' title='bbox 953 1333 1051 1394; x_wconf 86' lang='lat' dir='ltr'>inten-</span> 
     </span>
     <span class='ocr_line' id='line_1_14' title="bbox 127 1413 1048 1496; baseline 0.004 -24"><span class='ocrx_word' id='word_1_93' title='bbox 127 1413 232 1491; x_wconf 88' lang='lat' dir='ltr'>tioque</span> <span class='ocrx_word' id='word_1_94' title='bbox 255 1419 286 1474; x_wconf 90' lang='lat' dir='ltr'>et</span> <span class='ocrx_word' id='word_1_95' title='bbox 307 1433 417 1496; x_wconf 82' lang='lat' dir='ltr'>eorpus</span> <span class='ocrx_word' id='word_1_96' title='bbox 441 1416 540 1495; x_wconf 91' lang='lat' dir='ltr'>ipsum</span> <span class='ocrx_word' id='word_1_97' title='bbox 573 1416 666 1476; x_wconf 87' lang='lat' dir='ltr'>totius</span> <span class='ocrx_word' id='word_1_98' title='bbox 689 1413 904 1494; x_wconf 79' lang='lat' dir='ltr'>disputationis</span> <span class='ocrx_word' id='word_1_99' title='bbox 927 1434 1048 1476; x_wconf 87' lang='lat' dir='ltr'>sensum</span> 
     </span>
     <span class='ocr_line' id='line_1_15' title="bbox 128 1496 1050 1578; baseline 0.004 -23"><span class='ocrx_word' id='word_1_100' title='bbox 128 1514 323 1558; x_wconf 79' lang='lat' dir='ltr'>communem</span> <span class='ocrx_word' id='word_1_101' title='bbox 346 1498 547 1569; x_wconf 82' lang='lat' dir='ltr'>oonoludant,</span> <span class='ocrx_word' id='word_1_102' title='bbox 579 1496 708 1560; x_wconf 87' lang='lat' dir='ltr'>Paulum</span> <span class='ocrx_word' id='word_1_103' title='bbox 732 1497 823 1578; x_wconf 86' lang='lat' dir='ltr'>vello,</span> <span class='ocrx_word' id='word_1_104' title='bbox 857 1496 942 1577; x_wconf 90' lang='lat' dir='ltr'>quod</span> <span class='ocrx_word' id='word_1_105' title='bbox 965 1504 1050 1560; x_wconf 81' lang='lat' dir='ltr'>extre</span> 
     </span>
     <span class='ocr_line' id='line_1_16' title="bbox 127 1576 1049 1661; baseline 0.004 -22"><span class='ocrx_word' id='word_1_106' title='bbox 127 1577 218 1639; x_wconf 89' lang='lat' dir='ltr'>fidem</span> <span class='ocrx_word' id='word_1_107' title='bbox 240 1579 351 1641; x_wconf 81' lang='lat' dir='ltr'>christi</span> <span class='ocrx_word' id='word_1_108' title='bbox 381 1582 456 1644; x_wconf 89' lang='lat' dir='ltr'>nihil</span> <span class='ocrx_word' id='word_1_109' title='bbox 485 1582 543 1642; x_wconf 92' lang='lat' dir='ltr'>nisi</span> <span class='ocrx_word' id='word_1_110' title='bbox 565 1586 725 1661; x_wconf 82' lang='lat' dir='ltr'>peceatum</span> <span class='ocrx_word' id='word_1_111' title='bbox 759 1588 790 1641; x_wconf 86' lang='lat' dir='ltr'>et</span> <span class='ocrx_word' id='word_1_112' title='bbox 819 1580 979 1643; x_wconf 87' lang='lat' dir='ltr'>damnatio</span> <span class='ocrx_word' id='word_1_113' title='bbox 1003 1576 1049 1643; x_wconf 84' lang='lat' dir='ltr'>sit.</span> 
     </span>
     <span class='ocr_line' id='line_1_17' title="bbox 128 1661 1049 1745; baseline 0.004 -24"><span class='ocrx_word' id='word_1_114' title='bbox 128 1661 230 1740; x_wconf 82' lang='lat' dir='ltr'>Atque</span> <span class='ocrx_word' id='word_1_115' title='bbox 251 1663 312 1724; x_wconf 89' lang='lat' dir='ltr'>hoo</span> <span class='ocrx_word' id='word_1_116' title='bbox 333 1664 427 1726; x_wconf 89' lang='lat' dir='ltr'>modo</span> <span class='ocrx_word' id='word_1_117' title='bbox 449 1684 505 1726; x_wconf 90' lang='lat' dir='ltr'>nos</span> <span class='ocrx_word' id='word_1_118' title='bbox 528 1664 737 1726; x_wconf 76' lang='lat' dir='ltr'>confutaturos</span> <span class='ocrx_word' id='word_1_119' title='bbox 760 1683 830 1725; x_wconf 87' lang='lat' dir='ltr'>esse</span> <span class='ocrx_word' id='word_1_120' title='bbox 851 1665 1049 1745; x_wconf 73' lang='lat' dir='ltr'>promisimus</span> 
     </span>
     <span class='ocr_line' id='line_1_18' title="bbox 127 1744 1048 1827; baseline 0.004 -22"><span class='ocrx_word' id='word_1_121' title='bbox 127 1744 254 1806; x_wconf 88' lang='lat' dir='ltr'>liberum</span> <span class='ocrx_word' id='word_1_122' title='bbox 276 1747 449 1825; x_wconf 81' lang='lat' dir='ltr'>arbitrium,</span> <span class='ocrx_word' id='word_1_123' title='bbox 482 1754 597 1809; x_wconf 90' lang='lat' dir='ltr'>utnon</span> <span class='ocrx_word' id='word_1_124' title='bbox 631 1753 745 1827; x_wconf 82' lang='lat' dir='ltr'>queant</span> <span class='ocrx_word' id='word_1_125' title='bbox 777 1748 921 1809; x_wconf 87' lang='lat' dir='ltr'>resistere</span> <span class='ocrx_word' id='word_1_126' title='bbox 944 1766 1048 1809; x_wconf 84' lang='lat' dir='ltr'>omues</span> 
     </span>
     <span class='ocr_line' id='line_1_19' title="bbox 128 1828 1047 1912; baseline 0.003 -24"><span class='ocrx_word' id='word_1_127' title='bbox 128 1828 304 1907; x_wconf 86' lang='lat' dir='ltr'>adversarii,</span> <span class='ocrx_word' id='word_1_128' title='bbox 326 1830 357 1891; x_wconf 92' lang='lat' dir='ltr'>id</span> <span class='ocrx_word' id='word_1_129' title='bbox 380 1831 462 1912; x_wconf 94' lang='lat' dir='ltr'>quod</span> <span class='ocrx_word' id='word_1_130' title='bbox 475 1831 606 1893; x_wconf 86' lang='lat' dir='ltr'>arbitror</span> <span class='ocrx_word' id='word_1_131' title='bbox 629 1831 809 1906; x_wconf 83' lang='lat' dir='ltr'>malacisso,</span> <span class='ocrx_word' id='word_1_132' title='bbox 832 1831 925 1892; x_wconf 84' lang='lat' dir='ltr'>etiam</span> <span class='ocrx_word' id='word_1_133' title='bbox 949 1832 974 1892; x_wconf 91' lang='lat' dir='ltr'>si</span> <span class='ocrx_word' id='word_1_134' title='bbox 988 1850 1047 1893; x_wconf 90' lang='lat' dir='ltr'>non</span> 
     </span>
     <span class='ocr_line' id='line_1_20' title="bbox 130 1911 1047 1993; baseline 0.005 -23"><span class='ocrx_word' id='word_1_135' title='bbox 130 1911 302 1972; x_wconf 84' lang='lat' dir='ltr'>oonoedant</span> <span class='ocrx_word' id='word_1_136' title='bbox 323 1915 395 1975; x_wconf 88' lang='lat' dir='ltr'>rioti</span> <span class='ocrx_word' id='word_1_137' title='bbox 424 1915 455 1974; x_wconf 93' lang='lat' dir='ltr'>in</span> <span class='ocrx_word' id='word_1_138' title='bbox 477 1919 613 1975; x_wconf 88' lang='lat' dir='ltr'>nostram</span> <span class='ocrx_word' id='word_1_139' title='bbox 638 1914 820 1975; x_wconf 86' lang='lat' dir='ltr'>sententiam</span> <span class='ocrx_word' id='word_1_140' title='bbox 842 1918 895 1975; x_wconf 90' lang='lat' dir='ltr'>aut</span> <span class='ocrx_word' id='word_1_141' title='bbox 916 1918 1047 1993; x_wconf 77' lang='lat' dir='ltr'>taonem,</span> 
     </span>
     <span class='ocr_line' id='line_1_21' title="bbox 125 1994 1047 2078; baseline 0.007 -25"><span class='ocrx_word' id='word_1_142' title='bbox 125 2013 195 2053; x_wconf 89' lang='lat' dir='ltr'>nam</span> <span class='ocrx_word' id='word_1_143' title='bbox 219 1994 279 2056; x_wconf 86' lang='lat' dir='ltr'>hoo</span> <span class='ocrx_word' id='word_1_144' title='bbox 300 2003 424 2058; x_wconf 87' lang='lat' dir='ltr'>nostrae</span> <span class='ocrx_word' id='word_1_145' title='bbox 446 2016 508 2059; x_wconf 89' lang='lat' dir='ltr'>non</span> <span class='ocrx_word' id='word_1_146' title='bbox 531 2004 577 2058; x_wconf 87' lang='lat' dir='ltr'>est</span> <span class='ocrx_word' id='word_1_147' title='bbox 599 1998 677 2078; x_wconf 90' lang='lat' dir='ltr'>opis,</span> <span class='ocrx_word' id='word_1_148' title='bbox 699 1997 820 2078; x_wconf 90' lang='lat' dir='ltr'>spiritus</span> <span class='ocrx_word' id='word_1_149' title='bbox 842 1998 900 2058; x_wconf 91' lang='lat' dir='ltr'>Dei</span> <span class='ocrx_word' id='word_1_150' title='bbox 922 1997 986 2061; x_wconf 87' lang='lat' dir='ltr'>hoo</span> <span class='ocrx_word' id='word_1_151' title='bbox 999 1997 1047 2059; x_wconf 85' lang='lat' dir='ltr'>‹lo-</span> 
     </span>
     <span class='ocr_line' id='line_1_22' title="bbox 126 2084 278 2143; baseline 0.039 -7"><span class='ocrx_word' id='word_1_152' title='bbox 126 2097 198 2137; x_wconf 90' lang='lat' dir='ltr'>num</span> <span class='ocrx_word' id='word_1_153' title='bbox 223 2084 278 2143; x_wconf 85' lang='lat' dir='ltr'>est.</span> 
     </span>
    </p>

    <p class='ocr_par' dir='ltr' id='par_1_4' title="bbox 124 2159 1045 3801">
     <span class='ocr_line' id='line_1_23' title="bbox 209 2159 1045 2241; baseline 0.002 -19"><span class='ocrx_word' id='word_1_154' title='bbox 209 2159 268 2222; x_wconf 81' lang='lat' dir='ltr'>Sed</span> <span class='ocrx_word' id='word_1_155' title='bbox 302 2168 466 2241; x_wconf 88' lang='lat' dir='ltr'>antequam</span> <span class='ocrx_word' id='word_1_156' title='bbox 488 2161 660 2223; x_wconf 88' lang='lat' dir='ltr'>Iohannem</span> <span class='ocrx_word' id='word_1_157' title='bbox 683 2162 916 2241; x_wconf 80' lang='lat' dir='ltr'>Evengslistam</span> <span class='ocrx_word' id='word_1_158' title='bbox 948 2162 1045 2225; x_wconf 86' lang='lat' dir='ltr'>audia-</span> 
     </span>
     <span class='ocr_line' id='line_1_24' title="bbox 127 2244 1043 2325; baseline 0.002 -22"><span class='ocrx_word' id='word_1_159' title='bbox 127 2262 210 2324; x_wconf 88' lang='lat' dir='ltr'>mus,</span> <span class='ocrx_word' id='word_1_160' title='bbox 246 2244 423 2306; x_wconf 79' lang='lat' dir='ltr'>coronidem</span> <span class='ocrx_word' id='word_1_161' title='bbox 447 2244 603 2305; x_wconf 86' lang='lat' dir='ltr'>Paulinam</span> <span class='ocrx_word' id='word_1_162' title='bbox 640 2244 835 2323; x_wconf 78' lang='lat' dir='ltr'>adiiciamus,</span> <span class='ocrx_word' id='word_1_163' title='bbox 869 2247 971 2325; x_wconf 86' lang='lat' dir='ltr'>parati</span> <span class='ocrx_word' id='word_1_164' title='bbox 1000 2246 1043 2307; x_wconf 90' lang='lat' dir='ltr'>ubi</span> 
     </span>
     <span class='ocr_line' id='line_1_25' title="bbox 125 2326 1043 2409; baseline 0.004 -24"><span class='ocrx_word' id='word_1_165' title='bbox 125 2326 204 2386; x_wconf 85' lang='lat' dir='ltr'>hoeo</span> <span class='ocrx_word' id='word_1_166' title='bbox 225 2347 286 2388; x_wconf 89' lang='lat' dir='ltr'>non</span> <span class='ocrx_word' id='word_1_167' title='bbox 310 2328 384 2389; x_wconf 87' lang='lat' dir='ltr'>satis</span> <span class='ocrx_word' id='word_1_168' title='bbox 405 2328 525 2402; x_wconf 83' lang='lat' dir='ltr'>suerint,</span> <span class='ocrx_word' id='word_1_169' title='bbox 547 2335 645 2389; x_wconf 86' lang='lat' dir='ltr'>totum</span> <span class='ocrx_word' id='word_1_170' title='bbox 658 2327 785 2389; x_wconf 88' lang='lat' dir='ltr'>Paulum</span> <span class='ocrx_word' id='word_1_171' title='bbox 802 2335 953 2409; x_wconf 90' lang='lat' dir='ltr'>perpetuo</span> <span class='ocrx_word' id='word_1_172' title='bbox 968 2348 1043 2391; x_wconf 90' lang='lat' dir='ltr'>oom-</span> 
     </span>
     <span class='ocr_line' id='line_1_26' title="bbox 125 2410 1043 2492; baseline 0.002 -23"><span class='ocrx_word' id='word_1_173' title='bbox 125 2412 275 2472; x_wconf 84' lang='lat' dir='ltr'>moutario</span> <span class='ocrx_word' id='word_1_174' title='bbox 298 2412 328 2470; x_wconf 92' lang='lat' dir='ltr'>in</span> <span class='ocrx_word' id='word_1_175' title='bbox 341 2410 469 2471; x_wconf 87' lang='lat' dir='ltr'>liberum</span> <span class='ocrx_word' id='word_1_176' title='bbox 482 2410 636 2473; x_wconf 88' lang='lat' dir='ltr'>arbitrium</span> <span class='ocrx_word' id='word_1_177' title='bbox 651 2413 810 2492; x_wconf 88' lang='lat' dir='ltr'>instruere,</span> <span class='ocrx_word' id='word_1_178' title='bbox 832 2411 924 2474; x_wconf 88' lang='lat' dir='ltr'>Rom.</span> <span class='ocrx_word' id='word_1_179' title='bbox 946 2413 977 2491; x_wconf 82' lang='lat'>8,</span> <span class='ocrx_word' id='word_1_180' title='bbox 999 2411 1043 2473; x_wconf 93' lang='lat' dir='ltr'>ubi</span> 
     </span>
     <span class='ocr_line' id='line_1_27' title="bbox 125 2493 1042 2575; baseline 0.003 -22"><span class='ocrx_word' id='word_1_181' title='bbox 125 2512 222 2573; x_wconf 84' lang='lat' dir='ltr'>genus</span> <span class='ocrx_word' id='word_1_182' title='bbox 245 2494 410 2555; x_wconf 91' lang='lat' dir='ltr'>humanum</span> <span class='ocrx_word' id='word_1_183' title='bbox 434 2496 463 2554; x_wconf 91' lang='lat' dir='ltr'>in</span> <span class='ocrx_word' id='word_1_184' title='bbox 487 2493 548 2555; x_wconf 87' lang='lat' dir='ltr'>duo</span> <span class='ocrx_word' id='word_1_185' title='bbox 572 2494 686 2570; x_wconf 90' lang='lat' dir='ltr'>dividit,</span> <span class='ocrx_word' id='word_1_186' title='bbox 708 2496 739 2554; x_wconf 90' lang='lat' dir='ltr'>in</span> <span class='ocrx_word' id='word_1_187' title='bbox 763 2513 886 2554; x_wconf 86' lang='lat' dir='ltr'>earnem</span> <span class='ocrx_word' id='word_1_188' title='bbox 909 2502 940 2555; x_wconf 87' lang='lat' dir='ltr'>et</span> <span class='ocrx_word' id='word_1_189' title='bbox 962 2495 1042 2575; x_wconf 89' lang='lat' dir='ltr'>spiri·</span> 
     </span>
     <span class='ocr_line' id='line_1_28' title="bbox 126 2575 1042 2656; baseline -0.001 -20"><span class='ocrx_word' id='word_1_190' title='bbox 126 2583 199 2653; x_wconf 89' lang='lat' dir='ltr'>tum,</span> <span class='ocrx_word' id='word_1_191' title='bbox 222 2578 301 2637; x_wconf 89' lang='lat' dir='ltr'>siout</span> <span class='ocrx_word' id='word_1_192' title='bbox 323 2584 352 2637; x_wconf 86' lang='lat' dir='ltr'>et</span> <span class='ocrx_word' id='word_1_193' title='bbox 376 2576 513 2638; x_wconf 86' lang='lat' dir='ltr'>Christus</span> <span class='ocrx_word' id='word_1_194' title='bbox 535 2578 608 2639; x_wconf 84' lang='lat' dir='ltr'>iooit</span> <span class='ocrx_word' id='word_1_195' title='bbox 629 2577 736 2639; x_wconf 91' lang='lat' dir='ltr'>lohan.</span> <span class='ocrx_word' id='word_1_196' title='bbox 759 2579 788 2656; x_wconf 90' lang='lat'>3,</span> <span class='ocrx_word' id='word_1_197' title='bbox 811 2577 856 2637; x_wconf 87' lang='lat' dir='ltr'>sio</span> <span class='ocrx_word' id='word_1_198' title='bbox 878 2575 971 2638; x_wconf 89' lang='lat' dir='ltr'>dioit:</span> <span class='ocrx_word' id='word_1_199' title='bbox 991 2576 1042 2653; x_wconf 80' lang='lat' dir='ltr'>Qui</span> 
     </span>
     <span class='ocr_line' id='line_1_29' title="bbox 125 2659 1041 2741; baseline 0.002 -22"><span class='ocrx_word' id='word_1_200' title='bbox 125 2659 292 2720; x_wconf 87' lang='lat' dir='ltr'>seeundum</span> <span class='ocrx_word' id='word_1_201' title='bbox 316 2679 439 2720; x_wconf 87' lang='lat' dir='ltr'>earnem</span> <span class='ocrx_word' id='word_1_202' title='bbox 462 2667 546 2738; x_wconf 84' lang='lat' dir='ltr'>sunt,</span> <span class='ocrx_word' id='word_1_203' title='bbox 583 2680 661 2740; x_wconf 88' lang='lat' dir='ltr'>quaa</span> <span class='ocrx_word' id='word_1_204' title='bbox 684 2661 783 2721; x_wconf 85' lang='lat' dir='ltr'>earnis</span> <span class='ocrx_word' id='word_1_205' title='bbox 805 2666 892 2740; x_wconf 86' lang='lat' dir='ltr'>aunt,</span> <span class='ocrx_word' id='word_1_206' title='bbox 916 2661 1041 2741; x_wconf 86' lang='lat' dir='ltr'>sapiunt,</span> 
     </span>
     <span class='ocr_line' id='line_1_30' title="bbox 125 2742 1042 2823; baseline 0.003 -23"><span class='ocrx_word' id='word_1_207' title='bbox 125 2743 176 2820; x_wconf 90' lang='lat' dir='ltr'>qui</span> <span class='ocrx_word' id='word_1_208' title='bbox 198 2762 271 2803; x_wconf 86' lang='lat' dir='ltr'>vero</span> <span class='ocrx_word' id='word_1_209' title='bbox 289 2742 455 2803; x_wconf 85' lang='lat' dir='ltr'>seeundum</span> <span class='ocrx_word' id='word_1_210' title='bbox 478 2744 616 2823; x_wconf 90' lang='lat' dir='ltr'>spiritum</span> <span class='ocrx_word' id='word_1_211' title='bbox 639 2750 720 2819; x_wconf 78' lang='lat' dir='ltr'>sunt,</span> <span class='ocrx_word' id='word_1_212' title='bbox 742 2762 822 2823; x_wconf 91' lang='lat' dir='ltr'>quae</span> <span class='ocrx_word' id='word_1_213' title='bbox 832 2744 958 2823; x_wconf 86' lang='lat' dir='ltr'>spiritus</span> <span class='ocrx_word' id='word_1_214' title='bbox 970 2750 1042 2822; x_wconf 87' lang='lat' dir='ltr'>sunt,</span> 
     </span>
     <span class='ocr_line' id='line_1_31' title="bbox 125 2825 1042 2902; baseline 0.007 -20"><span class='ocrx_word' id='word_1_215' title='bbox 125 2825 255 2902; x_wconf 87' lang='lat' dir='ltr'>sapiunt.</span> <span class='ocrx_word' id='word_1_216' title='bbox 299 2825 389 2900; x_wconf 81' lang='lat' dir='ltr'>Quod</span> <span class='ocrx_word' id='word_1_217' title='bbox 412 2826 524 2886; x_wconf 90' lang='lat' dir='ltr'>Paulus</span> <span class='ocrx_word' id='word_1_218' title='bbox 556 2827 605 2887; x_wconf 90' lang='lat' dir='ltr'>hio</span> <span class='ocrx_word' id='word_1_219' title='bbox 638 2827 776 2887; x_wconf 88' lang='lat' dir='ltr'>oarnales</span> <span class='ocrx_word' id='word_1_220' title='bbox 809 2834 903 2888; x_wconf 87' lang='lat' dir='ltr'>vooat</span> <span class='ocrx_word' id='word_1_221' title='bbox 929 2845 1042 2900; x_wconf 79' lang='lat' dir='ltr'>omnes,</span> 
     </span>
     <span class='ocr_line' id='line_1_32' title="bbox 125 2908 1041 2988; baseline 0.008 -23"><span class='ocrx_word' id='word_1_222' title='bbox 125 2908 176 2985; x_wconf 90' lang='lat' dir='ltr'>qni</span> <span class='ocrx_word' id='word_1_223' title='bbox 210 2925 272 2967; x_wconf 93' lang='lat' dir='ltr'>non</span> <span class='ocrx_word' id='word_1_224' title='bbox 293 2914 364 2968; x_wconf 89' lang='lat' dir='ltr'>sunt</span> <span class='ocrx_word' id='word_1_225' title='bbox 385 2909 573 2988; x_wconf 78' lang='lat' dir='ltr'>spirituales,</span> <span class='ocrx_word' id='word_1_226' title='bbox 610 2910 801 2970; x_wconf 84' lang='lat' dir='ltr'>manifestum</span> <span class='ocrx_word' id='word_1_227' title='bbox 824 2916 870 2970; x_wconf 88' lang='lat' dir='ltr'>est</span> <span class='ocrx_word' id='word_1_228' title='bbox 912 2913 977 2972; x_wconf 88' lang='lat' dir='ltr'>tum</span> <span class='ocrx_word' id='word_1_229' title='bbox 1010 2927 1041 2971; x_wconf 75' lang='lat' dir='ltr'>ss</span> 
     </span>
     <span class='ocr_line' id='line_1_33' title="bbox 125 2990 1040 3075; baseline 0.007 -27"><span class='ocrx_word' id='word_1_230' title='bbox 125 2990 194 3068; x_wconf 89' lang='lat' dir='ltr'>ipsa</span> <span class='ocrx_word' id='word_1_231' title='bbox 215 2991 379 3069; x_wconf 79' lang='lat' dir='ltr'>partitione</span> <span class='ocrx_word' id='word_1_232' title='bbox 401 2998 431 3051; x_wconf 85' lang='lat' dir='ltr'>et</span> <span class='ocrx_word' id='word_1_233' title='bbox 445 2993 642 3072; x_wconf 87' lang='lat' dir='ltr'>oppositione</span> <span class='ocrx_word' id='word_1_234' title='bbox 655 2993 777 3073; x_wconf 88' lang='lat' dir='ltr'>spiritus</span> <span class='ocrx_word' id='word_1_235' title='bbox 803 2998 834 3052; x_wconf 88' lang='lat' dir='ltr'>et</span> <span class='ocrx_word' id='word_1_236' title='bbox 849 2994 963 3075; x_wconf 85' lang='lat' dir='ltr'>earnis,</span> <span class='ocrx_word' id='word_1_237' title='bbox 986 3000 1040 3054; x_wconf 81' lang='lat' dir='ltr'>tun</span> 
     </span>
     <span class='ocr_line' id='line_1_34' title="bbox 126 3072 1039 3155; baseline 0.004 -22"><span class='ocrx_word' id='word_1_238' title='bbox 126 3090 165 3133; x_wconf 85' lang='lat' dir='ltr'>ax</span> <span class='ocrx_word' id='word_1_239' title='bbox 186 3072 347 3151; x_wconf 86' lang='lat' dir='ltr'>ipsiusmet</span> <span class='ocrx_word' id='word_1_240' title='bbox 359 3073 445 3135; x_wconf 89' lang='lat' dir='ltr'>Pauli</span> <span class='ocrx_word' id='word_1_241' title='bbox 467 3074 579 3153; x_wconf 87' lang='lat' dir='ltr'>verbis,</span> <span class='ocrx_word' id='word_1_242' title='bbox 603 3075 654 3138; x_wconf 92' lang='lat' dir='ltr'>ubi</span> <span class='ocrx_word' id='word_1_243' title='bbox 667 3076 818 3155; x_wconf 87' lang='lat' dir='ltr'>sequitur:</span> <span class='ocrx_word' id='word_1_244' title='bbox 841 3075 908 3136; x_wconf 90' lang='lat' dir='ltr'>Vos</span> <span class='ocrx_word' id='word_1_245' title='bbox 929 3076 961 3136; x_wconf 94' lang='lat' dir='ltr'>in</span> <span class='ocrx_word' id='word_1_246' title='bbox 985 3095 1039 3137; x_wconf 86' lang='lat' dir='ltr'>oar·</span> 
     </span>
     <span class='ocr_line' id='line_1_35' title="bbox 125 3156 1040 3238; baseline 0.002 -24"><span class='ocrx_word' id='word_1_247' title='bbox 125 3173 164 3215; x_wconf 91' lang='lat' dir='ltr'>ne</span> <span class='ocrx_word' id='word_1_248' title='bbox 186 3174 248 3215; x_wconf 90' lang='lat' dir='ltr'>non</span> <span class='ocrx_word' id='word_1_249' title='bbox 271 3158 360 3237; x_wconf 86' lang='lat' dir='ltr'>estis,</span> <span class='ocrx_word' id='word_1_250' title='bbox 394 3157 448 3218; x_wconf 91' lang='lat' dir='ltr'>sed</span> <span class='ocrx_word' id='word_1_251' title='bbox 471 3159 501 3218; x_wconf 90' lang='lat' dir='ltr'>in</span> <span class='ocrx_word' id='word_1_252' title='bbox 525 3159 647 3238; x_wconf 89' lang='lat' dir='ltr'>spiritu,</span> <span class='ocrx_word' id='word_1_253' title='bbox 669 3160 695 3218; x_wconf 94' lang='lat' dir='ltr'>si</span> <span class='ocrx_word' id='word_1_254' title='bbox 718 3166 819 3219; x_wconf 83' lang='lat' dir='ltr'>lamen</span> <span class='ocrx_word' id='word_1_255' title='bbox 842 3160 970 3237; x_wconf 84' lang='lat' dir='ltr'>spiritus</span> <span class='ocrx_word' id='word_1_256' title='bbox 992 3156 1040 3219; x_wconf 81' lang='lat' dir='ltr'>Dei</span> 
     </span>
     <span class='ocr_line' id='line_1_36' title="bbox 124 3235 1040 3322; baseline 0.003 -26"><span class='ocrx_word' id='word_1_257' title='bbox 124 3235 241 3299; x_wconf 86' lang='lat' dir='ltr'>habitat</span> <span class='ocrx_word' id='word_1_258' title='bbox 264 3239 293 3298; x_wconf 91' lang='lat' dir='ltr'>in</span> <span class='ocrx_word' id='word_1_259' title='bbox 317 3239 420 3317; x_wconf 88' lang='lat' dir='ltr'>vobis;</span> <span class='ocrx_word' id='word_1_260' title='bbox 442 3241 467 3300; x_wconf 93' lang='lat' dir='ltr'>si</span> <span class='ocrx_word' id='word_1_261' title='bbox 490 3242 557 3320; x_wconf 90' lang='lat' dir='ltr'>quis</span> <span class='ocrx_word' id='word_1_262' title='bbox 581 3248 680 3301; x_wconf 88' lang='lat' dir='ltr'>autem</span> <span class='ocrx_word' id='word_1_263' title='bbox 704 3242 841 3322; x_wconf 89' lang='lat' dir='ltr'>spiritum</span> <span class='ocrx_word' id='word_1_264' title='bbox 860 3241 973 3302; x_wconf 78' lang='lat' dir='ltr'>Christi</span> <span class='ocrx_word' id='word_1_265' title='bbox 987 3258 1040 3302; x_wconf 87' lang='lat' dir='ltr'>noo</span> 
     </span>
     <span class='ocr_line' id='line_1_37' title="bbox 124 3320 1039 3399; baseline 0.001 -19"><span class='ocrx_word' id='word_1_266' title='bbox 124 3320 227 3399; x_wconf 87' lang='lat' dir='ltr'>habet,</span> <span class='ocrx_word' id='word_1_267' title='bbox 249 3321 299 3382; x_wconf 90' lang='lat' dir='ltr'>hio</span> <span class='ocrx_word' id='word_1_268' title='bbox 320 3341 381 3383; x_wconf 89' lang='lat' dir='ltr'>non</span> <span class='ocrx_word' id='word_1_269' title='bbox 406 3329 453 3384; x_wconf 90' lang='lat' dir='ltr'>est</span> <span class='ocrx_word' id='word_1_270' title='bbox 475 3325 551 3386; x_wconf 86' lang='lat' dir='ltr'>eius.</span> <span class='ocrx_word' id='word_1_271' title='bbox 594 3323 673 3399; x_wconf 77' lang='lat' dir='ltr'>Quid</span> <span class='ocrx_word' id='word_1_272' title='bbox 696 3325 776 3385; x_wconf 88' lang='lat' dir='ltr'>enim</span> <span class='ocrx_word' id='word_1_273' title='bbox 790 3322 872 3383; x_wconf 92' lang='lat' dir='ltr'>aliud</span> <span class='ocrx_word' id='word_1_274' title='bbox 895 3324 949 3385; x_wconf 89' lang='lat' dir='ltr'>hio</span> <span class='ocrx_word' id='word_1_275' title='bbox 970 3323 1039 3385; x_wconf 86' lang='lat' dir='ltr'>vult:</span> 
     </span>
     <span class='ocr_line' id='line_1_38' title="bbox 125 3403 1040 3487; baseline 0.002 -24"><span class='ocrx_word' id='word_1_276' title='bbox 125 3403 191 3463; x_wconf 91' lang='lat' dir='ltr'>Vos</span> <span class='ocrx_word' id='word_1_277' title='bbox 213 3424 275 3465; x_wconf 89' lang='lat' dir='ltr'>non</span> <span class='ocrx_word' id='word_1_278' title='bbox 299 3406 372 3465; x_wconf 86' lang='lat' dir='ltr'>estis</span> <span class='ocrx_word' id='word_1_279' title='bbox 394 3407 424 3466; x_wconf 91' lang='lat' dir='ltr'>in</span> <span class='ocrx_word' id='word_1_280' title='bbox 449 3425 551 3484; x_wconf 87' lang='lat' dir='ltr'>earne,</span> <span class='ocrx_word' id='word_1_281' title='bbox 573 3408 599 3466; x_wconf 89' lang='lat' dir='ltr'>si</span> <span class='ocrx_word' id='word_1_282' title='bbox 621 3407 743 3487; x_wconf 92' lang='lat' dir='ltr'>spiritus</span> <span class='ocrx_word' id='word_1_283' title='bbox 757 3406 811 3466; x_wconf 91' lang='lat' dir='ltr'>Dei</span> <span class='ocrx_word' id='word_1_284' title='bbox 835 3406 971 3468; x_wconf 87' lang='lat' dir='ltr'>invobis</span> <span class='ocrx_word' id='word_1_285' title='bbox 992 3410 1040 3477; x_wconf 80' lang='lat' dir='ltr'>ost,</span> 
     </span>
     <span class='ocr_line' id='line_1_39' title="bbox 126 3489 1037 3569; baseline 0.001 -23"><span class='ocrx_word' id='word_1_286' title='bbox 126 3505 215 3564; x_wconf 91' lang='lat' dir='ltr'>quam</span> <span class='ocrx_word' id='word_1_287' title='bbox 239 3489 415 3549; x_wconf 77' lang='lat' dir='ltr'>necessario</span> <span class='ocrx_word' id='word_1_288' title='bbox 437 3490 467 3548; x_wconf 90' lang='lat' dir='ltr'>in</span> <span class='ocrx_word' id='word_1_289' title='bbox 482 3508 574 3550; x_wconf 86' lang='lat' dir='ltr'>earne</span> <span class='ocrx_word' id='word_1_290' title='bbox 586 3509 640 3550; x_wconf 89' lang='lat' dir='ltr'>eos</span> <span class='ocrx_word' id='word_1_291' title='bbox 663 3509 742 3569; x_wconf 88' lang='lat' dir='ltr'>esse,</span> <span class='ocrx_word' id='word_1_292' title='bbox 766 3490 816 3569; x_wconf 92' lang='lat' dir='ltr'>qui</span> <span class='ocrx_word' id='word_1_293' title='bbox 829 3490 970 3569; x_wconf 86' lang='lat' dir='ltr'>spiritum</span> <span class='ocrx_word' id='word_1_294' title='bbox 986 3506 1037 3550; x_wconf 90' lang='lat' dir='ltr'>non</span> 
     </span>
     <span class='ocr_line' id='line_1_40' title="bbox 124 3568 1038 3653; baseline 0.002 -24"><span class='ocrx_word' id='word_1_295' title='bbox 124 3568 259 3630; x_wconf 85' lang='lat' dir='ltr'>habant?</span> <span class='ocrx_word' id='word_1_296' title='bbox 301 3570 340 3630; x_wconf 81' lang='lat' dir='ltr'>Et</span> <span class='ocrx_word' id='word_1_297' title='bbox 362 3572 413 3651; x_wconf 93' lang='lat' dir='ltr'>qui</span> <span class='ocrx_word' id='word_1_298' title='bbox 436 3571 547 3632; x_wconf 79' lang='lat' dir='ltr'>Christi</span> <span class='ocrx_word' id='word_1_299' title='bbox 571 3592 632 3633; x_wconf 91' lang='lat' dir='ltr'>oon</span> <span class='ocrx_word' id='word_1_300' title='bbox 654 3579 719 3648; x_wconf 87' lang='lat' dir='ltr'>est,</span> <span class='ocrx_word' id='word_1_301' title='bbox 746 3573 831 3633; x_wconf 86' lang='lat' dir='ltr'>ouius</span> <span class='ocrx_word' id='word_1_302' title='bbox 854 3572 934 3634; x_wconf 88' lang='lat' dir='ltr'>alius</span> <span class='ocrx_word' id='word_1_303' title='bbox 957 3590 1038 3653; x_wconf 89' lang='lat' dir='ltr'>quan</span> 
     </span>
     <span class='ocr_line' id='line_1_41' title="bbox 124 3650 1037 3737; baseline -0.001 -24"><span class='ocrx_word' id='word_1_304' title='bbox 124 3650 258 3714; x_wconf 84' lang='lat' dir='ltr'>Satanae</span> <span class='ocrx_word' id='word_1_305' title='bbox 280 3653 347 3713; x_wconf 80' lang='lat' dir='ltr'>est?</span> <span class='ocrx_word' id='word_1_306' title='bbox 390 3654 457 3715; x_wconf 82' lang='lat' dir='ltr'>Stat</span> <span class='ocrx_word' id='word_1_307' title='bbox 479 3656 579 3736; x_wconf 85' lang='lat' dir='ltr'>igitur,</span> <span class='ocrx_word' id='word_1_308' title='bbox 603 3657 653 3735; x_wconf 89' lang='lat' dir='ltr'>qui</span> <span class='ocrx_word' id='word_1_309' title='bbox 678 3657 785 3737; x_wconf 87' lang='lat' dir='ltr'>spiritu</span> <span class='ocrx_word' id='word_1_310' title='bbox 801 3662 919 3733; x_wconf 82' lang='lat' dir='ltr'>carent,</span> <span class='ocrx_word' id='word_1_311' title='bbox 941 3656 999 3718; x_wconf 89' lang='lat' dir='ltr'>lros</span> <span class='ocrx_word' id='word_1_312' title='bbox 1014 3656 1037 3714; x_wconf 91' lang='lat' dir='ltr'>in</span> 
     </span>
     <span class='ocr_line' id='line_1_42' title="bbox 126 3735 586 3801; baseline 0.015 -7"><span class='ocrx_word' id='word_1_313' title='bbox 126 3752 218 3797; x_wconf 88' lang='lat' dir='ltr'>earne</span> <span class='ocrx_word' id='word_1_314' title='bbox 240 3742 270 3797; x_wconf 83' lang='lat' dir='ltr'>et</span> <span class='ocrx_word' id='word_1_315' title='bbox 292 3735 349 3797; x_wconf 91' lang='lat' dir='ltr'>sub</span> <span class='ocrx_word' id='word_1_316' title='bbox 371 3736 486 3799; x_wconf 78' lang='lat' dir='ltr'>Salona</span> <span class='ocrx_word' id='word_1_317' title='bbox 508 3757 586 3801; x_wconf 87' lang='lat' dir='ltr'>esso.</span> 
     </span>
    </p>
   </div>
   <div class='ocr_carea' id='block_1_3' title="bbox 0 0 1178 4162">
    <p class='ocr_par' dir='ltr' id='par_1_5' title="bbox 0 0 1178 4162">
     <span class='ocr_line' id='line_1_43' title="bbox 0 0 1178 4162; baseline 0 2"><span class='ocrx_word' id='word_1_318' title='bbox 0 0 1178 4162; x_wconf 95' lang='lat' dir='ltr'> </span> 
     </span>
    </p>
   </div>
  </div>
 </body>
</html>
