2348 4162
162 236 166 241 Ι
198 250 261 317 332
437 250 480 309 De
502 267 584 308 servo
601 250 717 317 arbitrio
735 251 769 306 D.
785 251 823 338 M·
845 249 876 305 L,

199 423 279 482 vires
301 423 366 483 eius
393 423 512 484 interim
543 422 631 483 simul
666 421 815 483 adversus
836 421 915 482 haee
947 421 1053 482 omnia
1076 439 1127 480 sx-

201 506 391 583 toileremus,
413 513 444 566 et
465 511 683 581 statueremus,
705 512 739 565 ιιι
759 525 831 566 vere
851 503 926 565 illud
948 501 1127 585 impleveri-

90 654 93 658 ,
203 609 268 649 mus
292 553 422 652 Maladh.
446 593 479 652 1:
502 589 548 649 Illi
571 552 745 665 aedifldant,
767 607 826 669 ego
849 588 1016 649 destruam.

286 690 401 750 Eadem
415 688 683 771 grandiloquentia
696 688 806 749 dieitur
826 694 858 749 et
872 687 964 749 illud
987 687 1038 748 Ex
1055 705 1126 766 ope⁴

200 772 283 832 ribus
319 772 396 852 legis
418 793 480 834 non
516 772 696 833 iustifloatur
726 771 790 832 ulla
817 790 888 832 earo
923 790 1029 832 eoram
1062 770 1125 831 iilo

201 854 327 916 Grande
349 855 475 917 verbum
498 861 554 935 est,
576 856 626 916 Ex
648 855 791 935 operibus
814 855 902 935 legis,
926 852 1126 934 quemadmo-

200 938 271 998 dum
295 945 326 1000 et
346 938 430 1012 illud,
469 940 528 1000 Τοι
516 946 564 999 tus
588 938 728 1018 mundus,
750 946 802 998 aut
824 938 910 1017 illud,
933 937 1051 1000 Omnes
1074 936 1125 997 tilii

201 1022 369 1083 hominum.
421 1022 499 1083 Nam
534 1021 760 1083 observandum
802 1027 869 1103 est,
902 1019 985 1101 quod
1013 1019 1125 1081 Paulus

201 1106 342 1186 personis
364 1106 513 1185 abstinet,
543 1111 575 1166 et
595 1105 695 1165 studia
717 1111 890 1183 memorat,
925 1103 1067 1183 scilieet,
1094 1107 1127 1162 ιιι

120 1206 123 1211 ’
200 1188 340 1249 involvat
362 1207 470 1249 omnes
492 1208 659 1269 personas,
683 1195 713 1248 et
734 1187 878 1268 quiequid
899 1186 1125 1268 praestantissi-

200 1291 283 1331 mum
304 1273 335 1331 in
357 1271 417 1332 illis
440 1278 496 1333 est.
538 1272 617 1333 Nam
641 1273 666 1331 si
690 1270 837 1347 dixisset‚·
864 1270 974 1351 vulgus
996 1269 1124 1332 Iudaeo·

200 1374 277 1433 ιιιιιι,
301 1359 354 1415 aut
376 1355 542 1431 Pharisaei,
564 1360 617 1416 aut
637 1354 756 1435 aliquot
777 1355 861 1435 impii
884 1352 1124 1416 noniustiflean·

200 1445 258 1516 ιιιι,
281 1443 403 1516 poteret
434 1437 527 1498 videri
552 1438 673 1517 aliquos
698 1439 810 1499 fauisse
832 1437 987 1517 reliquos,
1023 1436 1123 1516 quivi

201 1520 286 1581 liberi
309 1521 424 1583 arbitrii
454 1528 486 1581 et
507 1519 694 1582 adminiculo
729 1520 806 1601 legis
835 1539 897 1581 non
931 1538 1061 1601 prorsus
1082 1536 1122 1578 ss·

203 1610 273 1664 sent
294 1604 427 1667 inutiles.
480 1605 520 1664 At
549 1624 616 1664 num
640 1605 709 1684 ipsa
730 1604 809 1684 legis
831 1623 927 1684 opera
950 1602 1077 1664 damnet
1096 1606 1124 1662 et

202 1687 297 1766 impia
318 1688 412 1750 faeiat
434 1706 538 1748 noram
560 1688 644 1769 Deo,
668 1686 860 1748 manifestum
884 1687 933 1765 flt,
956 1685 1042 1766 quod
1065 1704 1122 1746 om-

202 1737 1123 1934 ttatt„{titttttttitttt'ttffltttttt

203 1942 344 2015 etpraes
345 1938 518 2014 santissimi,
541 1936 633 2016 idque
667 1955 729 1997 non
760 1938 818 1997 nisi
841 1937 965 2015 optimis
988 1942 1021 1996 et
1042 1952 1122 2016 prae·

203 2020 398 2079 stantissimis
426 2020 472 2080 sui
495 2020 649 2099 partibus,
676 2021 795 2081 ratione
823 2020 940 2080 sniiieet
964 2024 995 2079 st
1018 2017 1123 2079 voiun-

203 2108 274 2164 tate.

181 2254 184 2261 ·
285 2217 318 2281 Si
340 2220 432 2299 igitur
453 2220 483 2299 ii,
507 2219 559 2298 qui
581 2238 701 2280 summo
724 2218 825 2280 studio
855 2226 885 2279 et
916 2224 1032 2280 conatu
1063 2226 1121 2279 tum

203 2304 329 2363 rationis
351 2310 414 2363 tum
438 2302 621 2378 voluntatis,
654 2301 683 2362 id
713 2310 760 2363 est
787 2308 855 2363 tota
887 2304 915 2362 vi
939 2301 1029 2363 liberi
1050 2300 1122 2363 arbi·

204 2387 261 2464 nii,
282 2387 313 2446 in
335 2385 405 2465 iege
428 2392 458 2446 et
479 2385 622 2465 operibus
635 2386 866 2460 exercebantur,
890 2392 955 2446 tum
978 2384 1122 2466 ipsaiege

204 2488 260 2528 eeu
281 2469 384 2529 divino
412 2467 527 2529 auxilio
550 2467 790 2548 adiuvabantur,
825 2487 885 2547 qus
912 2467 1124 2530 erudiebantur

204 2560 235 2612 et
257 2551 478 2619 excitabantur,
501 2552 536 2630 si,
558 2553 692 2631 iuquam,
715 2553 736 2612 ii
758 2551 941 2612 damnantur
951 2552 1123 2631 impietatis,

205 2636 286 2714 qrrod
310 2655 370 2695 non
393 2633 615 2716 iustificantur,
650 2633 705 2695 sed
739 2654 811 2696 earo
846 2654 915 2695 esse
944 2633 1125 2695 definiuntur

205 2738 307 2778 eoram
331 2719 414 2794 Deo,
445 2716 519 2797 quid
541 2718 602 2777 iam
625 2718 774 2797 reliquum
803 2724 849 2778 est
876 2719 905 2778 in
938 2723 1006 2779 toto
1029 2716 1124 2778 homi-

205 2822 275 2861 nnm
299 2820 422 2881 genere,
445 2800 527 2879 quod
550 2820 611 2861 non
635 2819 707 2861 earo
730 2809 760 2861 et
771 2802 896 2881 impium
920 2800 982 2860 sit?
1015 2799 1124 2862 Omnes

204 2886 285 2944 enim
309 2904 347 2944 ex
381 2901 480 2962 aequo
504 2882 703 2961 damnantur,
736 2885 786 2963 qui
821 2891 890 2945 sunt
923 2881 1125 2965 exoperibus

205 2968 291 3046 legis,
314 2968 379 3027 sive
402 2968 482 3026 enim
505 2985 625 3027 summo
648 2966 769 3046 studio,
799 2967 865 3028 sive
886 2966 1045 3041 mediocri,
1066 2966 1125 3026 sive

206 3050 290 3110 nuiio
312 3051 343 3110 in
366 3049 436 3130 lege
458 3051 582 3109 exerciti
606 3057 686 3127 sunt,
709 3049 783 3110 nihii
803 3050 903 3111 refert.
937 3048 1055 3111 Omnes
1068 3066 1124 3109 nou

205 3134 261 3193 nisi
286 3151 380 3213 opere
403 3132 480 3213 legis
503 3139 658 3213 praestare
686 3140 873 3213 potuerunt,
909 3151 1007 3213 opera
1028 3138 1124 3193 autem

207 3217 283 3296 iegis
305 3235 367 3277 non
390 3214 571 3291 iustificam,
544 3217 621 3276 tsi
645 3234 706 3275 non
730 3216 913 3293 iustificant,
942 3216 1057 3314 impios
1085 3232 1125 3277 ar·

206 3305 303 3381 gaunt
325 3307 356 3359 et
378 3299 552 3377 relinquunt
574 3318 648 3360 suos
671 3301 890 3385 operatores,⁸
882 3301 967 3379 impii
991 3317 1065 3359 vero
1086 3293 1124 3355 rei

96 3444 99 3449 ,
206 3385 265 3443 et
258 3402 303 3442 rra
326 3383 381 3442 Dei
404 3381 488 3462 digni
511 3388 601 3459 sunt3
633 3381 712 3443 haee
732 3389 801 3443 sunt
822 3390 886 3444 tam
909 3381 1014 3462 alara,
1038 3388 1123 3441 utne

207 3468 315 3526 mutire
337 3470 444 3526 contra
466 3466 626 3545 quisquam
649 3466 757 3544 possit.

291 3583 333 3643 At
354 3584 456 3644 soient
474 3581 525 3643 hro
536 3580 660 3642 eludere
677 3564 804 3643 Paulum
828 3587 859 3644 et
880 3582 1024 3659 evadere,
1048 3573 1121 3660 quod

207 3684 302 3744 opera
331 3665 406 3744 legis
440 3670 533 3725 voest
561 3665 778 3725 ceremonialia
807 3685 918 3747 opera,
955 3684 1034 3745 qnae
1061 3662 1122 3743 post

208 3755 338 3808 mortem
363 3748 473 3810 Christi
496 3749 557 3808 sint
578 3748 743 3814 mortifera.
