2348 4162
363 264 391 315 et
409 256 553 316 doetrinae
571 257 734 329 papistieae.
811 226 814 233 Ι
962 258 1003 324 31

166 429 257 506 Quod
289 431 314 491 si
342 429 496 510 simplices
528 436 558 491 et
585 429 736 492 inferioris
767 426 879 511 gradus
901 428 1005 489 Nonni
1091 418 1099 432 ’

83 520 113 574 et
133 513 267 575 Nonnae
297 515 479 594 manserint,
513 521 614 575 tamen
644 514 756 574 vietum
788 519 819 574 et
850 515 1003 591 vestitum,
1110 565 1114 572 .

83 597 207 659 domum
240 605 270 659 et
303 597 406 657 omnia
434 601 607 658 necessaria
635 599 678 656 sie
700 597 813 658 habeut
835 597 1005 676 opulenter,

82 683 110 740 in
134 700 256 742 summo
291 683 354 741 otio
383 687 415 740 et
436 682 599 741 securitate
627 699 695 740 eum
719 700 838 740 summa
860 679 952 740 leude
974 686 1005 740 et

81 765 196 844 gloria,
221 765 354 842 denique
377 782 446 823 eum
469 782 523 843 spe
546 766 627 824 vitae
648 769 793 824 aeternae
816 762 868 846 (ut
889 763 1004 823 somni·

81 845 161 930 ant),
185 855 218 908 ut
240 854 322 907 totus
345 846 474 907 mundus
498 846 536 906 ab
560 849 604 906 eis
633 852 694 907 tam
718 845 863 926 religiose
885 854 1004 926 spretus

80 950 140 991 non
175 932 275 1011 possit
298 948 358 990 neo
378 930 496 1010 Regum
524 928 593 989 filiis
621 937 737 990 tantem
767 930 870 989 mundi
893 930 1028 989 securi·-

80 1020 174 1075 tatem
190 1023 221 1075 et
234 1014 422 1073 saturitatem
442 1032 509 1073 eum
529 1019 614 1096 tanta
634 1013 732 1092 gloria
755 1020 786 1073 et
806 1014 897 1074 laude
919 1032 1004 1094 prae·

79 1108 170 1158 stare.
214 1096 317 1157 Habes
347 1098 450 1176 itaque
487 1096 591 1156 mundi
621 1105 849 1177 contemptores
878 1098 1004 1157 nomine

80 1191 109 1241 et
135 1183 226 1260 fuoo,
262 1180 316 1239 sed
342 1180 445 1240 muudi
468 1181 610 1241 dominos
643 1198 676 1240 re
707 1181 775 1259 ipsa
807 1188 838 1241 et
860 1183 1003 1261 ‚veritate

80 1265 147 1325 Hoe
170 1272 265 1326 vovet
285 1263 477 1343 Religiosus,
501 1270 532 1324 et
557 1281 705 1344 praesens
728 1265 830 1344 puella
858 1265 1001 1344 exemplo

78 1356 190 1416 beatae
212 1352 356 1432 Virginis.

162 1437 228 1499 Iam
251 1438 341 1496 istum
365 1435 524 1495 artieulum
557 1433 628 1494 fidei
661 1454 679 1495 a
704 1437 855 1517 Magistris
879 1440 1001 1502 Nonnu-

78 1542 144 1582 rum
168 1526 322 1600 repertum
345 1515 479 1601 (scilieet
501 1516 582 1597 quod
607 1517 695 1579 beate
711 1521 803 1600 Virgo
827 1524 925 1601 primo
948 1543 1003 1584 vo·

77 1613 142 1665 tum
167 1604 348 1684 virginitatis
366 1599 482 1683 emisit)
505 1604 530 1660 ei
544 1611 574 1659 tu
587 1621 682 1680 neges
695 1611 746 1663 aut
757 1603 887 1683 dubites,
911 1605 1002 1684 plene

78 1687 218 1748 omnium
260 1685 482 1745 haeretieorum
523 1684 738 1746 haeresiarcha
779 1686 879 1748 fueris.
942 1688 1001 1748 Sed
1032 1712 1035 1717 ·

79 1770 162 1830 unde
184 1770 277 1829 talem
307 1767 464 1829 artioulum
489 1767 719 1828 demonstrant?
761 1769 809 1829 Ex
831 1770 1001 1853 Evangelio
1086 1836 1088 1841 ,

77 1854 151 1914 Lue.
175 1855 205 1933 2,
228 1851 279 1912 ubi
301 1853 371 1931 ipsa
389 1848 484 1930 Virgo
508 1849 596 1910 dieit:
619 1851 724 1911 Virum
749 1872 809 1913 non
833 1871 1002 1934 eognosom

78 1936 137 1996 Hie
165 1935 245 2017 (non
268 1931 444 2016 eognosoo)
474 1933 639 1993 secundam
668 1935 802 2013 glossam
832 1937 1001 2016 signifieatt
1103 1935 1106 1940 ’

77 2019 148 2079 Non
179 2036 369 2099 eognosoere
397 2035 547 2096 propono.
585 2017 702 2080 Postea
737 2019 904 2080 seeundum
941 2041 1002 2082 ma-

77 2104 192 2182 gistros
210 2101 387 2165 Nonnarum
411 2097 492 2183 (uon
515 2119 704 2180 eognoseere
727 2106 887 2182 propono)
911 2106 1001 2185 signi·

76 2185 166 2246 fieat:
209 2185 277 2265 Ego
314 2192 417 2244 votum
453 2184 633 2263 virginitatis
665 2185 770 2263 emisi,
818 2193 850 2246 et
887 2184 1002 2249 Nonne

77 2288 148 2329 esse
190 2269 263 2329 volo
297 2285 445 2348 spernens
474 2266 642 2350 mundum,
678 2273 711 2328 ut
743 2269 999 2351 sim'exemplum
1041 2317 1043 2321 1

75 2352 259 2413 Nonnarum
292 2358 350 2411 eto.
392 2345 461 2410 Neo
496 2356 543 2409 est
572 2349 622 2409 hie
655 2350 691 2410 lis
725 2350 1000 2415 Grammatieorum
1070 2398 1072 2402 ι
1108 2383 1109 2386 “

75 2435 133 2497 sub
155 2434 272 2515 iudice,
311 2452 369 2493 neo
391 2433 484 2493 ullum
507 2432 648 2511 dubium,
670 2441 754 2494 oerta
776 2445 822 2495 est
842 2433 999 2499 Gramma·

74 2520 138 2579 tiea
161 2526 192 2578 et
204 2518 286 2578 bona
297 2515 526 2596 consequentia.

160 2600 278 2661 Eadem
312 2600 534 2678 consequentia
564 2600 717 2678 sequitur,
751 2599 834 2679 quod
864 2601 1000 2662 Christus
1103 2678 1105 2683 Ι

74 2685 166 2746 fuerit
183 2684 310 2744 Nonuus
334 2688 363 2743 et
378 2683 556 2743 Nonnorum
581 2682 765 2762 exemplum,
789 2685 861 2765 quia
882 2695 910 2743 et
933 2685 1000 2764 ipse

74 2775 180 2849 potest
203 2768 318 2827 disere:
342 2765 499 2832 Mulierem
522 2783 584 2825 non
608 2784 781 2846 eognosoo,
804 2766 834 2826 id
858 2777 914 2843 est,
937 2787 998 2829 non

73 2869 269 2932 eognoeeere
291 2867 450 2930 propon03
472 2849 554 2928 quod
575 2848 701 2909 ulterius
723 2851 803 2910 idem
828 2858 883 2928 est,
906 2851 999 2931 quod,

74 2942 180 2995 votum
215 2935 363 2994 eastitatis
389 2933 591 3012 (virginit-atis
621 2952 683 2993 non
704 2936 819 3013 potuit,
853 2936 924 3014 quia
946 2934 1001 2996 fuit
1063 2968 1069 2977 ·

74 3017 232 3078 maseulus
255 3022 286 3077 et
307 3035 369 3077 nou
393 3017 479 3097 virgo
502 3034 556 3075 seu
574 3016 725 3096 foemina)
751 3019 847 3097 emisi,
870 3024 901 3078 et
918 3016 999 3078 Non·

70 3121 131 3173 nus
153 3120 224 3161 esse
247 3100 330 3178 volo,
352 3118 500 3179 spernens
518 3100 674 3177 muudum,
700 3107 731 3159 ut
748 3101 803 3160 sim
823 3102 998 3181 exemplum

72 3184 268 3245 Nonnorum.
588 3196 621 3250 f
714 3195 717 3201 '
766 3195 771 3203 '

157 3268 217 3329 Sed
241 3267 290 3327 hie
312 3267 450 3345 quaestio
474 3266 626 3328 nescitur:
649 3265 742 3327 Cuius
763 3266 884 3326 Ordinis
909 3267 999 3327 beata

72 3348 171 3430 Virgo
205 3357 236 3410 et
257 3349 394 3410 Christus
429 3348 578 3430 lueritl'),
616 3356 647 3409 et
674 3351 794 3428 qualem
828 3360 944 3410 vestem
969 3357 999 3410 et

71 3435 224 3495 euoullum
247 3452 284 3493 ae
305 3453 441 3493 rasuram
464 3431 683 3513 gestaverit2).

156 3517 213 3577 Hie
226 3516 362 3596 Magistri
379 3515 557 3576 Nounarum
572 3514 707 3577 nondum
730 3522 801 3576 sunt
818 3515 1000 3595 eoueordes,
1098 3566 1106 3581 q

70 3608 175 3661 tamen
187 3600 335 3661 Nioolaus
347 3599 495 3680 Lyrauus‚
517 3598 624 3660 Iohan.
641 3602 671 3677 2,
695 3597 895 3660 verisimiliter
917 3599 999 3678 dicit,

78 3812 82 3817 ·
145 3788 176 3855 1)
198 3788 228 3840 ln
247 3787 291 3843 ed.
313 3786 382 3842 len:
403 3787 510 3841 suerint.
557 3789 589 3857 2)
612 3786 695 3842 lbid.:
715 3791 895 3860 gestaverint.
996 3850 999 3855 .
