2348 4162
89 296 93 303 ·
191 256 255 322 324
445 256 486 312 De
505 272 587 313 servo
606 256 720 312 arbitrio
738 254 772 311 D.
790 255 826 310 m
845 256 875 313 L.

191 418 322 498 aliquid,
343 419 460 480 sedne
481 439 574 481 nosse
596 418 739 500 quidem,
772 418 843 498 quid
873 419 912 478 sit
932 418 1048 478 iustum
1071 436 1123 478 co·

190 522 255 563 ram
280 503 360 563 Deo:
383 504 441 563 nisi
465 503 543 564 lorte
565 505 679 564 iustitia
697 500 755 563 Dei
779 520 841 562 non
864 501 1020 562 revelatur
1042 520 1122 560 sum·

192 587 248 645 mis
270 585 329 645 illis
349 585 532 666 hominibus,
556 587 609 646 sed
632 586 731 657 solum
753 583 875 662 infimis,
897 590 1122 663 contraquam

191 667 352 743 Paulus*)
376 669 531 748 gloriatur,
554 670 637 749 quod
652 671 691 729 sit
703 666 956 729 debitorludaeis
980 675 1011 728 et
1023 665 1120 727 Grae-

192 753 246 828 cis,
268 752 457 832 sapientibus
480 761 511 813 et
532 753 754 833 insipientibus,
777 751 915 811 barbaris
938 756 970 811 et
982 749 1122 811 Graecis.

193 835 296 909 Quare
319 835 431 895 Paulus
454 835 514 895 hoc
535 836 607 896 loco
630 853 873 917 prorsusomnes
896 835 1038 894 homines
1062 853 1122 892 una

192 937 295 978 massa
307 918 573 998 comprehendens
587 918 753 994 concludit,
776 936 883 978 omnes
906 937 977 977 esse
998 918 1121 996 impios,

192 1003 330 1069 iniustos,
354 1010 387 1061 et
408 1003 532 1080 ignaros
555 1003 689 1063 institiae
711 1006 743 1061 et
763 999 852 1076 fidei,
882 1005 999 1060 tantum
1022 1000 1121 1077 abest,

192 1092 226 1144 ιιι
247 1083 362 1162 aliquid
386 1083 459 1144 boni
491 1085 568 1146 velle
598 1094 651 1145 aut
678 1085 779 1144 lacere
809 1084 938 1164 possint.
982 1083 1022 1142 [ιι
1044 1082 1121 1143 haec

193 1166 352 1227 conclusio
374 1165 462 1227 firma
485 1177 593 1228 estex
616 1188 664 1248 eo,
687 1166 769 1246 quod
781 1167 864 1227 Deus
886 1165 956 1246 illis,
981 1172 1014 1226 ιιι
1035 1167 1120 1245 igna-

193 1252 234 1310 ris
257 1258 287 1309 et
308 1251 337 1308 in
363 1250 494 1310 tenebris
516 1250 710 1331 sedentibus,
733 1250 851 1310 revelat
872 1250 1018 1310 iustitium
1043 1249 1118 1309 salu·

194 1334 242 1411 tis,
265 1351 339 1411 ergo
362 1352 416 1412 per
438 1353 507 1395 sese
529 1335 681 1414 ignorant.
732 1331 916 1414 Ignorantes
946 1338 1052 1392 autem
1078 1333 1118 1391 iu·

194 1416 309 1476 stitiam
332 1415 439 1476 salutis
462 1425 544 1477 certe
567 1417 622 1477 snb
636 1419 681 1478 ira
702 1423 734 1477 et
756 1416 954 1477 damnatione
965 1422 1047 1494 sunt,
1062 1432 1117 1475 nec

193 1498 266 1559 inde
286 1517 355 1558 sese
377 1507 503 1580 propter
518 1501 725 1579 ignorantiam
738 1500 884 1560 evolvere
905 1506 1047 1578 possunt,
1069 1504 1118 1557 aut

195 1582 315 1661 conari,
338 1589 370 1641 ut
393 1582 585 1653 evolvantur,
634 1583 714 1658 Quid
737 1585 816 1643 euim
839 1582 982 1660 coneris,
1012 1579 1039 1642 si
1071 1600 1115 1640 ne·

195 1666 311 1744 scieris,
334 1665 415 1743 quid,
439 1684 509 1745 qua,
531 1685 603 1746 quo,
626 1672 840 1744 autquatenus
863 1666 1040 1726 conandum
1063 1662 1117 1724 sit?

280 1747 441 1809 Oouseutit
464 1768 532 1809 cum
554 1749 614 1809 hac
636 1749 836 1811 conclusione
857 1768 906 1809 res
924 1749 994 1828 ipsa
1017 1754 1050 1807 et
1070 1766 1116 1807 ex·

198 1833 357 1912 parientia.
400 1832 478 1892 Nam
501 1832 632 1893 ostende
655 1833 728 1893 milri
762 1833 793 1891 in
833 1834 979 1892 universo
1006 1848 1117 1910 genere

196 1915 369 1974 mortalium
392 1935 506 1993 unum,
540 1918 580 1977 sit
601 1916 653 1976 ille
685 1916 819 1975 omnium
855 1915 1068 1974 sanctissimus
1089 1919 1117 1972 et

195 1998 398 2077 iustissimus,
433 2000 638 2077 cuiusquam
662 2000 692 2059 in
727 2005 859 2058 mentem
881 1994 1117 2075 venerit,'hanc
1151 2058 1154 2063 ,

197 2099 267 2140 esse
287 2081 369 2140 viam
392 2079 431 2141 ad
453 2083 599 2141 iustitiam
624 2089 654 2142 et
675 2081 714 2142 ad
737 2081 889 2161 salutem,
913 2081 1034 2140 scilicet
1057 2098 1116 2141 cre·

197 2162 270 2223 dere
290 2165 320 2223 in
346 2183 425 2240 eum,
448 2166 498 2243 qui
522 2166 561 2224 sit
582 2165 671 2226 simul
697 2165 779 2225 Deus
801 2171 832 2225 et
852 2163 959 2242 homo,
982 2181 1116 2244 propec-

197 2248 273 2306 catis
296 2246 452 2307 hominam
476 2256 612 2308 mortuus
639 2258 670 2309 et
702 2249 867 2308 suscitatus
896 2256 925 2308 et
949 2246 1115 2308 collocatus

198 2329 236 2391 ad
259 2329 417 2391 dexteram
440 2331 548 2409 Patris,
577 2339 630 2392 ant
651 2333 809 2392 somniarit
837 2330 918 2390 hanc
946 2332 1025 2390 iram
1053 2328 1116 2405 Dei,

197 2431 287 2492 quam
310 2413 422 2473 Paulus
444 2415 494 2474 hic
516 2415 643 2475 revelari
668 2415 706 2475 de
727 2415 816 2475 coelo
839 2413 922 2473 dicit.
958 2413 1037 2473 Vide
1059 2413 1116 2495 phi·

81 2558 86 2563 ,
197 2496 346 2577 loscphos
370 2516 528 2575 summos,
558 2501 609 2577 qui
633 2498 671 2559 de
694 2499 759 2558 Deo
790 2498 959 2577 senserint,
988 2495 1117 2576 quidde

197 2579 297 2639 futura
319 2582 364 2639 ira
385 2582 530 2660 scriptum
564 2582 750 2660 reliquerint.
795 2578 871 2642 Vide
902 2579 1054 2658 ludaeos,
1076 2584 1118 2639 tot

197 2664 307 2741 signis,
331 2671 377 2726 tot
400 2664 557 2743 prophetis
580 2665 703 2724 assidue
724 2664 874 2741 eruditos,
907 2664 979 2742 qnid
1004 2663 1044 2724 de
1065 2663 1117 2723 hac

197 2748 247 2805 via
258 2747 400 2826 sentiant,
422 2766 484 2807 non
507 2748 600 2808 modo
623 2767 684 2808 nou
703 2752 895 2826 receperunt,
918 2746 975 2808 sed
997 2745 1116 2807 itaode·

196 2840 286 2908 runt,
315 2837 348 2889 ut
376 2830 461 2889 nulla
489 2833 573 2891 natio
604 2832 659 2891 sub
688 2830 777 2891 coelo
813 2830 948 2890 atrocius
976 2831 1017 2890 sit
1039 2828 1117 2890 chri-

197 2919 276 2971 stum
300 2920 462 2991 persecuta
497 2932 595 2992 usque
623 2916 653 2973 in
675 2913 857 2974 hodiernum
881 2912 972 2977 diem.
1028 2914 1070 2974 At
1088 2912 1115 2970 in

146 3000 150 3005 '
198 2999 282 3055 tanto
305 2995 420 3074 populo
445 2996 547 3056 dicere
568 3015 630 3056 non
653 2997 747 3057 fuisse
775 2997 907 3075 aliquem
930 3016 1043 3076 unum,
1070 2993 1118 3074 qui

195 3079 330 3140 liberum
354 3078 509 3140 arbitrium
533 3080 680 3159 coluerit,
704 3089 735 3141 et
756 3081 785 3140 vi
814 3081 879 3140 eius
908 3088 1041 3141 conatus
1062 3079 1117 3139 lue

197 3164 244 3243 rit,
268 3162 335 3239 quis
356 3162 469 3223 audeat
491 3162 614 3224 dicere?
657 3162 768 3238 Quint
787 3165 889 3244 igitur,
913 3169 946 3222 ιιι
969 3162 1117 3225 umnesiu

197 3245 350 3306 diversum
373 3253 543 3322 conentur,
579 3254 608 3306 et
630 3247 684 3326 id,
718 3247 801 3326 quod
823 3248 1116 3326 praestantissimum

196 3330 251 3389 fuit
273 3330 303 3388 in
337 3330 607 3409 praestantissimis
630 3330 825 3407 hominibus,
855 3330 936 3389 hanc
970 3333 1117 3391 rationem

197 3414 331 3473 iustitiae
362 3432 424 3473 nou
447 3414 546 3473 solum
569 3433 631 3475 non
655 3413 801 3492 coluerit,
825 3432 888 3474 non
909 3413 1012 3474 solum
1035 3415 1116 3492 igno·

197 3497 291 3572 rarit,
318 3496 372 3555 sed
403 3498 495 3556 etiam
523 3497 710 3575 publicatam
736 3506 767 3557 et
798 3496 966 3557 revelatam
1002 3510 1117 3557 summo

198 3578 270 3638 odio
301 3579 446 3658 repulerit
468 3586 499 3639 et
520 3579 669 3658 perditum
695 3579 849 3642 voluerit?
887 3579 934 3640 lta
955 3586 988 3642 ut
1012 3578 1118 3641 Paulus

199 3713 289 3721 -----
295 3714 382 3721 ----
388 3714 548 3722 -——.----
558 3716 567 3723 .
572 3717 594 3723 --
600 3718 613 3724 .-

270 3760 300 3829 *)
322 3760 400 3816 Rom.
422 3766 445 3819 l.
