2348 4162
430 244 433 248 ·
508 234 545 293 s.
565 233 643 294 reor.
981 229 1043 301 527

121 403 179 469 sub
199 405 326 468 nomine
347 425 418 468 meo
440 405 602 487 edendam,
622 410 656 466 ut
671 403 792 466 libellus
813 403 873 486 hio,
897 425 952 486 per
973 424 1043 469 sese

122 489 197 552 satis
219 488 396 569 vendibilis,
419 508 489 553 meo
511 489 595 551 velut
615 489 792 550 testimonio
815 492 912 570 magis
934 490 1043 570 proba-

121 580 214 652 retur,
236 590 421 654 quemquem
444 592 478 634 re
496 574 568 654 ipsa
584 577 616 633 et
637 571 699 634 stili
720 571 874 652 elegantia
890 580 954 634 tum
972 576 1045 655 ,ipsa

122 655 276 718 modestia
298 657 389 719 etism
406 657 479 717 mihi
496 656 554 736 ipsi
572 654 664 716 valde
680 655 834 736 probetur,
855 656 1044 722 hauddubie

121 741 181 822 piis
203 745 234 800 et
255 739 400 820 eruditis,
428 740 520 801 etiam
543 740 611 800 sine
633 756 703 802 meo
727 740 919 817 testimonio,
947 742 1043 804 multo

123 822 411 902 magisprobsbilis
440 823 564 884 iuturus.
608 821 647 883 Et
673 821 774 882 fateor
794 824 946 903 ingenue,
980 844 1044 887 non

123 924 193 966 esse
215 907 275 967 mei
297 907 412 986 ingenii
442 913 473 966 et
495 907 596 967 moris.
615 907 646 965 in
665 923 702 965 re
724 905 794 985 tali,
826 925 918 986 quam
939 915 1045 970 noster

123 988 278 1051 Corvinus
296 989 347 1051 hic
369 994 493 1066 tractat,
528 997 588 1049 tam
611 987 733 1069 placide
759 993 790 1050 et
812 989 919 1052 leniter
941 1010 1044 1072 agere,

123 1073 302 1153 praesertim
325 1079 489 1153 postquam
520 1073 599 1133 inter
621 1072 797 1133 Erasmicos
830 1073 993 1156 theologos
1014 1083 1046 1136 et

124 1175 174 1216 ms
196 1161 280 1215 tanta
301 1157 472 1217 sitooorta
492 1155 595 1232 turbe,
609 1163 726 1221 'temen
747 1155 928 1236 ingratiam
952 1158 1045 1220 libelli

123 1240 245 1298 vincam
270 1258 318 1298 me
340 1241 448 1319 ipsum,
471 1247 618 1318 quantum
643 1245 763 1318 potero,
785 1245 817 1301 et
831 1243 933 1320 posita
954 1242 1044 1303 vehe-

125 1321 241 1383 mentia
262 1320 324 1383 hoc
344 1323 461 1382 dicam:
499 1321 571 1383 mihi
602 1340 678 1382 sane
708 1339 893 1403 nonposse
921 1325 1045 1405 probari

125 1406 215 1467 istam
248 1405 398 1466 rationem
432 1403 579 1482 docendi,
616 1422 707 1483 quam
741 1404 792 1465 hic
823 1405 956 1468 lulianus
989 1427 1045 1488 pro

125 1487 254 1561 Eiresmo
286 1486 437 1566 delendit3
470 1487 561 1571 focile
587 1493 627 1548 et·
644 1487 714 1568 ipse
742 1487 850 1567 oredo,
883 1489 1045 1552 Erasmum

124 1572 203 1632 lorte
224 1577 256 1631 et
277 1589 349 1631 suos
372 1570 539 1651 discipulos
560 1570 644 1631 bono
661 1571 764 1633 animo
781 1571 862 1632 velle
878 1574 968 1635 rebus
991 1594 1046 1636 seu

124 1654 220 1716 turbis
243 1655 345 1735 potius
362 1654 539 1715 consultum
563 1672 618 1734 per
637 1655 728 1716 istam
751 1653 992 1718 mediocritatem
1016 1667 1047 1718 et

125 1745 261 1798 mutuam
284 1738 415 1817 partium
437 1736 715 1818 condonationem,
749 1745 920 1800 metuentes
943 1740 1046 1802 videti·

126 1827 246 1899 eet,‚ne
267 1821 367 1883 resin
389 1840 515 1882 nervum
538 1827 589 1881 eat
606 1819 797 1904 (uldicitur),
818 1821 874 1882 sed
888 1825 1046 1885 conscien-

125 1906 171 1965 tia
189 1910 221 1965 et
244 1905 365 1964 veritus
381 1905 450 1984 ipsa
480 1904 560 1965 hanc
587 1904 774 1966 concordiae
794 1906 946 1967 rationem
971 1906 1047 1968 tols·.

124 2004 195 2050 rare
216 2004 280 2047 non
301 1993 412 2067 potest.
1043 2040 1046 2045 .

194 2069 279 2131 ¹dlis
311 2077 358 2130 est
389 2071 471 2131 enim
503 2070 670 2133 concordia
697 2068 785 2147 fidei,
819 2070 880 2134 ulia
902 2073 1046 2141 caritatis.

125 2152 301 2216 Secundum
323 2154 480 2215 ceritatem
494 2153 585 2216 -nihil
613 2160 661 2215 est
689 2173 728 2214 ex
758 2161 844 2234 parte
866 2161 973 2217 nostra
994 2178 1047 2218 un-

126 2254 219 2316 quam
241 2237 405 2314 omissum,
436 2235 520 2316 quod
540 2255 602 2298 non
625 2238 665 2299 sit
685 2236 865 2317 plenissima
886 2239 1048 2303 voluntate

126 2319 263 2381 oblatum
296 2339 353 2400 pro
379 2337 458 2400 paee
490 2324 521 2379 et
551 2318 720 2381 concordia
748 2319 795 2381 vel
823 2322 975 2384 servanda
996 2323 1047 2384 vel

125 2402 331 2471 resarciendo.
354 2401 466 2463 Omnia
486 2401 598 2482 iacere,
620 2403 693 2482 pati,
716 2421 839 2465 servare
862 2406 1047 2484 paratissimi
1144 2400 1150 2411 '

124 2503 248 2566 semper
268 2485 396 2564 luimus,
418 2502 619 2564 quaecunque
640 2484 728 2547 salva
747 2485 809 2547 lide
830 2488 976 2568 praecipi,
997 2489 1048 2550 in-

124 2569 210 2648 iungi
232 2574 263 2629 et
289 2570 394 2631 inferri
415 2575 542 2649 possent
571 2568 609 2628 ab
631 2567 824 2631 adversariis.
865 2567 900 2632 Id
925 2573 1047 2651 quidem

125 2660 157 2713 et
178 2670 274 2732 opere
295 2653 364 2733 ipso
392 2659 423 2713 et
444 2651 589 2711 fructibus
612 2657 761 2731 perpetuo
783 2660 891 2714 tenore
913 2655 1046 2717 ostendi·

126 2754 204 2800 mus.
246 2734 408 2815 Nunquam
433 2736 514 2796 enim
535 2734 656 2795 illorum
684 2736 864 2814 sanguinem
887 2738 1047 2818 sitivimus,

125 2817 223 2880 multo
238 2819 344 2879 'minus
366 2817 507 2897 fudimus,
530 2817 605 2878 nihil
627 2817 671 2877 eis
695 2819 855 2880 nocuimus
878 2829 931 2880 aut
948 2823 1047 2901 repui-

124 2919 208 2979 mus;
242 2903 314 2980 quin
347 2921 404 2982 pro
436 2903 480 2962 eis
516 2908 623 2963 eontra
643 2900 816 2966 seditiosos
843 2908 876 2964 et
897 2904 1046 2968 fanaticos

124 2985 254 3065 spiritus·
271 2991 395 3048 strenue
415 3003 538 3065 semper
553 2984 702 3064 stetimus,
726 2984 854 3046 fecimus
876 2993 908 3048 et
929 2987 1047 3048 labora

125 3069 243 3146 vimus,
272 3074 364 3147 etque
389 3069 441 3147 (ut
468 3069 509 3148 pii
532 3076 562 3129 et
583 3066 674 3148 boni,
712 3068 776 3129 imo
808 3074 840 3128 et
861 3069 947 3130 multi
970 3073 1048 3132 inter

122 3152 210 3232 ipsos
231 3149 382 3234 latentur)
406 3151 474 3232 plus
495 3151 652 3213 effecimus
686 3170 777 3230 quam
806 3152 864 3233 ipsi
888 3171 944 3233 pro
967 3155 1047 3232 ipso·¹

123 3252 190 3295 num
213 3239 297 3295 stato
317 3233 542 3316 conservando,
565 3234 689 3295 undeet
702 3237 819 3296 maiore
836 3243 868 3295 et
888 3237 1048 3298 acerbiore

124 3317 197 3378 odio
222 3319 387 3399 nosipsos
409 3321 613 3380 oneravimus.
651 3318 730 3379 Nem
754 3319 879 3399 spiritus
898 3320 947 3380 isti
969 3320 1047 3381 sedi·

124 3400 194 3461 tiosi
228 3407 259 3462 et
279 3400 385 3463 iun'osi
412 3402 509 3463 multo
531 3401 716 3479 'diffidentius
746 3403 899 3483 Papistosv
918 3403 1049 3464 oderunt

124 3501 217 3563 quam
240 3483 439 3565 Lutheranos,
474 3504 543 3545 cum
563 3484 683 3546 interim
714 3504 776 3547 non
813 3492 935 3547 cessent
961 3487 1047 3567 Papi·

124 3574 192 3627 stae
240 3574 377 3629 nostrum
432 3570 613 3649 sanguinem
664 3567 791 3630 fundere
841 3575 874 3629 et
914 3568 1047 3646 haurire,

123 3650 236 3712 deinde
257 3651 348 3734 ferro,
369 3655 451 3733 igne,
473 3672 554 3733 equa
576 3658 608 3713 et
629 3654 712 3713 omni
734 3653 968 3734 inrorisgenere
988 3671 1045 3714 nos

122 3737 277 3816 persequi,
299 3736 414 3798 nullam
437 3736 477 3799 ob
499 3754 635 3817 cansam,
657 3737 715 3797 nisi
738 3737 821 3816 quod
843 3744 951 3800 eontra
974 3755 1047 3800 oon·
