2348 4162
390 246 419 301 in
437 226 523 302 libros
541 245 643 301 veteris
660 246 737 302 Test.
841 304 844 311 ,
915 276 918 281 ·
979 241 1021 310 89
1081 320 1085 325 ,

96 414 265 512 explicant,
287 420 318 476 et
339 415 455 476 addunt
476 434 600 495 quoque
621 415 764 495 exempla
794 421 854 477 tam
888 416 1021 495 illorum,

30 574 33 579 Ι
97 499 149 577 qui
171 517 275 558 verum
299 498 376 580 legis
398 500 586 560 intellectum
611 499 742 579 hubent,
766 517 856 578 quam
887 499 1020 579 iliorum,

97 582 234 660 quinon
259 581 633 664 habenattumprsemie
665 584 696 643 et
718 600 836 661 poenas
872 589 1021 643 utrorum·

98 683 170 742 que.
213 662 298 726 Nihil
320 667 411 745 igitur
433 666 516 726 ahud
528 671 608 745 eunt,
631 683 721 744 quam
745 670 839 724 testes
862 665 966 747 Musis,
991 675 1022 727 et

95 747 277 826 ministerii,
302 749 385 829 quod
408 749 526 828 gessit,
550 756 583 809 ut
605 748 649 809 its
670 748 811 817 homines
844 767 899 829 per
921 749 1020 830 legem

96 829 136 891 ad
160 830 314 892 christum
335 831 494 893 reducant.

181 913 294 974 Essent
324 922 426 976 autem
460 920 617 996 postremo
662 913 862 994 attingendae
898 933 1021 995 quoque

96 992 379 1077 allegoriselegum
392 998 606 1077 Levitioarum,
628 998 701 1058 item
718 998 891 1075 sacerdotii,
916 1017 1021 1058 verum

97 1099 136 1153 ea
156 1079 248 1140 resin
268 1081 451 1141 immensum
468 1087 670 1159 excresceret,
694 1079 1021 1157 etvoluut-ellegoriee
1070 1117 1073 1124 =

95 1164 127 1223 in
151 1164 216 1224 otio
240 1165 396 1245 copiosius
419 1166 489 1225 viva
511 1182 588 1224 voce
623 1166 756 1228 tractari.
800 1164 908 1245 Neque
940 1166 1020 1225 enim

95 1245 223 1307 dubium
247 1252 303 1325 est,
326 1249 461 1326 quin'ex
483 1247 569 1308 Mose
603 1265 658 1307 ceu
693 1266 732 1307 ex
754 1248 840 1309 fonte
870 1255 900 1309 et
922 1254 1021 1308 scetu-

94 1330 351 1408 riginequadem
371 1332 473 1392 omnis
494 1331 646 1410 sapientia
670 1332 809 1408 manarit,
833 1330 1019 1411 etquidquid
1047 1338 1050 1343 '
1135 1354 1147 1371 ·

80 1413 271 1493 'prophetes
294 1420 355 1473 tum
380 1421 541 1492 noverunt,
565 1420 629 1472 tum
653 1412 839 1495 docuerunt,
869 1414 899 1474 id
922 1421 1020 1475 totum
1070 1422 1074 1429 '

95 1515 135 1554 ex
159 1495 246 1556 Mose
268 1495 442 1575 hauserint3
469 1503 629 1576 praeterea
652 1514 765 1556 novum
791 1496 1020 1558 Testamentum

95 1596 234 1657 quoque,
259 1580 339 1639 sicut
360 1581 511 1660 principio
536 1578 741 1660 ostendimus,
765 1600 805 1639 ex
837 1581 923 1640 Mose
953 1599 1021 1660 pro·
1096 1646 1100 1655 ⁴

95 1660 196 1739 fluxit,
221 1678 320 1740 neque
343 1663 466 1724 aliunde
488 1663 576 1743 plura
598 1668 779 1741 argumenta
795 1662 858 1741 peti
881 1671 1020 1742 possunt,

96 1744 209 1822 quibus
244 1745 446 1825 Evangelium
475 1745 691 1822 confirmetur,
725 1764 814 1824 quam
854 1764 893 1805 ex
924 1747 1020 1806 veteri

94 1827 307 1889 Testamento.
350 1829 391 1890 Ut
413 1836 515 1889 tamen
538 1833 568 1888 et
589 1828 670 1888 hauc
681 1835 801 1908 partem
824 1831 1024 1910 attingamus,
1086 1891 1090 1897 ,
1119 1856 1123 1862 ·

95 1910 224 1970 brevem
246 1912 332 1971 iuxta
355 1931 391 1972 sc
415 1913 517 1972 utilem
549 1912 709 1971 rationem
721 1911 872 1972 tractandi
906 1912 1020 1993 allego·

96 1994 161 2053 ries
183 1993 402 2077 praescribam,
425 2015 505 2076 quae
525 1995 631 2058 iuvare
652 2001 756 2074 potest
785 1993 961 2077 diligentius
984 2015 1022 2056 ea

54 2130 58 2134 .
96 2076 136 2137 de
158 2095 192 2136 re
214 2079 413 2156 cogitaturos.

214 2162 241 2220 ui
264 2160 343 2221 bene
366 2168 396 2221 et
418 2162 483 2221 siue
506 2159 643 2240 periculo
662 2160 817 2239 allegoriis
840 2161 945 2221 ludere
967 2181 1020 2222 vo·

95 2241 203 2319 lent,r
228 2242 417 2304 iChn'stum
425 2245 481 2305 sibi
503 2250 690 2324 proponant,
714 2243 850 2303 Christus
864 2245 944 2304 enim
968 2244 1020 2305 ille

95 2330 161 2400 est,
177 2326 213 2385 'in
237 2345 327 2403 quem
350 2329 454 2388 omnia
482 2332 553 2386 sunt
577 2324 746 2387 referenda.
802 2327 906 2387 Aaron
929 2327 1021 2407 igitur
1130 2359 1133 2366 ·

22 2446 25 2451 >
98 2407 211 2483 Christi
243 2415 348 2490 typum
383 2411 483 2491 gerit,
513 2409 771 2488 quemadmodum
813 2428 937 2506 quoque
958 2411 1020 2489 epi-

97 2491 181 2551 stota
203 2491 241 2551 ed
265 2492 403 2554 Ebraeos
427 2498 533 2553 monet
545 2511 663 2572 ,quae
684 2492 733 2565 vel
767 2492 835 2552 sola
857 2495 930 2552 satis
954 2499 1021 2553 erat

96 2573 136 2634 ad
177 2592 286 2635 omnes
318 2576 399 2637 Mosi
437 2575 602 2657 allegorias
636 2575 800 2640 commode
834 2567 1018 2639 tractandas
1113 2600 1116 2605 ·

95 2656 321 2718 Manifestum
313 2679 373 2719 ram
397 2666 427 2719 et
448 2660 509 2719 hoo
531 2665 597 2736 est,
635 2657 716 2737 quod
740 2657 877 2719 Christus
903 2660 948 2720 sit
969 2677 1019 2718 sa·
1041 2690 1044 2695 ·

96 2737 285 2821 orificium,
277 2761 339 2802 imo
363 2742 460 2802 altare
482 2743 695 2822 quoque,1pse
717 2741 797 2799 euim
820 2760 853 2800 se
866 2761 926 2801 una
949 2759 1017 2801 cum
1125 2763 1128 2770 ·

95 2841 154 2884 suo
168 2825 319 2905 sanguine
340 2823 534 2903 sacrificavit,
557 2824 588 2885 id
603 2823 684 2904 quod
709 2823 816 2884 eedem
829 2825 868 2885 ad
881 2824 1019 2884 Ebraeos

96 2906 231 2986 epistola
264 2912 401 2983 testetur.
453 2906 719 2983 Quemadmodum
757 2909 850 2986 igitur
882 2926 1019 2968 summus
1079 2960 1099 2971 ,.

95 2989 244 3050 sacerdos
266 2991 297 3050 in
320 2990 391 3071 tege
407 3010 444 3052 ea
465 2998 624 3070 peccata,¹
641 3010 721 3069 quae
741 2992 865 3071 proprie
889 2997 1017 3070 peccata

94 3079 292 3151 nouerant,
327 3075 389 3137 suis
418 3073 575 3134 sacrifieiis
600 3073 770 3156 expiabat,
804 3076 850 3133 sic
883 3093 1019 3134 summus
1087 3089 1090 3094 ·
1149 3102 1152 3109 .

100 3163 209 3217 noster
230 3156 376 3217 sacerdos
399 3157 638 3236 Christus,·cum
661 3159 728 3236 ipse
751 3176 786 3216 se
808 3157 1019 3235 sacrificasset,

85 3252 133 3299 'ea
155 3246 294 3320 peccate,
317 3259 397 3318 quae
411 3240 571 3300 nobiscum
595 3247 740 3300 unanata
763 3248 858 3318 erant,
883 3239 1018 3318 abstulit,

94 3329 125 3381 et
147 3322 244 3383 semel
265 3324 296 3383 in
318 3322 433 3384 Sancte
458 3323 638 3384 Sanctorum
674 3323 713 3383 ad
748 3323 846 3383 Deum
876 3323 1018 3402 accessit,
1062 3350 1066 3357 ·
1101 3353 1104 3359 ·

94 3413 127 3464 ut
149 3406 290 3486 placaret
321 3426 389 3466 eum
418 3406 518 3468 nobis.
583 3406 685 3487 Atque
718 3403 800 3467 huno
829 3408 858 3465 in
892 3405 1017 3466 modum

95 3490 218 3567 omnia,
250 3508 331 3569 quse
364 3489 403 3550 de
434 3508 554 3552 summo
587 3489 751 3549 secerdote
780 3489 940 3567 dicuutur,
978 3488 1017 3567 ad

57 3626 61 3631 .
94 3570 206 3645 Ohristi
229 3590 394 3651 personam
417 3580 535 3634 tantum
559 3573 682 3634 referes.
791 3605 794 3610 ·
853 3622 872 3631 ..

177 3654 245 3715 Filii
269 3656 378 3716 summi
406 3656 591 3731 sacerdotis,
628 3656 679 3735 qui
714 3653 893 3734 quotidiana
923 3662 953 3714 et
976 3654 1018 3715 le·
1053 3718 1060 3729 ,
1091 3665 1094 3670 “

94 3737 183 3800 viora
221 3756 310 3801 secra
340 3739 502 3823 curabant,
528 3759 586 3800 nos
614 3738 776 3801 Christiani
811 3747 931 3819 sumus,
966 3737 1018 3818 qui
