2348 4162
201 243 265 313 486
419 186 424 193 ·
476 243 579 315 Capita
596 238 663 300 fidei
679 242 848 301 christianas

370 415 440 494 Quo
463 423 555 499 pacto
577 435 682 478 coram
704 416 772 478 Deo
793 415 1005 497 instituamur,

456 507 488 562 et
509 500 548 561 dc
570 501 659 562 honis
683 499 837 582 operibus.

286 582 439 664 Quicquid
475 584 514 645 de
536 584 594 644 hac
613 603 647 644 re
675 603 773 663 usqne
794 583 833 645 ad
854 583 917 644 hoo
938 589 1123 663 tempusue

204 667 291 729 sidue
313 667 422 747 docui,
458 686 632 747 nequaqum
667 673 785 728 mutare
806 685 944 748 possum,
967 664 1054 746 quod
1075 685 1125 746 per

201 750 293 812 iidem
319 749 371 832 (ut
393 751 423 815 S.
447 752 554 812 Petrus
576 752 636 822 ait)
674 769 900 830 consequamur
927 767 982 810 cor
1014 768 1124 811 novum

203 842 232 894 et
254 833 410 911 mundum,
430 840 464 895 et
484 833 566 913 quod
580 833 663 893 Deus
680 841 808 913 propter
821 832 975 894 Christum
989 840 1124 895 nostrum

203 916 404 978 mediatorem
437 935 495 977 nos
523 935 579 997 pro
605 919 691 976 iustis
725 924 756 976 et
777 918 891 979 sanctis
915 915 1034 977 habere
1054 916 1125 978 velit

202 1008 234 1061 et
254 999 374 1064 haheat.
419 1000 601 1080 Quanquam
637 1006 739 1060 autem
773 1008 935 1079 peccatum
971 1001 1003 1058 in
1036 1018 1125 1060 carne

202 1082 338 1144 nondum
362 1102 487 1164 prorsus
510 1082 724 1144 mortificatum
748 1090 804 1162 est,
827 1089 930 1144 tamen
944 1081 978 1143 id
990 1082 1125 1144 nonvuit

201 1168 354 1247 imputare
377 1166 522 1228 credenti.
545 1167 647 1246 Atque
660 1167 751 1226 talem
766 1165 869 1243 fldem,
891 1167 1122 1227 renovationem

204 1269 243 1312 ac
263 1251 475 1310 remissionem
500 1256 696 1331 peccatorum
710 1251 894 1311 comitantur
916 1248 1002 1310 hona
1023 1268 1123 1330 opera,

202 1340 233 1393 ot
254 1333 336 1412 quod
358 1334 390 1393 in
412 1333 459 1393 his
481 1333 582 1394 adhuc
605 1334 751 1393 vitiosum
773 1340 830 1410 est,
851 1351 914 1394 non
936 1332 1122 1414 reputabitur

201 1433 257 1496 pro
281 1424 409 1495 peocato
431 1425 556 1496 propter
582 1416 664 1476 ilium
687 1418 787 1496 ipsum
810 1416 979 1494 Christum,
1011 1415 1068 1476 sed
1083 1422 1122 1476 to

200 1504 249 1559 tus
270 1498 364 1559 homo
390 1498 470 1579 (turn
486 1498 653 1559 secundum
676 1518 851 1577 personam,
874 1505 939 1559 tum
956 1498 1120 1560 secundum

202 1600 297 1663 opera
317 1580 390 1661 sna)
420 1582 581 1643 vocabitur
608 1600 645 1643 ac
667 1584 723 1642 erit
749 1583 845 1643 iustus
868 1589 899 1641 et
922 1590 1052 1643 sanctus
1072 1600 1121 1662 per

202 1665 301 1724 sciam
324 1666 452 1744 gratiam
486 1672 516 1725 et
545 1664 783 1725 misericordiam
814 1667 844 1725 in
869 1664 993 1726 Christo
1015 1667 1046 1726 in
1068 1682 1120 1726 nos

200 1746 328 1807 effusam
351 1755 382 1807 et
403 1746 632 1827 amplificatam.
676 1747 779 1823 Quare
801 1767 863 1809 non
877 1766 1045 1827 possumus
1061 1747 1120 1828 gio·

200 1831 269 1891 riari
294 1829 468 1890 demeritis
491 1838 666 1892 nostrorum
691 1850 833 1911 operum,
866 1833 893 1891 si
926 1833 994 1892 sine
1028 1832 1121 1914 gratis

202 1921 232 1973 et
264 1912 474 1973 misericordia
509 1914 726 1994 inspiciantur,
760 1914 814 1975 sed
837 1922 869 1975 ut
892 1916 1118 1996 scriptumest:

199 1995 259 2071 Qui
281 1996 438 2074 gloriatur,
460 1996 608 2076 glorietur
628 1996 658 2059 in
681 1997 824 2074 Domino,
847 1998 908 2058 hoc
930 2004 988 2076 est,
1010 1998 1118 2080 glorie·

199 2084 247 2138 tur
269 2079 439 2139 rehabere
461 2080 611 2159 popilium
636 2079 746 2155 Deum,
771 2082 816 2140 sio
839 2100 873 2142 sa
894 2100 945 2142 res
968 2081 1049 2144 bene
1069 2080 1118 2141 h's·

197 2159 272 2226 bet
301 2160 451 2222 Addimus
472 2169 633 2241 praeterea
655 2161 716 2222 hoo
737 2165 847 2239 etiam,
883 2164 982 2243 quod,
1013 2167 1038 2226 si
1061 2182 1116 2224 non

198 2245 385 2305 comitentur
407 2244 489 2306 hona
512 2265 623 2325 opera,
644 2244 722 2305 fides
744 2247 783 2306 sit
804 2247 890 2327 falsa,
913 2266 977 2308 non
1000 2268 1082 2309 vera.

476 2348 525 2412 De
546 2353 626 2412 votis
649 2352 838 2415 monasticis.

283 2449 538 2529 Quandoquidem
551 2458 625 2512 vota
637 2453 809 2513 monastica
822 2451 937 2512 directe
960 2470 1030 2512 cunr
1043 2452 1116 2532 prin-

199 2533 290 2613 cipali
314 2534 443 2594 articulo
466 2540 620 2614 pugnant,
649 2533 763 2595 debent
789 2554 858 2595 esso
878 2553 1006 2616 prorsus
1030 2535 1115 2597 irrita.

198 2614 274 2677 Sunt
297 2617 388 2693 enim,
412 2617 579 2697 dequibus
602 2619 645 2678 ita
667 2617 742 2678 dicit
763 2616 909 2696 Christus,
934 2618 1043 2680 Matth.
1066 2617 1117 2680 24:

197 2698 264 2779 Ego
287 2719 353 2759 sum
378 2700 515 2762 Christus
538 2708 596 2763 eto.
639 2701 717 2760 Nam
752 2703 802 2780 qui
824 2708 917 2762 vovet
938 2702 1033 2762 vitam
1057 2718 1115 2760 mo·

198 2783 358 2858 nauticam,
381 2784 406 2842 is
420 2785 534 2859 statuit,
557 2804 591 2845 se
601 2791 705 2845 tenere
720 2785 877 2845 meliorem
901 2785 985 2845 vitae
997 2790 1114 2861 statum,

196 2884 287 2944 quam
312 2866 420 2945 vulgus
444 2865 700 2945 Christianorum,
736 2886 774 2927 ac
803 2869 865 2927 suis
891 2867 1037 2948 operibus
1059 2885 1114 2927 non

197 2947 297 3007 solum
320 2967 364 3027 se,
386 2948 441 3008 sed
463 2950 540 3012 aiios
563 2969 686 3030 quoque
709 2957 838 3011 conatur
860 2949 899 3011 ad
921 2951 1045 3012 coelum
1067 2948 1115 3011 ad·

196 3029 325 3106 ducere,
361 3031 505 3110 honest,
537 3053 654 3114 negare
677 3033 840 3096 Christum.
883 3032 1009 3095 Iactant
1031 3034 1115 3094 etiam

194 3111 256 3172 hoc
277 3115 334 3191 sui,
357 3119 390 3173 ut
411 3114 557 3197 Thomas,
580 3123 654 3177 vota
676 3118 848 3179 monastica
860 3118 947 3197 paria
969 3136 1040 3178 esse
1051 3115 1116 3197 hap·

195 3195 297 3276 tismo,
318 3197 397 3258 haec
419 3204 466 3258 est
487 3199 679 3279 blasphemia
700 3200 731 3261 in
753 3200 862 3264 Deum.

427 3303 474 3364 De
496 3305 709 3366 traditionibus
731 3305 881 3370 humanis.

279 3400 369 3477 Quod
401 3405 542 3484 papistae
571 3404 724 3466 affirmant
762 3405 943 3469 traditiones
971 3405 1116 3468 humanas

197 3484 370 3545 conducere
399 3486 437 3545 ad
468 3489 680 3550 remissionem
703 3497 901 3569 peccatorum
935 3498 990 3551 aut
1012 3488 1116 3551 mereri

196 3574 353 3628 aeternam
376 3569 521 3648 satutem,
551 3571 643 3651 piane
663 3573 790 3652 impium
814 3579 861 3635 est
882 3580 914 3635 et
931 3573 1116 3651 damnatum,

193 3650 272 3711 sicut
293 3650 429 3712 Christus
451 3654 507 3713 ait:
539 3655 663 3716 Frustra
691 3657 798 3718 colunt
819 3676 869 3718 ma
889 3657 1047 3718 mandatis
1068 3657 1115 3717 ho

196 3734 329 3795 minum:
353 3735 426 3796 item
449 3735 489 3797 ad
510 3735 611 3799 Titum
636 3742 670 3802 1:
709 3739 925 3803 Aversantium
948 3741 1115 3803 veritatem.
