2348 4162
284 256 289 263 ·
335 234 372 300 ad
391 236 426 291 D.
443 237 587 292 Erasmum
604 236 832 295 Rotarodamum.
982 235 1044 305 295

118 406 191 491 plici
215 425 271 486 per
293 406 450 467 victoriam
463 404 534 467 Iesu
557 406 678 481 Christi,
700 405 809 486 idest,
832 407 915 489 quod
937 407 1044 469 Esaias

121 489 211 550 dicit:
233 489 280 550 De
303 508 394 550 manu
418 489 559 568 Domini3
581 509 643 550 non
668 490 748 550 euim
770 491 832 551 suis
856 492 969 553 viribus
992 499 1045 552 aut

122 572 237 634 meritis
259 572 337 633 haec
360 571 564 653 obtinuerunt,
587 572 642 633 sed
665 573 780 633 victore
797 573 918 636 Christo
941 583 970 635 et
993 574 1044 636 do·

121 658 215 717 naute
260 661 455 734 acceperuut.
511 655 545 715 Iu
588 655 728 716 omnibus
767 658 902 735 peccatis
936 656 1046 717 dicitur

121 738 294 814 bibraismo‚
316 738 346 798 id
369 738 451 818 quod
474 738 568 799 latine
591 738 700 798 dicitur
733 759 803 819 pro,
837 740 886 800 vel
920 747 1045 820 propter

107 829 268 902 peccata,
293 827 325 882 ut
347 820 449 882 Oscae
473 823 526 884 12:
561 820 656 883 Iacob
678 824 804 883 servivit
825 823 857 883 in
879 842 992 901 uxore,
1013 822 1044 883 id

124 911 180 983 eat,
204 924 262 985 pro
286 923 400 983 uxore3
422 912 453 964 et
473 905 554 966 Psat.
580 908 616 970 tr
630 908 677 983 ¹):
701 906 974 967 Circumdederunt
997 925 1045 966 me
1151 948 1155 953 -

121 990 151 1049 in
173 988 279 1048 anima
301 1007 380 1068 mea,
401 986 433 1047 id
456 994 511 1058 ast,
533 995 658 1068 propter
670 990 801 1049 animam
816 1009 924 1052 meam.
947 986 1044 1069 Igitur

122 1072 230 1131 marita
249 1076 355 1130 nostra
378 1071 475 1150 pingit
496 1070 621 1151 Esaias,
655 1071 763 1151 quibus
786 1073 937 1152 duplicem
961 1071 1043 1131 illam

113 1153 293 1223 ¹libertatem
315 1154 499 1231 obtinemus,
522 1161 552 1214 et
574 1153 678 1214 finitae
692 1155 816 1216 militiae
837 1153 926 1236 legis,
951 1153 1043 1216 atdo·

122 1238 185 1298 nati
209 1237 329 1316 peccati
351 1237 479 1314 scilicet,
504 1236 585 1315 quud
607 1237 681 1297 nihil
705 1239 762 1298 nisi
787 1245 963 1317 peccataet
978 1257 1043 1298 om·

121 1321 168 1381 uia
190 1327 321 1400 peccata
341 1319 462 1381 fuerint.
748 1368 752 1375 .

204 1401 363 1464 Hunccine
396 1403 486 1482 igitur
508 1401 742 1482 pulcherrimum
777 1410 808 1462 et
829 1404 974 1464 invictum
997 1403 1043 1463 lo·

123 1494 325 1561 cumcontra
363 1485 490 1546 liberum
528 1483 682 1545 arbitrium
707 1486 752 1544 sic
774 1494 947 1565 pateremur
969 1505 1043 1546 con·

121 1569 259 1649 spurcari
280 1568 420 1629 sordibus
442 1567 572 1628 Iudaicis
594 1586 649 1647 per
670 1568 889 1648 Hieronymum
924 1580 956 1629 et
977 1567 1044 1628 dia-

122 1651 220 1712 triben
242 1650 367 1712 allatis?
388 1650 488 1713 Absit.
533 1650 601 1712 Stat
624 1669 695 1711 vero
708 1651 814 1712 Esaias
837 1671 923 1712 meus
946 1652 1043 1711 victor

122 1734 208 1796 liberi
231 1733 354 1812 arbitrii,
378 1743 408 1794 at
429 1733 543 1805 definit,
559 1735 687 1814 gratiam
714 1734 821 1794 donari
843 1755 905 1796 non
928 1734 1043 1794 maritis

120 1825 173 1879 aut
195 1815 282 1878 libari
304 1817 418 1877 arbitrii
439 1816 615 1892 conatibus,
653 1816 707 1877 sed
731 1806 866 1897 peccatis
889 1825 919 1878 et
941 1817 1044 1877 deme-

120 1902 202 1980 ritis,
237 1899 428 1980 liberumque
459 1900 614 1960 arbitrium
637 1901 700 1961 suis
724 1900 836 1961 viribus
858 1901 946 1980 nihil,
985 1898 1044 1959 nisi

120 1983 259 2065 militiam
288 1984 407 2062 peccati
439 2001 583 2043 exercere
617 2002 724 2063 posse,
757 1983 837 2045 adeo
871 1990 904 2044 ut
926 1983 1045 2062 etipsa

120 2066 188 2147 lex,
223 2085 303 2146 quae
334 2067 364 2127 in
387 2066 570 2127 adiutorium
595 2065 659 2125 dari
683 2073 819 2146 putatur,
842 2069 869 2128 ei
891 2067 981 2126 fuerit
1001 2067 1044 2124 in·

121 2148 305 2229 tolerabilia,
327 2156 358 2210 at
381 2151 478 2228 magia
497 2156 695 2230 peccatorem
718 2150 837 2227 fecerit,
853 2149 1043 2211 ‘militantem

120 2252 154 2293 au
200 2251 277 2293 rsa.

146 2374 150 2379 .
185 2251 296 2394 ,811οά
319 2322 421 2376 autem
444 2313 572 2374 diatriba
595 2313 745 2394 disputat:
767 2315 852 2375 Licet
873 2312 1043 2394 perlegam

122 2405 283 2480 paccatum
307 2398 459 2474 abundet,
482 2404 521 2472 et,
544 2397 593 2457 ubi
608 2404 768 2476 peccatum
792 2396 968 2475 abundavit,
992 2394 1044 2457 ab·

122 2481 218 2543 undat
238 2489 269 2541 et
290 2483 399 2561 gratia,
420 2500 481 2540 nou
505 2488 605 2543 tamen
629 2479 700 2540 bino
721 2481 824 2559 sequi,
847 2479 928 2559 quod
950 2480 1043 2538 homo

123 2573 194 2625 ante
216 2565 344 2644 gratiam
367 2571 487 2644 gratum
507 2563 677 2624 facientem.
703 2561 827 2622 adiutus
848 2562 965 2622 auxiiio
988 2562 1045 2622 Dei

123 2665 182 2707 non
206 2647 305 2727 possit
326 2666 394 2707 sese
408 2667 463 2727 per
485 2666 580 2727 opera
591 2644 747 2706 moraliter
769 2645 1044 2724 bonapraaparare.

121 2729 220 2790 favori
243 2729 357 2792 divino.

205 2812 323 2892 Mirum,
346 2814 371 2872 ai
394 2830 451 2872 auo
464 2811 720 2891 capitaloquitur,
743 2830 780 2871 aa
801 2829 862 2871 nou
887 2809 1045 2889 exaliqua

96 2969 99 2975 ¹
123 2895 229 2961 charta
251 2895 373 2956 aliunde
398 2896 490 2954 missa
514 2894 560 2953 vel
583 2902 714 2974 accepta
735 2894 921 2973 decerpserit
954 2892 1042 2955 libro-

122 2996 182 3058 que
203 2997 261 3038 suo
283 2979 444 3039 inseruerit
465 2976 603 3042 diatriba.
647 2978 754 3056 Neque
777 2979 857 3037 euim
880 2976 972 3054 videt,
994 2994 1044 3035 na-

123 3080 182 3141 que
201 3060 306 3137 audit,
339 3060 411 3140 quid
446 3079 501 3120 sua
535 3060 628 3122 verba
649 3067 769 3121 sonent.
814 3059 845 3120 Si
868 3079 922 3139 per
945 3059 1043 3138 legem

123 3143 261 3204 abundat
282 3152 453 3223 peccatum,
476 3144 632 3223 quomodo
646 3150 693 3203 est
709 3143 866 3223 possibile,
887 3142 1043 3203 bominem

123 3246 177 3307 per
200 3246 295 3308 opera
319 3227 447 3287 moralia
469 3245 561 3306 posse
583 3245 767 3306 praeparare
790 3244 858 3285 sese
878 3225 975 3285 favori
999 3223 1044 3282 di-

123 3310 218 3371 vino?
262 3308 427 3385 Quomodo
450 3327 545 3388 opera
568 3311 702 3394 prosint,
726 3327 795 3368 cum
817 3307 951 3370 laxnou
975 3326 1044 3386 pro-

124 3393 183 3455 sit?
214 3399 266 3453 aut
289 3392 430 3471 quidest
451 3392 534 3452 aliud
558 3412 612 3472 per
635 3392 735 3472 tegam
758 3390 915 3451 abundare
936 3408 1045 3469 pecca-

125 3483 204 3556 tum,
240 3495 331 3555 quam
355 3494 450 3555 opera
471 3475 638 3536 secundum
663 3475 762 3554 legem
784 3474 865 3534 facta
887 3492 955 3533 esse
976 3490 1046 3552 pec·

180 3743 226 3810 .1)
244 3743 276 3797 In
294 3741 359 3799 add.
377 3739 480 3811 origga
501 3743 541 3798 ts.
