2348 4162
210 270 273 339 302
448 271 493 329 De
510 288 591 329 servo
611 271 727 328 arbitrio
744 274 779 329 D.
797 272 833 330 n.
852 273 884 329 t.
912 308 915 313 -

210 436 308 496 Deum
344 440 376 496 ot
407 435 540 518 gloriam
563 436 630 497 eius
651 428 844 516 ignorarant,
876 454 939 496 non
964 433 1048 515 quod
1070 452 1131 497 non

211 524 387 599 appareret,
420 519 473 580 sed
508 519 590 599 quod
619 538 691 580 caro
714 539 775 579 non
808 519 929 580 sinebat
951 538 1006 581 eoa
1028 516 1134 580 nidera

211 603 339 682 gloriam
362 602 429 681 Dei,
451 622 527 683 prae
548 602 649 663 lurore
672 608 703 662 et
714 603 836 663 insania
856 603 886 662 iu
909 602 1041 683 gloriam
1063 620 1134 682 prc-

170 694 173 699 '
210 682 316 765 priam.
359 685 462 747 Habes
480 686 572 764 igitur
583 687 721 766 spiritum
734 685 817 746 illum
831 686 1039 765 igemonioum
1055 685 1133 765 prin·

125 838 128 843 ¹
210 768 341 847 cipalem
363 775 481 848 partem
496 769 628 829 hominis
645 769 683 830 ad
696 768 828 829 honesta
849 770 1010 845 nitentem,
1032 768 1132 848 idest,

210 851 361 912 latronem
383 852 500 932 gloriae
522 851 645 912 divinae
667 857 699 912 et
720 853 889 912 maiestatis
911 850 1132 927 affectatorem,

109 934 112 939 '
210 941 272 994 tum
296 935 440 1010 maxime,
462 953 529 995 oum
554 942 624 995 sunt
645 934 852 995 honestissimi
870 941 900 994 et
920 936 1049 994 summis
1072 935 1132 1014 suis

209 1017 368 1078 virtutibus
389 1017 593 1080 illustrissimi.
636 1018 703 1077 Hos
720 1036 801 1078 nuno
814 1037 894 1098 nega
915 1036 987 1078 esse
1009 1036 1131 1078 carnem

210 1108 240 1160 et
262 1100 357 1179 impio
380 1099 490 1161 affectu
512 1100 659 1180 perditos.

291 1182 357 1243 Neo
377 1183 469 1244 credo
493 1182 640 1244 diat-siben
663 1183 743 1244 adeo
766 1182 880 1243 offendi
902 1203 941 1244 ea
963 1182 1128 1261 locutione,

210 1265 291 1345 quod
313 1266 407 1327 homo
431 1266 547 1327 dicatur
569 1286 638 1327 esse
659 1286 731 1327 caro
754 1266 802 1326 vel
826 1267 959 1346 spiritus,
982 1286 1054 1326 cum
1069 1266 1129 1327 lati·

209 1368 266 1408 nus
289 1348 416 1409 diceret:
441 1349 541 1410 Homo
565 1359 611 1410 est
633 1349 763 1410 carnalis
785 1349 834 1410 vel
857 1350 1036 1429 spiritualis.
1073 1346 1129 1411 Do·

209 1432 344 1492 nandum
367 1442 414 1492 est
436 1435 515 1493 enim
539 1433 613 1511 hoc,
636 1435 715 1493 siout
736 1441 766 1493 et
789 1432 883 1492 multa
906 1432 967 1492 alia
992 1432 1128 1493 Ebraaae

208 1515 341 1594 linguae,
364 1528 406 1595 ut,
428 1534 496 1575 cum
521 1514 606 1575 dicit:
636 1515 737 1576 Homo
764 1523 810 1575 est
832 1534 904 1575 caro
928 1516 978 1575 vel
1000 1517 1128 1595 spiritua,

208 1598 288 1658 idem
311 1597 471 1678 significet,
495 1598 576 1678 quod
599 1618 666 1676 noa,
689 1618 757 1658 oum
782 1597 925 1659 dicimus:
970 1598 1075 1659 Homo
1088 1603 1129 1659 ert

211 1682 342 1741 carnalis
365 1681 414 1742 vel
437 1683 612 1761 spiritualis,
636 1681 895 1764 quemadmodum
913 1681 999 1741 latini
1012 1680 1127 1741 dicunt:

207 1764 307 1825 Triste
329 1765 417 1844 lupus
440 1764 582 1842 stabulis,
618 1765 714 1824 Dulce
741 1766 816 1824 satis
838 1765 966 1842 humor,
990 1765 1040 1824 val
1064 1782 1127 1824 cum

208 1846 325 1907 dicunt:
347 1847 408 1908 lete
430 1848 523 1908 homo
546 1856 592 1908 est
614 1848 713 1907 scelus
735 1849 844 1928 etipsa
867 1847 990 1911 malitia.
1037 1848 1082 1908 lta
1102 1854 1129 1907 ct

208 1929 365 2010 Scriptura
400 1940 506 1991 sancta
539 1950 593 2010 per
622 1931 751 2010 epitasin
773 1931 928 1990 hominem
950 1939 1048 1991 vocat
1069 1948 1126 1990 cac

207 2032 288 2092 nem,
311 2013 398 2092 quasi
420 2014 517 2094 ipsam
543 2013 766 2093 carnalitatem,
791 2014 874 2092 quod
896 2013 990 2073 nimio
1007 2032 1048 2073 ac
1059 2011 1127 2073 nihil

208 2095 289 2156 aliud
312 2098 423 2176 sapiat,
447 2114 537 2176 quam
552 2115 598 2171 ea,
622 2115 701 2175 qnae
714 2098 813 2157 carnis
826 2102 906 2176 sunt,
928 2103 960 2156 et
982 2096 1127 2175 spiritum,

209 2178 290 2259 quod
315 2179 389 2238 nihil
411 2180 469 2238 nisi
492 2199 539 2259 ea,
563 2198 641 2258 qnae
655 2181 778 2259 spiritua
801 2187 880 2256 sunt,
903 2180 1015 2259 sapiat,
1040 2198 1127 2260 quaa·

210 2268 266 2340 rat,
288 2269 363 2343 agat
383 2269 415 2322 et
436 2262 521 2322 ferat.

288 2345 354 2405 Nisi
375 2345 455 2406 forte
478 2344 652 2406 hocadhuo
674 2346 821 2424 reliquum
845 2352 986 2423 quaerat:
1018 2343 1125 2405 Etiam·

210 2429 234 2488 si
258 2434 340 2489 totus
362 2428 456 2490 homo
480 2436 510 2488 et
532 2429 827 2509 praestantissimum
856 2431 886 2486 in
909 2427 1037 2489 homine
1059 2446 1124 2488 caro

208 2531 276 2571 esse
299 2511 425 2590 dicatur,
449 2511 583 2590 nunquid
606 2511 677 2571 ideo
700 2511 907 2572 statimatiam
929 2510 1125 2590 impinmdici

208 2601 367 2674 oporteat,
400 2594 542 2675 quioquid
571 2613 643 2655 oaro
665 2594 773 2655 tuerit?
816 2593 881 2654 Noa
903 2595 1032 2673 impium
1060 2593 1125 2655 dici·

209 2697 290 2759 mua,
326 2680 461 2757 quiaquia
502 2680 567 2738 sine
604 2679 710 2757 spiritu
737 2678 795 2737 Dei
809 2678 915 2739 'luerit
959 2676 1040 2737 Nam
1060 2675 1124 2737 ideo

207 2759 363 2840 Scriptura
386 2760 467 2837 dicit,
491 2759 633 2840 Spiritum
649 2763 768 2842 donari,
792 2760 961 2840 utimpium
975 2758 1121 2821 iustificat

208 2843 284 2903 Oum
308 2861 380 2902 vero
403 2843 540 2905 Christus
569 2846 706 2924 spiritum
740 2866 759 2904 a
780 2856 872 2903 carna
894 2841 1065 2923 distinguat
1085 2841 1123 2903 di·

207 2945 295 2987 cens:
338 2925 428 3001 Quod
452 2935 555 2987 natum
578 2934 624 2986 est
647 2948 686 2988 ex
708 2946 816 3007 carue,
840 2945 913 2987 caro
936 2933 1002 3004 cst,
1026 2925 1124 2987 addat·

207 3028 268 3088 que
288 3028 350 3069 non
375 3028 467 3089 posse
489 3017 592 3070 natum
617 3031 656 3071 ax
680 3029 772 3071 carue
792 3028 920 3089 reguum
936 3009 993 3070 Dei
1018 3009 1126 3087 villaro,

119 3090 123 3099 '
207 3092 364 3152 evidenter
386 3094 536 3173 seqnitur:
581 3092 732 3174 Quicquid
756 3095 844 3153 luerit
865 3112 948 3172 caro,
971 3092 1054 3153 idem
1074 3094 1125 3152 im·

207 3176 293 3254 pium
314 3183 344 3235 et
366 3175 421 3237 sub
443 3177 488 3235 ira
512 3177 576 3256 Dei,
600 3177 795 3255 alienumque
816 3196 834 3235 a
857 3194 951 3256 regno
976 3175 1036 3238 Dei
1046 3194 1126 3251 οοοος

208 3258 337 3338 quodsi
359 3278 495 3338 aregno
519 3266 549 3319 et
571 3262 677 3340 spiritu
701 3261 757 3320 Dei
780 3261 912 3319 alienum
937 3266 1004 3337 eat,
1027 3276 1125 3319 nacco·

207 3344 288 3402 sario
312 3344 416 3422 sequi,
440 3343 521 3422 quod
544 3344 600 3403 sub
622 3363 719 3424 regno
743 3351 773 3404 et
794 3344 899 3423 spiritu
923 3341 1061 3403 Satanas
1081 3342 1125 3419 ait

207 3443 275 3484 oum
290 3444 350 3485 non
373 3426 413 3485 ait
434 3425 566 3485 medium
583 3446 708 3507 regnum
721 3428 938 3506 interregnum
953 3426 1011 3486 Dei
1025 3434 1056 3487 ct
1067 3442 1126 3505 reg·

207 3528 278 3568 num
291 3507 434 3589 Satanae,
447 3516 552 3569 mutuo
565 3508 621 3569 sibi
641 3517 670 3570 el
681 3516 830 3590 perpetuo
845 3511 1025 3589 pugnantia.
1049 3508 1127 3569 Haec

207 3598 286 3669 sunt,
300 3610 378 3671 quae
390 3590 612 3671 demonstrant,
635 3612 769 3653 sommas
787 3593 912 3652 virtutes
935 3593 965 3652 in
979 3590 1126 3675 gentibus,

207 3675 323 3754 optima
344 3676 375 3735 in
395 3672 596 3755 philosophis,
619 3676 881 3756 praestantissima
903 3676 933 3736 in
957 3673 1125 3737 homiuibus

207 3775 310 3821 coram
334 3758 447 3818 mundo
484 3757 606 3837 quidem
629 3757 689 3819 dici
722 3765 752 3819 et
773 3778 924 3839 apparere
945 3761 1080 3825 honesta
1098 3764 1126 3822 et
