2348 4162
295 290 319 333 c.
337 291 404 347 pap.
421 280 451 333 et
467 282 540 347 port.
552 274 606 333 ini.
625 281 715 333 const
733 274 893 334 meronda.
982 275 1044 341 461

126 446 190 501 lum
212 445 285 521 post
305 439 386 500 hano
408 441 501 500 vitam
523 440 553 499 in
571 440 760 521 purgatorio.
803 440 872 501 Hoc
892 457 965 501 vero
988 439 1046 501 nisi

125 536 148 583 a'
165 523 236 584 solo
259 522 421 604 agno=Dai
442 521 507 583 lieri
530 541 591 584 non
613 529 730 603 potest,
763 529 909 604 utsupra
932 522 1046 584 dictum

126 614 182 669 sat.
227 604 329 680 Quare
363 625 463 686 nequa
493 605 532 668 de
555 605 615 667 hoc
637 606 764 667 articulo
787 606 898 668 cedere
920 612 973 667 aut
994 606 1046 666 ali-

125 689 199 770 quid
222 689 323 769 largiri
345 690 426 754 licet.
469 689 554 750 Prior
578 691 658 751 enim
681 690 825 751 articulus
847 689 877 749 id
899 688 1046 770 fieripro·

124 773 219 836 hibet.
707 790 710 797 ·

209 855 300 931 Quod
323 857 348 915 si
384 857 451 935 quis
474 857 503 917 in
527 857 663 937 papistos
685 855 911 917 commodiores
934 854 1046 915 incide·

123 943 169 1011 rit,
192 946 389 1019 percontetur
422 958 496 999 sane
532 957 586 999 eos
609 938 755 1020 benigne,
794 958 854 1018 quo
887 938 926 999 de
953 956 1048 999 cansa

124 1034 187 1084 tam
211 1022 363 1083 mordicus
386 1024 517 1083 retinere
538 1022 661 1082 Missam
685 1028 844 1097 conentur,
867 1022 1045 1102 praesertim

124 1125 194 1167 oum
218 1105 291 1165 nihil
315 1104 397 1165 aliud
419 1106 467 1185 sit,
492 1124 583 1184 quam
606 1107 760 1165 inventum
785 1106 960 1183 humanum,
984 1123 1046 1166 non

124 1190 293 1249 institutum
318 1189 463 1248 divinum.
507 1188 590 1248 Licet
616 1196 717 1249 autern
742 1189 920 1249 traditiones
943 1189 1060 1249 bumo·'¹

125 1293 181 1332 nas
205 1273 362 1350 omittere,
398 1279 429 1332 ut
451 1270 588 1331 Christus
622 1273 720 1351 inquit
742 1272 847 1334 Matth.
876 1277 926 1337 15:
973 1270 1046 1333 Sine
1110 1314 1113 1319 -

124 1374 220 1416 causa
242 1356 348 1414 colunt
370 1374 418 1414 me
441 1353 587 1414 docentes
601 1355 756 1415 doctrinas
780 1362 811 1414 et
834 1355 1045 1416 mandataho·

125 1442 251 1500 minum.
295 1438 456 1498 Praeterea
479 1456 541 1497 non
556 1436 649 1497 habet
670 1437 804 1516 aliquam
829 1440 1044 1499 necessilatem

125 1528 156 1581 et
177 1520 294 1599 absque
316 1530 445 1600 peccato
467 1539 505 1579 ac
526 1521 661 1600 periculo
685 1522 782 1581 omitti
804 1529 916 1601 potest.

208 1604 327 1680 Tertio,
361 1613 583 1663 sacramentnm
608 1611 711 1683 potest
733 1603 793 1663 alio
818 1603 925 1682 modo,
954 1605 1047 1684 longe

125 1688 342 1768 praestantiori
364 1688 521 1767 magisque
535 1686 659 1746 solutari
682 1687 762 1768 (imo
774 1688 898 1747 salutari
911 1686 1045 1769 tontum)

124 1774 211 1831 iuxta
231 1771 453 1851 institutionem
466 1769 578 1829 Christi
599 1771 687 1835 sumi.
730 1768 810 1844 Quid
826 1772 935 1831 attinet
955 1772 1047 1851 igitur
1087 1806 1091 1811 ,

124 1861 251 1935 propter
273 1873 338 1913 rem
361 1853 599 1912 commentitiam
622 1859 653 1913 et
673 1852 785 1913 nullius
799 1854 945 1914 momenti
962 1873 1045 1913 mun-

123 1937 196 1997 dum
230 1939 259 1996 in
294 1943 419 1997 tantam·
443 1937 595 1995 miseriam
629 1941 660 1996 ct
687 1936 847 1996 discrimen
870 1936 1046 1997 adducere?

122 2019 309 2081 Erudiantur
329 2019 469 2079 homines
492 2021 522 2078 in
548 2018 676 2098 publicis
698 2020 909 2101 concionibus,
921 2020 1044 2080 Missam

123 2112 270 2182 tanquam
298 2102 464 2162 humanum
496 2101 673 2183 figmentum
707 2105 773 2163 sine
801 2102 930 2183 peceato
952 2123 1045 2183 posse

123 2188 239 2262 omitti,
271 2205 371 2264 neque
395 2187 531 2246 damnari
556 2205 641 2267 eum,
672 2188 722 2266 qul
759 2187 840 2247 illam
865 2205 926 2247 non
949 2194 1044 2263 curet,

122 2289 191 2330 cum
214 2271 313 2349 possit
335 2269 452 2348 absque
473 2269 566 2329 Missa
588 2269 763 2350 etquidem
787 2271 904 2330 meliori
927 2272 1046 2330 ratione

123 2362 280 2414 aeternam
304 2352 432 2412 salutern
456 2354 612 2430 consequi.
657 2350 746 2426 Quod
771 2355 797 2412 si
819 2353 881 2430 liat,
903 2354 977 2413 nihil
993 2353 1046 2412 du-

123 2436 206 2497 bium
232 2448 288 2514 est,
311 2437 381 2513 quin
405 2454 459 2514 per
487 2454 520 2493 se
542 2436 610 2513 ipsa
631 2436 661 2494 in
686 2444 894 2516 contemptum
919 2444 1046 2496 ventura

122 2520 161 2579 sit
184 2537 246 2579 non
265 2518 357 2578 modo
375 2518 455 2598 apud
468 2517 590 2577 stultam
605 2518 807 2597 plebeculam,
831 2537 934 2579 verum
953 2520 1045 2578 etiam

123 2601 204 2683 apud
229 2620 336 2661 omnes
364 2601 480 2676 bonos,
513 2599 677 2680 prudentes
706 2608 737 2661 et
769 2604 845 2681 pios.
891 2605 992 2681 Atque
1014 2600 1045 2661 id

124 2686 219 2746 multo
243 2685 341 2765 magis
363 2686 512 2762 eveniret,
535 2685 560 2742 si
582 2684 723 2743 audirent
744 2704 813 2746 esse
841 2704 904 2745 rem
927 2685 1045 2764 pericu-

123 2768 233 2847 losam,
256 2769 321 2828 sine
344 2768 489 2827 mandato
512 2774 543 2827 et
563 2768 721 2827 volontate
745 2768 799 2827 Dei
822 2767 997 2829 confictam.

206 2851 334 2929 Quarto,
357 2870 425 2910 cum
448 2848 557 2910 infiniti
581 2859 612 2911 et
634 2850 830 2911 detestabiles
854 2850 968 2913 abusus
989 2869 1045 2930 per

123 2939 221 2995 totum
245 2933 350 2994 orbem
373 2952 413 2993 ex
443 2935 654 3016 negotiatione
677 2934 835 2994 illosarum
859 2934 1046 3011 exstiterint,

123 3015 232 3078 merito
266 3015 382 3077 aboleri
418 3016 565 3077 deberent
586 3024 724 3098 tantum,
757 3025 788 3078 ut
811 3018 1046 3098 prohiberentur

123 3099 296 3160 istiusmodi
335 3100 462 3179 abusus,
501 3103 619 3161 etiamsi
649 3103 677 3160 in
701 3102 738 3160 iis
762 3101 876 3180 aliquid
900 3102 972 3163 boni
994 3104 1047 3160 aut

123 3183 280 3245 commodi
302 3184 425 3245 inesset.
469 3182 515 3243 Eo
539 3192 640 3243 autem
664 3186 759 3263 magis
782 3191 908 3264 propter
932 3185 1046 3244 abusus

121 3265 331 3346 'prohibendos
354 3265 525 3327 abolendae
547 3274 659 3345 essent,
683 3286 751 3326 oum
765 3287 827 3327 non
842 3268 1045 3346 necessariae,

122 3349 245 3409 inutiles
268 3356 388 3409 etcum
411 3350 548 3429 periculo
572 3350 755 3410 coniunctae
777 3353 846 3429 sint,
869 3352 972 3412 omnia
995 3369 1046 3409 au·

123 3440 184 3492 tem
207 3441 270 3492 tum
293 3433 391 3512 magis
414 3435 604 3511 necessaria,
632 3443 695 3493 tum
719 3435 840 3495 utiliora
863 3442 894 3495 et
916 3433 1046 3495 certiora

122 3517 190 3575 sine
212 3515 305 3575 Missa
320 3518 457 3576 'obtineri
481 3517 609 3596 possint.

207 3597 337 3674 Quinto,
371 3599 464 3659 Missa
495 3601 598 3679 itaque
625 3599 700 3659 nihil
723 3599 804 3660 allud
834 3608 881 3660 est
902 3608 954 3660 aut
977 3619 1046 3660 esse
1136 3660 1139 3665 .

122 3688 236 3762 potest,
259 3688 293 3741 nt
315 3689 442 3743 testatur
456 3683 562 3744 Canon
588 3691 618 3743 et
636 3702 744 3743 omnes
757 3683 835 3764 libri,
858 3703 949 3763 quam
968 3702 1046 3764 opus
1076 3684 1079 3689 ’

121 3765 282 3827 bominum
304 3765 353 3824 vel
375 3766 691 3847 improbissimorum,
725 3786 787 3847 quo
810 3769 876 3847 quis
907 3773 939 3828 et
960 3786 994 3829 se
1016 3773 1047 3830 et
