2348 4162
258 259 310 316 'ad
329 260 367 315 D:
381 258 525 317 Erasnun
543 259 772 318 Rotarodamun.
927 260 988 327 179

57 429 204 492 citRom.
218 433 249 507 1,
271 429 473 510 Evangelium
493 448 562 491 essa
583 449 639 509 per
660 431 869 511 prophetasin
888 429 987 511 Scrip-

57 515 135 574 tnria
157 513 273 573 sanctis
305 514 510 592 promissum,
545 519 576 573 et
598 512 714 594 0ap.3
749 516 892 575 iustitiam
915 513 987 574 fidei

58 595 258 657 testificatam
283 595 393 677 alege
417 602 449 657 et
474 596 642 677 prophetis.
692 595 797 672 Qualis
819 606 921 658 autern
944 605 986 657 te·

58 679 228 757 stiticatio,
261 680 286 738 ai
320 679 453 739 obscura
485 679 554 739 est?
609 678 689 754 Quin
712 692 780 741 cum
803 701 859 760 per
881 698 988 741 omnes

58 762 219 842 Epistolas
251 761 454 841 Erangelium
493 762 619 822 verbum
648 752 747 843 lucis,
783 762 987 844 Evangelium

59 846 209 906 claritatis
231 843 396 923 lanitium
419 845 449 905 id
473 864 512 906 ex
533 845 675 925 professo
699 865 737 906 ac
759 866 872 927 magna
894 849 985 925 copia

58 929 134 990 iacit
154 931 184 992 2.
208 927 344 989 Corinth.
366 931 385 992 3
409 934 440 988 et
459 931 498 1007 4,
533 927 583 989 ubi
606 927 645 989 de
667 929 804 990 claritate
826 938 889 991 tam
907 929 988 990 Mosi

59 1030 153 1092 quam
178 1010 289 1072 Christi
311 1010 447 1091 gloriose
469 1010 613 1090 disputat.

145 1094 252 1155 Petrus
275 1111 399 1173 quoque
420 1095 473 1173 ait,
495 1093 525 1158 2.
539 1093 603 1158 Pet.
627 1096 660 1158 l:
684 1094 806 1157 Certum
819 1092 911 1156 valde
934 1094 985 1155 ha·

60 1177 170 1239 bemus
192 1195 365 1237 sermonem
381 1177 603 1257 propheticum,
628 1178 676 1237 cui
692 1179 886 1239 attendentes
909 1178 987 1237 sicut

59 1259 198 1341 lampadi
231 1261 343 1319 lucenti
375 1262 406 1319 in
441 1260 511 1320 loco
551 1261 722 1339 caliginoso
765 1262 844 1322 benc
876 1260 985 1324 facilia.

60 1343 120 1404 Hic
158 1342 266 1403 Petrus
302 1341 427 1402 verbum
458 1343 515 1403 Dei
549 1342 681 1403 lucidam
719 1343 874 1405 lucernam
905 1344 987 1421 iacit,

61 1426 168 1487 omnia
190 1425 251 1485 alia
272 1425 431 1500 tenebras3
459 1433 489 1485 et
518 1444 576 1486 nos
604 1426 820 1488 obscuritatem
850 1433 882 1487 ct
902 1433 987 1487 tene·

63 1509 134 1570 bras
157 1525 200 1571 ex
223 1507 318 1569 verbo
341 1506 492 1569 facimus?
741 1518 744 1523 '

146 1589 330 1673 conatast)
356 1610 425 1652 seso
448 1594 544 1652 lucem
567 1589 671 1651 mundi
694 1593 784 1653 toties
807 1598 915 1668 vocat,
937 1588 986 1653 Io·

62 1675 196 1736 hannem
222 1674 390 1754 Baptistam
414 1676 570 1735 lucernam
593 1675 743 1734 lucentem
767 1686 797 1735 et
818 1674 986 1750 ardentem,

63 1758 181 1837 absque
204 1755 296 1819 dubio
319 1776 382 1818 non
406 1768 532 1837 propter
563 1758 643 1817 vitae
676 1758 895 1834 sanctitatem,
932 1755 986 1817 sed

63 1847 191 1922 propter
201 1840 338 1911 verbum,
351 1840 608 1919 quemadmodum
621 1839 758 1904 Thessal.
767 1838 797 1923 ¹)
821 1838 986 1920 Paulus**)

63 1924 226 1985 luminaria
248 1922 352 1984 mundi
375 1930 468 1983 vocat
489 1924 599 2000 lucida,
623 1924 693 2001 quia
714 1921 845 2006 (inquit)
862 1923 986 1984 verbum

10 2020 14 2033 '
39 2009 145 2068 ιιιιαιι
173 2009 301 2085 tenetis,
334 2008 397 2067 vita
425 2007 506 2067 enim
529 2008 595 2066 sine
622 2007 716 2067 verbo
745 2009 861 2068 incerta
889 2012 937 2066 est
957 2010 988 2066 et

64 2089 207 2151 obscura.

144 2171 187 2232 Et
207 2170 280 2251 quid
302 2170 418 2231 iaciunt
429 2171 573 2252 apostoli,
597 2171 668 2232 dum
691 2189 761 2230 suas
783 2169 987 2251 praedicatio·

63 2274 117 2317 ncs
139 2272 197 2336 per
219 2254 391 2334 Scripturas
412 2254 573 2333 probant?
601 2273 640 2314 an
664 2262 697 2314 ut
727 2254 815 2314 nobis
844 2254 986 2315 tenebras

62 2358 132 2401 snas
155 2337 323 2399 maioribus
357 2335 489 2397 tenebris
516 2337 700 2398 obscurent?
748 2336 797 2396 vel
832 2347 865 2396 ut
886 2340 1010 2397 notiua'

63 2442 116 2504 per
137 2423 276 2503 ignotius
300 2419 452 2499 probent?
486 2418 565 2494 Quid
590 2420 662 2480 lacit
682 2419 820 2480 Christus
843 2419 987 2501 Iohanb,

63 2506 112 2567 ubi
134 2502 270 2567 ludaeos
293 2503 393 2583 docet,
416 2514 448 2563 ut
459 2502 631 2583 Scripturas
655 2511 836 2582 scrutentur,
860 2505 905 2562 sni
928 2503 986 2563 sei·

63 2588 134 2649 licet
171 2584 290 2647 testes?
323 2606 363 2647 an
386 2593 419 2645 ιιι
440 2587 600 2666 ambiguos
632 2585 740 2646 reddat
776 2585 813 2644 de
836 2584 897 2645 ilde
920 2583 987 2645 sui?

64 2670 142 2747 Quid
170 2670 288 2730 iaciunt
313 2670 357 2729 illi
379 2669 447 2730 Act.
473 2673 530 2748 17,
561 2671 611 2750 qui
635 2668 739 2728 audito
762 2667 857 2728 Panlo
886 2667 936 2728 die
958 2675 988 2728 et

64 2760 156 2815 nocta
178 2752 353 2832 Scripturas
377 2752 540 2831 legebant,
569 2762 602 2812 ut
624 2751 783 2828 viderent,
805 2770 844 2812 an
871 2753 915 2811 sic
936 2751 988 2811 ha·

64 2835 192 2898 berent?
226 2834 337 2896 Nonne
357 2836 416 2895 iata
438 2836 541 2894 omnia
561 2835 704 2916 probant,
727 2835 886 2915 apostolos
910 2835 989 2893 sicut

65 2927 95 2981 at
114 2920 271 2982 christum
299 2918 338 2979 ad
361 2917 532 2997 Scripturas
553 2936 752 2999 provocare,
780 2927 925 2998 tanquam
948 2915 987 2977 sd

65 3001 368 3064 testes'clarissimas
395 3020 519 3061 auorum
542 2999 745 3063 sermonum?
798 2999 865 3076 Qua
887 3000 989 3061 fronte

67 3104 138 3168 ergo
162 3103 221 3145 nos
244 3103 297 3144 eas
319 3083 465 3146 obscuras
486 3083 636 3144 iacimus?

146 3164 304 3247 Obsecro,
332 3175 443 3227 suntne
465 3166 519 3228 illa
542 3166 635 3228 verba
657 3166 835 3246 Scripturas
857 3167 989 3227 obscura

68 3252 112 3313 vel
133 3251 298 3331 ambigua:
327 3251 408 3311 Deus
431 3252 547 3311 creavit
568 3250 688 3311 coelum
713 3255 745 3310 et
766 3256 886 3326 terram,
911 3249 988 3309 Ver·
1062 3278 1065 3283 ·

69 3332 137 3397 bum
161 3352 235 3396 caro
258 3334 370 3394 iactum
392 3342 448 3409 est,
470 3341 502 3393 et
522 3335 651 3406 omnia,
673 3351 752 3412 quae
774 3352 830 3413 pro
854 3331 989 3392 articulis

26 3452 30 3460 ·
70 3414 138 3480 fluet
160 3425 243 3479 totus
265 3418 385 3498 accepit
407 3416 558 3478 mundus?
601 3415 691 3478 Unde
713 3414 863 3496 accepit?
885 3433 989 3475 nonne

73 3519 107 3562 ax
129 3499 316 3581 Scripturis?
372 3500 412 3561 Ει
441 3499 512 3578 quid
540 3500 655 3561 iaciunt
683 3501 734 3579 qui
769 3498 869 3560 adhuc
896 3497 989 3559 hodie
1094 3556 1097 3563 ,

141 3771 168 3838 ¹⁸)
188 3768 245 3823 lob.
265 3769 291 3824 S.
330 3768 379 3836 ⁸⁸)
401 3766 519 3836 Philipp.
538 3770 563 3821 2.
613 3767 643 3833 i)
664 3765 693 3818 lu
714 3764 852 3903 &alem
870 3765 988 3835 Philipp.
1035 3794 1040 3803 ·
