<?xml version="1.0" encoding="UTF-8"?>
<!DOCTYPE html PUBLIC "-//W3C//DTD XHTML 1.0 Transitional//EN"
    "http://www.w3.org/TR/xhtml1/DTD/xhtml1-transitional.dtd">
<html xmlns="http://www.w3.org/1999/xhtml" xml:lang="en" lang="en">
 <head>
  <title>
</title>
<meta http-equiv="Content-Type" content="text/html;charset=utf-8" />
  <meta name='ocr-system' content='tesseract 3.04.00' />
  <meta name='ocr-capabilities' content='ocr_page ocr_carea ocr_par ocr_line ocrx_word'/>
</head>
<body>
  <div class='ocr_page' id='page_1' title='image "./dmartinilutheri02luthgoog_0134.png"; bbox 0 0 2348 4162; ppageno 0'>
   <div class='ocr_carea' id='block_1_1' title="bbox 304 168 1012 285">
    <p class='ocr_par' dir='ltr' id='par_1_1' title="bbox 304 168 1012 285">
     <span class='ocr_line' id='line_1_1' title="bbox 304 168 1012 285; baseline 0.013 -26"><span class='ocrx_word' id='word_1_1' title='bbox 304 168 341 260; x_wconf 83' lang='lat' dir='ltr'><strong>sd</strong></span> <span class='ocrx_word' id='word_1_2' title='bbox 360 204 394 260; x_wconf 90' lang='lat' dir='ltr'><strong>D.</strong></span> <span class='ocrx_word' id='word_1_3' title='bbox 413 204 557 285; x_wconf 82' lang='lat' dir='ltr'><strong>Erasmum</strong></span> <span class='ocrx_word' id='word_1_4' title='bbox 576 203 802 263; x_wconf 85' lang='lat' dir='ltr'><strong>Roterodamnm.</strong></span> <span class='ocrx_word' id='word_1_5' title='bbox 951 200 1012 271; x_wconf 78' lang='lat'><strong>&#39;123</strong></span> 
     </span>
    </p>
   </div>
   <div class='ocr_carea' id='block_1_2' title="bbox 23 370 1011 854">
    <p class='ocr_par' dir='ltr' id='par_1_2' title="bbox 23 370 1011 854">
     <span class='ocr_line' id='line_1_2' title="bbox 84 370 1011 452; baseline -0.004 -17"><span class='ocrx_word' id='word_1_6' title='bbox 84 370 175 438; x_wconf 86' lang='lat' dir='ltr'><strong>bitur.</strong></span> <span class='ocrx_word' id='word_1_7' title='bbox 212 371 379 450; x_wconf 78' lang='lat' dir='ltr'><strong>Quomodo</strong></span> <span class='ocrx_word' id='word_1_8' title='bbox 402 374 483 435; x_wconf 89' lang='lat' dir='ltr'><strong>enim</strong></span> <span class='ocrx_word' id='word_1_9' title='bbox 506 374 619 450; x_wconf 84' lang='lat' dir='ltr'><strong>eredat,</strong></span> <span class='ocrx_word' id='word_1_10' title='bbox 641 371 672 434; x_wconf 94' lang='lat' dir='ltr'><strong>id</strong></span> <span class='ocrx_word' id='word_1_11' title='bbox 694 373 851 452; x_wconf 92' lang='lat' dir='ltr'><strong>quoduou</strong></span> <span class='ocrx_word' id='word_1_12' title='bbox 874 371 1011 451; x_wconf 87' lang='lat' dir='ltr'><strong>assequi-</strong></span> 
     </span>
     <span class='ocr_line' id='line_1_3' title="bbox 23 452 1010 537; baseline 0.001 -24"><span class='ocrx_word' id='word_1_13' title='bbox 23 506 27 513; x_wconf 94' lang='lat'>.</span> <span class='ocrx_word' id='word_1_14' title='bbox 84 455 158 516; x_wconf 81' lang='lat' dir='ltr'><strong>tur?</strong></span> <span class='ocrx_word' id='word_1_15' title='bbox 199 452 282 519; x_wconf 86' lang='lat' dir='ltr'><strong>Nam</strong></span> <span class='ocrx_word' id='word_1_16' title='bbox 304 461 335 516; x_wconf 93' lang='lat' dir='ltr'><strong>tu</strong></span> <span class='ocrx_word' id='word_1_17' title='bbox 364 456 439 517; x_wconf 94' lang='lat' dir='ltr'><strong>illud</strong></span> <span class='ocrx_word' id='word_1_18' title='bbox 468 456 518 516; x_wconf 89' lang='lat' dir='ltr'><strong>hio</strong></span> <span class='ocrx_word' id='word_1_19' title='bbox 540 456 662 536; x_wconf 77' lang='lat' dir='ltr'>assequi</span> <span class='ocrx_word' id='word_1_20' title='bbox 686 455 786 537; x_wconf 88' lang='lat' dir='ltr'><strong>diues,</strong></span> <span class='ocrx_word' id='word_1_21' title='bbox 815 455 897 537; x_wconf 94' lang='lat' dir='ltr'><strong>quod</strong></span> <span class='ocrx_word' id='word_1_22' title='bbox 927 460 1010 516; x_wconf 80' lang='lat' dir='ltr'><strong>aerio</strong></span> 
     </span>
     <span class='ocr_line' id='line_1_4' title="bbox 83 538 1011 619; baseline -0.001 -21"><span class='ocrx_word' id='word_1_23' title='bbox 83 540 153 618; x_wconf 90' lang='lat' dir='ltr'><strong>quis</strong></span> <span class='ocrx_word' id='word_1_24' title='bbox 173 538 412 619; x_wconf 89' lang='lat' dir='ltr'><strong>apprehenderit</strong></span> <span class='ocrx_word' id='word_1_25' title='bbox 438 545 469 600; x_wconf 90' lang='lat' dir='ltr'><strong>et</strong></span> <span class='ocrx_word' id='word_1_26' title='bbox 490 559 552 601; x_wconf 91' lang='lat' dir='ltr'><strong>non</strong></span> <span class='ocrx_word' id='word_1_27' title='bbox 575 538 719 619; x_wconf 82' lang='lat' dir='ltr'><strong>Saeptioo</strong></span> <span class='ocrx_word' id='word_1_28' title='bbox 744 558 829 600; x_wconf 88' lang='lat' dir='ltr'><strong>more</strong></span> <span class='ocrx_word' id='word_1_29' title='bbox 850 538 1011 600; x_wconf 86' lang='lat' dir='ltr'><strong>dubitave-</strong></span> 
     </span>
     <span class='ocr_line' id='line_1_5' title="bbox 83 619 1011 702; baseline -0.002 -21"><span class='ocrx_word' id='word_1_30' title='bbox 83 622 132 701; x_wconf 90' lang='lat' dir='ltr'><strong>rit,</strong></span> <span class='ocrx_word' id='word_1_31' title='bbox 154 621 271 702; x_wconf 84' lang='lat' dir='ltr'><strong>alioqui</strong></span> <span class='ocrx_word' id='word_1_32' title='bbox 304 621 377 702; x_wconf 91' lang='lat' dir='ltr'><strong>quid</strong></span> <span class='ocrx_word' id='word_1_33' title='bbox 411 628 457 682; x_wconf 83' lang='lat' dir='ltr'><strong>est</strong></span> <span class='ocrx_word' id='word_1_34' title='bbox 484 624 514 682; x_wconf 93' lang='lat' dir='ltr'><strong>iu</strong></span> <span class='ocrx_word' id='word_1_35' title='bbox 538 621 599 683; x_wconf 90' lang='lat' dir='ltr'><strong>ulla</strong></span> <span class='ocrx_word' id='word_1_36' title='bbox 621 628 780 700; x_wconf 83' lang='lat' dir='ltr'><strong>ereatura,</strong></span> <span class='ocrx_word' id='word_1_37' title='bbox 816 621 898 702; x_wconf 93' lang='lat' dir='ltr'><strong>quod</strong></span> <span class='ocrx_word' id='word_1_38' title='bbox 931 619 1011 681; x_wconf 91' lang='lat' dir='ltr'><strong>ullus</strong></span> 
     </span>
     <span class='ocr_line' id='line_1_6' title="bbox 82 702 1011 786; baseline -0.001 -22"><span class='ocrx_word' id='word_1_39' title='bbox 82 702 211 782; x_wconf 84' lang='lat' dir='ltr'><strong>honro¹)</strong></span> <span class='ocrx_word' id='word_1_40' title='bbox 235 705 358 784; x_wconf 80' lang='lat' dir='ltr'>assequi</span> <span class='ocrx_word' id='word_1_41' title='bbox 380 705 488 786; x_wconf 79' lang='lat' dir='ltr'><strong>possit,</strong></span> <span class='ocrx_word' id='word_1_42' title='bbox 510 706 536 765; x_wconf 89' lang='lat' dir='ltr'><strong>si</strong></span> <span class='ocrx_word' id='word_1_43' title='bbox 557 705 679 784; x_wconf 81' lang='lat' dir='ltr'><strong>assequi</strong></span> <span class='ocrx_word' id='word_1_44' title='bbox 701 703 742 764; x_wconf 85' lang='lat' dir='ltr'><strong>id·</strong></span> <span class='ocrx_word' id='word_1_45' title='bbox 757 705 805 781; x_wconf 88' lang='lat' dir='ltr'><strong>sit,</strong></span> <span class='ocrx_word' id='word_1_46' title='bbox 827 702 909 783; x_wconf 86' lang='lat' dir='ltr'><strong>quud</strong></span> <span class='ocrx_word' id='word_1_47' title='bbox 944 722 1011 783; x_wconf 91' lang='lat' dir='ltr'><strong>per·</strong></span> 
     </span>
     <span class='ocr_line' id='line_1_7' title="bbox 79 786 1010 854; baseline -0.001 -6"><span class='ocrx_word' id='word_1_48' title='bbox 79 787 164 854; x_wconf 82' lang='lat' dir='ltr'><strong>feste</strong></span> <span class='ocrx_word' id='word_1_49' title='bbox 185 806 280 848; x_wconf 90' lang='lat' dir='ltr'><strong>nosse</strong></span> <span class='ocrx_word' id='word_1_50' title='bbox 302 806 339 848; x_wconf 88' lang='lat' dir='ltr'><strong>ao</strong></span> <span class='ocrx_word' id='word_1_51' title='bbox 360 787 488 849; x_wconf 78' lang='lat' dir='ltr'><strong>videre?</strong></span> <span class='ocrx_word' id='word_1_52' title='bbox 540 788 617 848; x_wconf 82' lang='lat' dir='ltr'><strong>Tum</strong></span> <span class='ocrx_word' id='word_1_53' title='bbox 641 789 721 848; x_wconf 90' lang='lat' dir='ltr'><strong>euim</strong></span> <span class='ocrx_word' id='word_1_54' title='bbox 753 805 811 848; x_wconf 90' lang='lat' dir='ltr'><strong>neo</strong></span> <span class='ocrx_word' id='word_1_55' title='bbox 832 787 933 848; x_wconf 88' lang='lat' dir='ltr'><strong>loourn</strong></span> <span class='ocrx_word' id='word_1_56' title='bbox 955 786 1010 846; x_wconf 91' lang='lat' dir='ltr'><strong>ha·</strong></span> 
     </span>
    </p>
   </div>
   <div class='ocr_carea' id='block_1_3' title="bbox 84 867 1102 951">
    <p class='ocr_par' dir='ltr' id='par_1_3' title="bbox 84 867 1102 951">
     <span class='ocr_line' id='line_1_8' title="bbox 84 867 1102 951; baseline -0.003 -21"><span class='ocrx_word' id='word_1_57' title='bbox 84 868 181 947; x_wconf 83' lang='lat' dir='ltr'><strong>beret,</strong></span> <span class='ocrx_word' id='word_1_58' title='bbox 203 877 237 931; x_wconf 87' lang='lat' dir='ltr'><strong>ut</strong></span> <span class='ocrx_word' id='word_1_59' title='bbox 250 870 358 949; x_wconf 89' lang='lat' dir='ltr'><strong>aliquis</strong></span> <span class='ocrx_word' id='word_1_60' title='bbox 382 871 470 930; x_wconf 89' lang='lat' dir='ltr'><strong>simul</strong></span> <span class='ocrx_word' id='word_1_61' title='bbox 484 870 633 951; x_wconf 88' lang='lat' dir='ltr'><strong>quaedam</strong></span> <span class='ocrx_word' id='word_1_62' title='bbox 649 871 782 950; x_wconf 82' lang='lat' dir='ltr'><strong>assequi,</strong></span> <span class='ocrx_word' id='word_1_63' title='bbox 806 878 836 930; x_wconf 94' lang='lat' dir='ltr'><strong>et</strong></span> <span class='ocrx_word' id='word_1_64' title='bbox 860 867 1010 951; x_wconf 80' lang='lat' dir='ltr'><strong>quaedam</strong></span> <span class='ocrx_word' id='word_1_65' title='bbox 1099 870 1102 875; x_wconf 87' lang='grc'><strong>’</strong></span> 
     </span>
    </p>
   </div>
   <div class='ocr_carea' id='block_1_4' title="bbox 83 951 1011 1532">
    <p class='ocr_par' dir='ltr' id='par_1_4' title="bbox 83 951 1011 1262">
     <span class='ocr_line' id='line_1_9' title="bbox 83 951 1009 1035; baseline -0.002 -22"><span class='ocrx_word' id='word_1_66' title='bbox 83 971 147 1014; x_wconf 90' lang='lat' dir='ltr'><strong>non</strong></span> <span class='ocrx_word' id='word_1_67' title='bbox 172 954 294 1032; x_wconf 75' lang='lat' dir='ltr'><strong>assequi</strong></span> <span class='ocrx_word' id='word_1_68' title='bbox 328 960 455 1035; x_wconf 87' lang='lat' dir='ltr'><strong>posset,</strong></span> <span class='ocrx_word' id='word_1_69' title='bbox 489 952 542 1014; x_wconf 87' lang='lat' dir='ltr'><strong>sed</strong></span> <span class='ocrx_word' id='word_1_70' title='bbox 568 974 661 1015; x_wconf 88' lang='lat' dir='ltr'><strong>uuum</strong></span> <span class='ocrx_word' id='word_1_71' title='bbox 697 951 811 1034; x_wconf 89' lang='lat' dir='ltr'><strong>aliquid</strong></span> <span class='ocrx_word' id='word_1_72' title='bbox 848 958 1009 1013; x_wconf 75' lang='lat' dir='ltr'><strong>assecutus</strong></span> 
     </span>
     <span class='ocr_line' id='line_1_10' title="bbox 84 1036 1011 1118; baseline -0.002 -23"><span class='ocrx_word' id='word_1_73' title='bbox 84 1037 191 1096; x_wconf 90' lang='lat' dir='ltr'><strong>omnia</strong></span> <span class='ocrx_word' id='word_1_74' title='bbox 213 1043 372 1097; x_wconf 88' lang='lat' dir='ltr'><strong>asseoutns</strong></span> <span class='ocrx_word' id='word_1_75' title='bbox 395 1044 487 1113; x_wconf 88' lang='lat' dir='ltr'><strong>esset,</strong></span> <span class='ocrx_word' id='word_1_76' title='bbox 509 1041 584 1116; x_wconf 92' lang='lat' dir='ltr'><strong>puta</strong></span> <span class='ocrx_word' id='word_1_77' title='bbox 605 1038 636 1097; x_wconf 92' lang='lat' dir='ltr'><strong>iu</strong></span> <span class='ocrx_word' id='word_1_78' title='bbox 658 1037 736 1118; x_wconf 89' lang='lat' dir='ltr'><strong>Deo,</strong></span> <span class='ocrx_word' id='word_1_79' title='bbox 760 1055 851 1116; x_wconf 83' lang='lat' dir='ltr'><strong>quem</strong></span> <span class='ocrx_word' id='word_1_80' title='bbox 874 1036 925 1115; x_wconf 92' lang='lat' dir='ltr'><strong>qui</strong></span> <span class='ocrx_word' id='word_1_81' title='bbox 948 1053 1011 1095; x_wconf 91' lang='lat' dir='ltr'><strong>nou</strong></span> 
     </span>
     <span class='ocr_line' id='line_1_11' title="bbox 83 1112 1010 1201; baseline -0.001 -23"><span class='ocrx_word' id='word_1_82' title='bbox 83 1118 276 1201; x_wconf 77' lang='lat' dir='ltr'><strong>assequitur,</strong></span> <span class='ocrx_word' id='word_1_83' title='bbox 298 1119 413 1179; x_wconf 88' lang='lat' dir='ltr'><strong>nnllam</strong></span> <span class='ocrx_word' id='word_1_84' title='bbox 436 1126 553 1200; x_wconf 85' lang='lat' dir='ltr'><strong>partem</strong></span> <span class='ocrx_word' id='word_1_85' title='bbox 587 1112 746 1181; x_wconf 83' lang='lat' dir='ltr'><strong>orealurae</strong></span> <span class='ocrx_word' id='word_1_86' title='bbox 768 1139 902 1200; x_wconf 91' lang='lat' dir='ltr'><strong>unquam</strong></span> <span class='ocrx_word' id='word_1_87' title='bbox 927 1136 1010 1179; x_wconf 87' lang='lat' dir='ltr'><strong>asse·</strong></span> 
     </span>
     <span class='ocr_line' id='line_1_12' title="bbox 104 1203 196 1262; baseline 0.011 -1"><span class='ocrx_word' id='word_1_88' title='bbox 104 1203 196 1262; x_wconf 86' lang='lat' dir='ltr'><strong>uitur.</strong></span> 
     </span>
    </p>

    <p class='ocr_par' dir='ltr' id='par_1_5' title="bbox 83 1221 1011 1532">
     <span class='ocr_line' id='line_1_13' title="bbox 84 1221 1010 1366; baseline -0.004 -19"><span class='ocrx_word' id='word_1_89' title='bbox 84 1221 102 1281; x_wconf 73' lang='lat' dir='ltr'>q</span> <span class='ocrx_word' id='word_1_90' title='bbox 167 1281 304 1365; x_wconf 88' lang='lat' dir='ltr'><strong>Summa,</strong></span> <span class='ocrx_word' id='word_1_91' title='bbox 326 1285 405 1346; x_wconf 84' lang='lat' dir='ltr'><strong>haee</strong></span> <span class='ocrx_word' id='word_1_92' title='bbox 427 1290 479 1345; x_wconf 88' lang='lat' dir='ltr'><strong>tua</strong></span> <span class='ocrx_word' id='word_1_93' title='bbox 501 1284 594 1346; x_wconf 84' lang='lat' dir='ltr'><strong>verba</strong></span> <span class='ocrx_word' id='word_1_94' title='bbox 620 1284 680 1346; x_wconf 87' lang='lat' dir='ltr'><strong>hoo</strong></span> <span class='ocrx_word' id='word_1_95' title='bbox 701 1291 835 1364; x_wconf 89' lang='lat' dir='ltr'><strong>sonant,</strong></span> <span class='ocrx_word' id='word_1_96' title='bbox 869 1283 950 1366; x_wconf 89' lang='lat' dir='ltr'><strong>apud</strong></span> <span class='ocrx_word' id='word_1_97' title='bbox 980 1291 1010 1344; x_wconf 91' lang='lat' dir='ltr'><strong>te</strong></span> 
     </span>
     <span class='ocr_line' id='line_1_14' title="bbox 84 1365 1011 1448; baseline -0.002 -21"><span class='ocrx_word' id='word_1_98' title='bbox 84 1365 159 1427; x_wconf 90' lang='lat' dir='ltr'><strong>nihil</strong></span> <span class='ocrx_word' id='word_1_99' title='bbox 181 1368 295 1429; x_wconf 86' lang='lat' dir='ltr'><strong>referre</strong></span> <span class='ocrx_word' id='word_1_100' title='bbox 307 1414 317 1448; x_wconf 92' lang='lat'><strong>,</strong></span> <span class='ocrx_word' id='word_1_101' title='bbox 340 1367 484 1447; x_wconf 86' lang='lat' dir='ltr'><strong>quioquid</strong></span> <span class='ocrx_word' id='word_1_102' title='bbox 507 1387 526 1428; x_wconf 90' lang='lat' dir='ltr'><strong>a</strong></span> <span class='ocrx_word' id='word_1_103' title='bbox 549 1367 688 1446; x_wconf 89' lang='lat' dir='ltr'><strong>quolibet</strong></span> <span class='ocrx_word' id='word_1_104' title='bbox 728 1369 839 1446; x_wconf 91' lang='lat' dir='ltr'><strong>ubique</strong></span> <span class='ocrx_word' id='word_1_105' title='bbox 862 1367 1011 1440; x_wconf 83' lang='lat' dir='ltr'><strong>eradatur,</strong></span> 
     </span>
     <span class='ocr_line' id='line_1_15' title="bbox 83 1448 1010 1532; baseline 0 -23"><span class='ocrx_word' id='word_1_106' title='bbox 83 1449 177 1511; x_wconf 87' lang='lat' dir='ltr'><strong>modo</strong></span> <span class='ocrx_word' id='word_1_107' title='bbox 200 1469 263 1530; x_wconf 88' lang='lat' dir='ltr'><strong>pax</strong></span> <span class='ocrx_word' id='word_1_108' title='bbox 286 1450 389 1511; x_wconf 90' lang='lat' dir='ltr'><strong>mundi</strong></span> <span class='ocrx_word' id='word_1_109' title='bbox 411 1456 552 1531; x_wconf 83' lang='lat' dir='ltr'><strong>constet,</strong></span> <span class='ocrx_word' id='word_1_110' title='bbox 581 1448 735 1531; x_wconf 87' lang='lat' dir='ltr'><strong>liuereqns</strong></span> <span class='ocrx_word' id='word_1_111' title='bbox 769 1451 808 1512; x_wconf 89' lang='lat' dir='ltr'><strong>oh</strong></span> <span class='ocrx_word' id='word_1_112' title='bbox 840 1449 1010 1532; x_wconf 87' lang='lat' dir='ltr'><strong>perieulum</strong></span> 
     </span>
    </p>
   </div>
   <div class='ocr_carea' id='block_1_5' title="bbox 84 1531 1093 1613">
    <p class='ocr_par' dir='ltr' id='par_1_6' title="bbox 84 1531 1093 1613">
     <span class='ocr_line' id='line_1_16' title="bbox 84 1531 1093 1613; baseline 0.004 -22"><span class='ocrx_word' id='word_1_113' title='bbox 84 1534 176 1608; x_wconf 85' lang='lat' dir='ltr'><strong>vitae,</strong></span> <span class='ocrx_word' id='word_1_114' title='bbox 197 1533 309 1612; x_wconf 81' lang='lat' dir='ltr'><strong>saurae,</strong></span> <span class='ocrx_word' id='word_1_115' title='bbox 329 1553 428 1594; x_wconf 88' lang='lat' dir='ltr'><strong>rerum</strong></span> <span class='ocrx_word' id='word_1_116' title='bbox 443 1540 473 1594; x_wconf 89' lang='lat' dir='ltr'><strong>et</strong></span> <span class='ocrx_word' id='word_1_117' title='bbox 495 1534 608 1594; x_wconf 85' lang='lat' dir='ltr'><strong>favoris</strong></span> <span class='ocrx_word' id='word_1_118' title='bbox 621 1534 705 1595; x_wconf 90' lang='lat' dir='ltr'><strong>illum</strong></span> <span class='ocrx_word' id='word_1_119' title='bbox 728 1534 849 1611; x_wconf 90' lang='lat' dir='ltr'><strong>imitari,</strong></span> <span class='ocrx_word' id='word_1_120' title='bbox 870 1534 921 1613; x_wconf 89' lang='lat' dir='ltr'><strong>qui</strong></span> <span class='ocrx_word' id='word_1_121' title='bbox 943 1531 1010 1592; x_wconf 85' lang='lat' dir='ltr'><strong>dix·</strong></span> <span class='ocrx_word' id='word_1_122' title='bbox 1090 1590 1093 1595; x_wconf 89' lang='lat'><em>.</em></span> 
     </span>
    </p>
   </div>
   <div class='ocr_carea' id='block_1_6' title="bbox 24 1613 1046 3524">
    <p class='ocr_par' dir='ltr' id='par_1_7' title="bbox 24 1613 1046 3524">
     <span class='ocr_line' id='line_1_17' title="bbox 82 1613 1012 1697; baseline 0.001 -24"><span class='ocrx_word' id='word_1_123' title='bbox 82 1616 119 1675; x_wconf 88' lang='lat' dir='ltr'><strong>it:</strong></span> <span class='ocrx_word' id='word_1_124' title='bbox 142 1613 256 1692; x_wconf 85' lang='lat' dir='ltr'><strong>Aiunt,</strong></span> <span class='ocrx_word' id='word_1_125' title='bbox 293 1617 361 1691; x_wconf 92' lang='lat' dir='ltr'><strong>aio,</strong></span> <span class='ocrx_word' id='word_1_126' title='bbox 394 1616 525 1697; x_wconf 88' lang='lat' dir='ltr'><strong>Negant,</strong></span> <span class='ocrx_word' id='word_1_127' title='bbox 547 1636 646 1697; x_wconf 83' lang='lat' dir='ltr'><strong>nego,</strong></span> <span class='ocrx_word' id='word_1_128' title='bbox 670 1625 701 1678; x_wconf 89' lang='lat' dir='ltr'><strong>et</strong></span> <span class='ocrx_word' id='word_1_129' title='bbox 722 1617 835 1678; x_wconf 86' lang='lat' dir='ltr'><strong>habere</strong></span> <span class='ocrx_word' id='word_1_130' title='bbox 864 1616 1012 1695; x_wconf 82' lang='lat' dir='ltr'><strong>dogmata</strong></span> 
     </span>
     <span class='ocr_line' id='line_1_18' title="bbox 85 1697 1009 1780; baseline -0.001 -22"><span class='ocrx_word' id='word_1_131' title='bbox 85 1697 258 1759; x_wconf 76' lang='lat' dir='ltr'><strong>Christiana</strong></span> <span class='ocrx_word' id='word_1_132' title='bbox 280 1699 375 1759; x_wconf 88' lang='lat' dir='ltr'><strong>nihilo</strong></span> <span class='ocrx_word' id='word_1_133' title='bbox 398 1700 550 1778; x_wconf 88' lang='lat' dir='ltr'><strong>meliora,</strong></span> <span class='ocrx_word' id='word_1_134' title='bbox 579 1717 670 1779; x_wconf 91' lang='lat' dir='ltr'><strong>quam</strong></span> <span class='ocrx_word' id='word_1_135' title='bbox 699 1698 952 1780; x_wconf 86' lang='lat' dir='ltr'><strong>philosophorum</strong></span> <span class='ocrx_word' id='word_1_136' title='bbox 978 1706 1009 1758; x_wconf 88' lang='lat' dir='ltr'><strong>et</strong></span> 
     </span>
     <span class='ocr_line' id='line_1_19' title="bbox 84 1780 1010 1863; baseline -0.002 -21"><span class='ocrx_word' id='word_1_137' title='bbox 84 1780 242 1842; x_wconf 89' lang='lat' dir='ltr'><strong>hominum</strong></span> <span class='ocrx_word' id='word_1_138' title='bbox 256 1782 430 1862; x_wconf 83' lang='lat' dir='ltr'><strong>opiniones,</strong></span> <span class='ocrx_word' id='word_1_139' title='bbox 451 1801 507 1863; x_wconf 89' lang='lat' dir='ltr'><strong>pro</strong></span> <span class='ocrx_word' id='word_1_140' title='bbox 530 1782 640 1863; x_wconf 90' lang='lat' dir='ltr'><strong>quibus</strong></span> <span class='ocrx_word' id='word_1_141' title='bbox 654 1783 865 1843; x_wconf 88' lang='lat' dir='ltr'><strong>stultissimum</strong></span> <span class='ocrx_word' id='word_1_142' title='bbox 888 1788 935 1842; x_wconf 87' lang='lat' dir='ltr'><strong>est</strong></span> <span class='ocrx_word' id='word_1_143' title='bbox 951 1781 1010 1841; x_wconf 86' lang='lat' dir='ltr'><strong>rix·</strong></span> 
     </span>
     <span class='ocr_line' id='line_1_20' title="bbox 83 1863 1008 1946; baseline 0.001 -23"><span class='ocrx_word' id='word_1_144' title='bbox 83 1863 147 1941; x_wconf 89' lang='lat' dir='ltr'><strong>ari,</strong></span> <span class='ocrx_word' id='word_1_145' title='bbox 167 1883 338 1946; x_wconf 85' lang='lat' dir='ltr'><strong>pugnare,</strong></span> <span class='ocrx_word' id='word_1_146' title='bbox 369 1884 527 1943; x_wconf 88' lang='lat' dir='ltr'><strong>asserere,</strong></span> <span class='ocrx_word' id='word_1_147' title='bbox 555 1865 637 1946; x_wconf 92' lang='lat' dir='ltr'><strong>quud</strong></span> <span class='ocrx_word' id='word_1_148' title='bbox 659 1865 732 1926; x_wconf 88' lang='lat' dir='ltr'><strong>inde</strong></span> <span class='ocrx_word' id='word_1_149' title='bbox 753 1865 828 1926; x_wconf 92' lang='lat' dir='ltr'><strong>nihil</strong></span> <span class='ocrx_word' id='word_1_150' title='bbox 851 1866 909 1925; x_wconf 89' lang='lat' dir='ltr'><strong>nisi</strong></span> <span class='ocrx_word' id='word_1_151' title='bbox 934 1883 1008 1925; x_wconf 89' lang='lat' dir='ltr'><strong>oon·</strong></span> 
     </span>
     <span class='ocr_line' id='line_1_21' title="bbox 84 1945 1010 2029; baseline 0 -22"><span class='ocrx_word' id='word_1_152' title='bbox 84 1946 180 2008; x_wconf 89' lang='lat' dir='ltr'><strong>tentio</strong></span> <span class='ocrx_word' id='word_1_153' title='bbox 216 1951 247 2006; x_wconf 91' lang='lat' dir='ltr'><strong>et</strong></span> <span class='ocrx_word' id='word_1_154' title='bbox 267 1945 400 2008; x_wconf 82' lang='lat' dir='ltr'><strong>turbatio</strong></span> <span class='ocrx_word' id='word_1_155' title='bbox 437 1949 523 2029; x_wconf 88' lang='lat' dir='ltr'><strong>paois</strong></span> <span class='ocrx_word' id='word_1_156' title='bbox 561 1953 708 2010; x_wconf 86' lang='lat' dir='ltr'><strong>externae</strong></span> <span class='ocrx_word' id='word_1_157' title='bbox 742 1949 891 2028; x_wconf 86' lang='lat' dir='ltr'><strong>veniant,</strong></span> <span class='ocrx_word' id='word_1_158' title='bbox 931 1965 1010 2027; x_wconf 89' lang='lat' dir='ltr'><strong>quse</strong></span> 
     </span>
     <span class='ocr_line' id='line_1_22' title="bbox 83 2028 1009 2112; baseline 0.002 -24"><span class='ocrx_word' id='word_1_159' title='bbox 83 2048 176 2111; x_wconf 92' lang='lat' dir='ltr'><strong>supra</strong></span> <span class='ocrx_word' id='word_1_160' title='bbox 198 2048 266 2110; x_wconf 84' lang='lat' dir='ltr'><strong>nos,</strong></span> <span class='ocrx_word' id='word_1_161' title='bbox 289 2029 363 2090; x_wconf 92' lang='lat' dir='ltr'><strong>nihil</strong></span> <span class='ocrx_word' id='word_1_162' title='bbox 392 2029 430 2091; x_wconf 87' lang='lat' dir='ltr'><strong>ad</strong></span> <span class='ocrx_word' id='word_1_163' title='bbox 453 2049 519 2095; x_wconf 86' lang='lat' dir='ltr'><strong>nus.</strong></span> <span class='ocrx_word' id='word_1_164' title='bbox 570 2028 618 2093; x_wconf 87' lang='lat' dir='ltr'><strong>Ita</strong></span> <span class='ocrx_word' id='word_1_165' title='bbox 652 2032 855 2112; x_wconf 83' lang='lat' dir='ltr'><strong>dirempturus</strong></span> <span class='ocrx_word' id='word_1_166' title='bbox 886 2036 1009 2092; x_wconf 87' lang='lat' dir='ltr'><strong>nostros</strong></span> 
     </span>
     <span class='ocr_line' id='line_1_23' title="bbox 85 2110 1009 2195; baseline 0.001 -22"><span class='ocrx_word' id='word_1_167' title='bbox 85 2110 246 2173; x_wconf 86' lang='lat' dir='ltr'><strong>aonfliotus</strong></span> <span class='ocrx_word' id='word_1_168' title='bbox 267 2114 354 2173; x_wconf 85' lang='lat' dir='ltr'><strong>venis</strong></span> <span class='ocrx_word' id='word_1_169' title='bbox 377 2111 494 2175; x_wconf 87' lang='lat' dir='ltr'><strong>medius</strong></span> <span class='ocrx_word' id='word_1_170' title='bbox 506 2161 515 2194; x_wconf 90' lang='lat'><strong>,</strong></span> <span class='ocrx_word' id='word_1_171' title='bbox 537 2121 569 2174; x_wconf 93' lang='lat' dir='ltr'><strong>nt</strong></span> <span class='ocrx_word' id='word_1_172' title='bbox 591 2121 737 2195; x_wconf 89' lang='lat' dir='ltr'><strong>utrosque</strong></span> <span class='ocrx_word' id='word_1_173' title='bbox 759 2115 955 2195; x_wconf 87' lang='lat' dir='ltr'><strong>suspendas,</strong></span> <span class='ocrx_word' id='word_1_174' title='bbox 978 2120 1009 2174; x_wconf 89' lang='lat' dir='ltr'><strong>et</strong></span> 
     </span>
     <span class='ocr_line' id='line_1_24' title="bbox 84 2192 1006 2277; baseline 0.001 -22"><span class='ocrx_word' id='word_1_175' title='bbox 84 2194 280 2274; x_wconf 81' lang='lat' dir='ltr'><strong>persuadeas,</strong></span> <span class='ocrx_word' id='word_1_176' title='bbox 302 2195 341 2256; x_wconf 86' lang='lat' dir='ltr'><strong>da</strong></span> <span class='ocrx_word' id='word_1_177' title='bbox 363 2196 466 2257; x_wconf 82' lang='lat' dir='ltr'><strong>stultis</strong></span> <span class='ocrx_word' id='word_1_178' title='bbox 485 2214 522 2256; x_wconf 86' lang='lat' dir='ltr'><strong>au</strong></span> <span class='ocrx_word' id='word_1_179' title='bbox 542 2192 697 2259; x_wconf 87' lang='lat' dir='ltr'><strong>inutilibus</strong></span> <span class='ocrx_word' id='word_1_180' title='bbox 719 2197 809 2259; x_wconf 88' lang='lat' dir='ltr'><strong>rebus</strong></span> <span class='ocrx_word' id='word_1_181' title='bbox 832 2217 889 2259; x_wconf 89' lang='lat' dir='ltr'><strong>uos</strong></span> <span class='ocrx_word' id='word_1_182' title='bbox 913 2196 1006 2277; x_wconf 83' lang='lat' dir='ltr'><strong>digla-</strong></span> 
     </span>
     <span class='ocr_line' id='line_1_25' title="bbox 84 2277 1008 2361; baseline 0.001 -24"><span class='ocrx_word' id='word_1_183' title='bbox 84 2277 170 2355; x_wconf 88' lang='lat' dir='ltr'><strong>diari,</strong></span> <span class='ocrx_word' id='word_1_184' title='bbox 193 2279 248 2357; x_wconf 90' lang='lat' dir='ltr'><strong>sio,</strong></span> <span class='ocrx_word' id='word_1_185' title='bbox 268 2279 409 2357; x_wconf 89' lang='lat' dir='ltr'><strong>iuquam,</strong></span> <span class='ocrx_word' id='word_1_186' title='bbox 432 2286 543 2340; x_wconf 92' lang='lat' dir='ltr'><strong>sonant</strong></span> <span class='ocrx_word' id='word_1_187' title='bbox 566 2286 617 2341; x_wconf 91' lang='lat' dir='ltr'><strong>tua</strong></span> <span class='ocrx_word' id='word_1_188' title='bbox 639 2279 742 2344; x_wconf 84' lang='lat' dir='ltr'><strong>verba.</strong></span> <span class='ocrx_word' id='word_1_189' title='bbox 795 2281 835 2341; x_wconf 81' lang='lat' dir='ltr'><strong>Et</strong></span> <span class='ocrx_word' id='word_1_190' title='bbox 863 2279 934 2361; x_wconf 90' lang='lat' dir='ltr'><strong>quid</strong></span> <span class='ocrx_word' id='word_1_191' title='bbox 959 2280 1008 2339; x_wconf 87' lang='lat' dir='ltr'><strong>hie</strong></span> 
     </span>
     <span class='ocr_line' id='line_1_26' title="bbox 24 2359 1008 2442; baseline 0.005 -25"><span class='ocrx_word' id='word_1_192' title='bbox 24 2412 27 2416; x_wconf 87' lang='lat'>.</span> <span class='ocrx_word' id='word_1_193' title='bbox 84 2380 245 2440; x_wconf 85' lang='lat' dir='ltr'><strong>premam,</strong></span> <span class='ocrx_word' id='word_1_194' title='bbox 268 2368 344 2441; x_wconf 89' lang='lat' dir='ltr'><strong>puto</strong></span> <span class='ocrx_word' id='word_1_195' title='bbox 366 2368 397 2422; x_wconf 88' lang='lat' dir='ltr'><strong>ta</strong></span> <span class='ocrx_word' id='word_1_196' title='bbox 417 2359 614 2442; x_wconf 86' lang='lat' dir='ltr'><strong>intelligere,</strong></span> <span class='ocrx_word' id='word_1_197' title='bbox 639 2365 690 2424; x_wconf 88' lang='lat' dir='ltr'><strong>mi</strong></span> <span class='ocrx_word' id='word_1_198' title='bbox 712 2364 849 2428; x_wconf 83' lang='lat' dir='ltr'><strong>Erasme.</strong></span> <span class='ocrx_word' id='word_1_199' title='bbox 893 2362 951 2424; x_wconf 82' lang='lat' dir='ltr'><strong>Sed</strong></span> <span class='ocrx_word' id='word_1_200' title='bbox 975 2369 1008 2423; x_wconf 93' lang='lat' dir='ltr'><strong>ut</strong></span> 
     </span>
     <span class='ocr_line' id='line_1_27' title="bbox 85 2442 1007 2522; baseline 0.003 -19"><span class='ocrx_word' id='word_1_201' title='bbox 85 2444 159 2522; x_wconf 86' lang='lat' dir='ltr'><strong>dixi,</strong></span> <span class='ocrx_word' id='word_1_202' title='bbox 183 2442 276 2505; x_wconf 84' lang='lat' dir='ltr'><strong>verba</strong></span> <span class='ocrx_word' id='word_1_203' title='bbox 306 2450 394 2521; x_wconf 88' lang='lat' dir='ltr'><strong>eant,</strong></span> <span class='ocrx_word' id='word_1_204' title='bbox 418 2462 473 2505; x_wconf 87' lang='lat' dir='ltr'><strong>our</strong></span> <span class='ocrx_word' id='word_1_205' title='bbox 499 2451 582 2506; x_wconf 90' lang='lat' dir='ltr'><strong>tuum</strong></span> <span class='ocrx_word' id='word_1_206' title='bbox 604 2447 721 2507; x_wconf 89' lang='lat' dir='ltr'><strong>iuterim</strong></span> <span class='ocrx_word' id='word_1_207' title='bbox 745 2465 881 2522; x_wconf 86' lang='lat' dir='ltr'><strong>exouso,</strong></span> <span class='ocrx_word' id='word_1_208' title='bbox 913 2444 1007 2506; x_wconf 89' lang='lat' dir='ltr'><strong>modo</strong></span> 
     </span>
     <span class='ocr_line' id='line_1_28' title="bbox 83 2525 1007 2610; baseline 0.003 -25"><span class='ocrx_word' id='word_1_209' title='bbox 83 2532 114 2586; x_wconf 93' lang='lat' dir='ltr'><strong>tu</strong></span> <span class='ocrx_word' id='word_1_210' title='bbox 136 2544 202 2587; x_wconf 93' lang='lat' dir='ltr'><strong>non</strong></span> <span class='ocrx_word' id='word_1_211' title='bbox 223 2525 336 2607; x_wconf 88' lang='lat' dir='ltr'><strong>prodas</strong></span> <span class='ocrx_word' id='word_1_212' title='bbox 358 2527 468 2604; x_wconf 83' lang='lat' dir='ltr'><strong>latius,</strong></span> <span class='ocrx_word' id='word_1_213' title='bbox 493 2547 530 2588; x_wconf 88' lang='lat' dir='ltr'><strong>ao</strong></span> <span class='ocrx_word' id='word_1_214' title='bbox 553 2535 659 2589; x_wconf 88' lang='lat' dir='ltr'><strong>metue</strong></span> <span class='ocrx_word' id='word_1_215' title='bbox 690 2530 827 2610; x_wconf 90' lang='lat' dir='ltr'><strong>spiritum</strong></span> <span class='ocrx_word' id='word_1_216' title='bbox 849 2529 926 2609; x_wconf 90' lang='lat' dir='ltr'><strong>Dei,</strong></span> <span class='ocrx_word' id='word_1_217' title='bbox 956 2529 1007 2608; x_wconf 92' lang='lat' dir='ltr'><strong>qui</strong></span> 
     </span>
     <span class='ocr_line' id='line_1_29' title="bbox 84 2609 1008 2692; baseline 0.002 -23"><span class='ocrx_word' id='word_1_218' title='bbox 84 2615 237 2670; x_wconf 86' lang='lat' dir='ltr'><strong>serutatur</strong></span> <span class='ocrx_word' id='word_1_219' title='bbox 258 2628 347 2670; x_wconf 86' lang='lat' dir='ltr'><strong>renes</strong></span> <span class='ocrx_word' id='word_1_220' title='bbox 362 2618 392 2670; x_wconf 85' lang='lat' dir='ltr'><strong>et</strong></span> <span class='ocrx_word' id='word_1_221' title='bbox 414 2609 517 2692; x_wconf 86' lang='lat' dir='ltr'><strong>eorda,</strong></span> <span class='ocrx_word' id='word_1_222' title='bbox 541 2630 599 2672; x_wconf 89' lang='lat' dir='ltr'><strong>neo</strong></span> <span class='ocrx_word' id='word_1_223' title='bbox 614 2612 726 2672; x_wconf 86' lang='lat' dir='ltr'><strong>fallitur</strong></span> <span class='ocrx_word' id='word_1_224' title='bbox 742 2613 921 2692; x_wconf 78' lang='lat' dir='ltr'><strong>cumpositis</strong></span> <span class='ocrx_word' id='word_1_225' title='bbox 944 2630 1008 2671; x_wconf 88' lang='lat' dir='ltr'><strong>ver·</strong></span> 
     </span>
     <span class='ocr_line' id='line_1_30' title="bbox 84 2690 1008 2774; baseline 0.004 -23"><span class='ocrx_word' id='word_1_226' title='bbox 84 2690 141 2762; x_wconf 78' lang='lat' dir='ltr'><strong>his.</strong></span> <span class='ocrx_word' id='word_1_227' title='bbox 186 2692 258 2753; x_wconf 82' lang='lat' dir='ltr'><strong>Dixi</strong></span> <span class='ocrx_word' id='word_1_228' title='bbox 280 2693 360 2753; x_wconf 85' lang='lat' dir='ltr'><strong>enirn</strong></span> <span class='ocrx_word' id='word_1_229' title='bbox 383 2693 460 2754; x_wconf 85' lang='lat' dir='ltr'><strong>haee</strong></span> <span class='ocrx_word' id='word_1_230' title='bbox 482 2693 563 2774; x_wconf 86' lang='lat' dir='ltr'><strong>ideo,</strong></span> <span class='ocrx_word' id='word_1_231' title='bbox 585 2701 617 2755; x_wconf 95' lang='lat' dir='ltr'><strong>ut</strong></span> <span class='ocrx_word' id='word_1_232' title='bbox 639 2694 785 2774; x_wconf 89' lang='lat' dir='ltr'><strong>deinoeps</strong></span> <span class='ocrx_word' id='word_1_233' title='bbox 808 2694 929 2755; x_wconf 87' lang='lat' dir='ltr'><strong>desinas</strong></span> <span class='ocrx_word' id='word_1_234' title='bbox 952 2712 1008 2755; x_wconf 91' lang='lat' dir='ltr'><strong>no·</strong></span> 
     </span>
     <span class='ocr_line' id='line_1_31' title="bbox 83 2778 1005 2858; baseline 0.005 -24"><span class='ocrx_word' id='word_1_235' title='bbox 83 2781 177 2835; x_wconf 79' lang='lat' dir='ltr'><strong>strant</strong></span> <span class='ocrx_word' id='word_1_236' title='bbox 212 2793 336 2836; x_wconf 89' lang='lat' dir='ltr'><strong>oausam</strong></span> <span class='ocrx_word' id='word_1_237' title='bbox 369 2794 498 2855; x_wconf 86' lang='lat' dir='ltr'><strong>arguere</strong></span> <span class='ocrx_word' id='word_1_238' title='bbox 538 2778 727 2856; x_wconf 81' lang='lat' dir='ltr'><strong>pertinaciae</strong></span> <span class='ocrx_word' id='word_1_239' title='bbox 749 2783 781 2838; x_wconf 90' lang='lat' dir='ltr'><strong>et</strong></span> <span class='ocrx_word' id='word_1_240' title='bbox 802 2778 1005 2858; x_wconf 85' lang='lat' dir='ltr'><strong>pervioaoiae.</strong></span> 
     </span>
     <span class='ocr_line' id='line_1_32' title="bbox 82 2856 1006 2941; baseline 0.002 -23"><span class='ocrx_word' id='word_1_241' title='bbox 82 2857 160 2918; x_wconf 87' lang='lat' dir='ltr'><strong>Nam</strong></span> <span class='ocrx_word' id='word_1_242' title='bbox 185 2857 246 2920; x_wconf 89' lang='lat' dir='ltr'><strong>hoo</strong></span> <span class='ocrx_word' id='word_1_243' title='bbox 269 2856 399 2920; x_wconf 89' lang='lat' dir='ltr'><strong>oonsilio</strong></span> <span class='ocrx_word' id='word_1_244' title='bbox 424 2859 506 2920; x_wconf 92' lang='lat' dir='ltr'><strong>alind</strong></span> <span class='ocrx_word' id='word_1_245' title='bbox 521 2860 595 2929; x_wconf 88' lang='lat' dir='ltr'><strong>nihil</strong></span> <span class='ocrx_word' id='word_1_246' title='bbox 617 2860 702 2938; x_wconf 82' lang='lat' dir='ltr'><strong>faeie,</strong></span> <span class='ocrx_word' id='word_1_247' title='bbox 726 2880 818 2940; x_wconf 88' lang='lat' dir='ltr'><strong>qnam</strong></span> <span class='ocrx_word' id='word_1_248' title='bbox 834 2860 931 2937; x_wconf 82' lang='lat' dir='ltr'><strong>hou²)</strong></span> <span class='ocrx_word' id='word_1_249' title='bbox 948 2862 1006 2941; x_wconf 86' lang='lat' dir='ltr'><strong>sig·</strong></span> 
     </span>
     <span class='ocr_line' id='line_1_33' title="bbox 83 2939 1046 3024; baseline 0.005 -24"><span class='ocrx_word' id='word_1_250' title='bbox 83 2939 206 3018; x_wconf 83' lang='lat' dir='ltr'><strong>uideas,</strong></span> <span class='ocrx_word' id='word_1_251' title='bbox 232 2947 263 3002; x_wconf 85' lang='lat' dir='ltr'><strong>te</strong></span> <span class='ocrx_word' id='word_1_252' title='bbox 288 2942 319 3001; x_wconf 95' lang='lat' dir='ltr'><strong>iu</strong></span> <span class='ocrx_word' id='word_1_253' title='bbox 343 2942 437 3002; x_wconf 83' lang='lat' dir='ltr'><strong>eorde</strong></span> <span class='ocrx_word' id='word_1_254' title='bbox 458 2940 624 3004; x_wconf 83' lang='lat' dir='ltr'><strong>Lusianuur</strong></span> <span class='ocrx_word' id='word_1_255' title='bbox 653 2950 707 3005; x_wconf 89' lang='lat' dir='ltr'><strong>aut</strong></span> <span class='ocrx_word' id='word_1_256' title='bbox 736 2945 828 3005; x_wconf 84' lang='lat' dir='ltr'><strong>aliurn</strong></span> <span class='ocrx_word' id='word_1_257' title='bbox 852 2943 1005 3024; x_wconf 89' lang='lat' dir='ltr'><strong>quendam</strong></span> <span class='ocrx_word' id='word_1_258' title='bbox 1043 2980 1046 2985; x_wconf 61' lang='lat'>&lt;</span> 
     </span>
     <span class='ocr_line' id='line_1_34' title="bbox 83 3020 1007 3109; baseline 0.003 -27"><span class='ocrx_word' id='word_1_259' title='bbox 83 3020 120 3085; x_wconf 88' lang='lat' dir='ltr'><strong>de</strong></span> <span class='ocrx_word' id='word_1_260' title='bbox 142 3042 238 3104; x_wconf 84' lang='lat' dir='ltr'><strong>grege</strong></span> <span class='ocrx_word' id='word_1_261' title='bbox 260 3023 383 3105; x_wconf 78' lang='lat' dir='ltr'><strong>Epiuuri</strong></span> <span class='ocrx_word' id='word_1_262' title='bbox 406 3043 533 3106; x_wconf 89' lang='lat' dir='ltr'><strong>pureum</strong></span> <span class='ocrx_word' id='word_1_263' title='bbox 556 3026 657 3105; x_wconf 87' lang='lat' dir='ltr'><strong>alere,</strong></span> <span class='ocrx_word' id='word_1_264' title='bbox 679 3029 730 3108; x_wconf 90' lang='lat' dir='ltr'><strong>qni</strong></span> <span class='ocrx_word' id='word_1_265' title='bbox 753 3046 821 3087; x_wconf 90' lang='lat' dir='ltr'><strong>oum</strong></span> <span class='ocrx_word' id='word_1_266' title='bbox 843 3028 910 3109; x_wconf 91' lang='lat' dir='ltr'><strong>ipse</strong></span> <span class='ocrx_word' id='word_1_267' title='bbox 931 3025 1007 3088; x_wconf 89' lang='lat' dir='ltr'><strong>nihil</strong></span> 
     </span>
     <span class='ocr_line' id='line_1_35' title="bbox 82 3105 1007 3191; baseline 0.005 -25"><span class='ocrx_word' id='word_1_268' title='bbox 82 3105 190 3167; x_wconf 80' lang='lat' dir='ltr'><strong>eredat</strong></span> <span class='ocrx_word' id='word_1_269' title='bbox 211 3126 280 3168; x_wconf 88' lang='lat' dir='ltr'><strong>esse</strong></span> <span class='ocrx_word' id='word_1_270' title='bbox 302 3107 417 3190; x_wconf 88' lang='lat' dir='ltr'><strong>Deum,</strong></span> <span class='ocrx_word' id='word_1_271' title='bbox 445 3106 545 3169; x_wconf 88' lang='lat' dir='ltr'><strong>rideat</strong></span> <span class='ocrx_word' id='word_1_272' title='bbox 573 3108 694 3171; x_wconf 88' lang='lat' dir='ltr'><strong>ououlte</strong></span> <span class='ocrx_word' id='word_1_273' title='bbox 715 3129 838 3190; x_wconf 87' lang='lat' dir='ltr'><strong>omnes,</strong></span> <span class='ocrx_word' id='word_1_274' title='bbox 870 3111 922 3191; x_wconf 91' lang='lat' dir='ltr'><strong>qui</strong></span> <span class='ocrx_word' id='word_1_275' title='bbox 945 3129 1007 3171; x_wconf 88' lang='lat' dir='ltr'><strong>ore·</strong></span> 
     </span>
     <span class='ocr_line' id='line_1_36' title="bbox 82 3186 1007 3270; baseline 0.005 -21"><span class='ocrx_word' id='word_1_276' title='bbox 82 3186 158 3250; x_wconf 92' lang='lat' dir='ltr'><strong>dnut</strong></span> <span class='ocrx_word' id='word_1_277' title='bbox 181 3196 213 3250; x_wconf 90' lang='lat' dir='ltr'><strong>et</strong></span> <span class='ocrx_word' id='word_1_278' title='bbox 234 3189 426 3253; x_wconf 81' lang='lat' dir='ltr'><strong>confitentur.</strong></span> <span class='ocrx_word' id='word_1_279' title='bbox 469 3190 542 3253; x_wconf 81' lang='lat' dir='ltr'><strong>Sine</strong></span> <span class='ocrx_word' id='word_1_280' title='bbox 575 3212 632 3254; x_wconf 89' lang='lat' dir='ltr'><strong>uos</strong></span> <span class='ocrx_word' id='word_1_281' title='bbox 660 3212 729 3254; x_wconf 90' lang='lat' dir='ltr'><strong>esse</strong></span> <span class='ocrx_word' id='word_1_282' title='bbox 751 3199 942 3270; x_wconf 85' lang='lat' dir='ltr'><strong>assertores,</strong></span> <span class='ocrx_word' id='word_1_283' title='bbox 976 3197 1007 3254; x_wconf 91' lang='lat' dir='ltr'><strong>et</strong></span> 
     </span>
     <span class='ocr_line' id='line_1_37' title="bbox 82 3273 1005 3357; baseline 0.004 -26"><span class='ocrx_word' id='word_1_284' title='bbox 82 3273 304 3334; x_wconf 85' lang='lat' dir='ltr'><strong>assertionibus</strong></span> <span class='ocrx_word' id='word_1_285' title='bbox 327 3274 451 3335; x_wconf 82' lang='lat' dir='ltr'><strong>studere</strong></span> <span class='ocrx_word' id='word_1_286' title='bbox 473 3281 503 3334; x_wconf 86' lang='lat' dir='ltr'><strong>et</strong></span> <span class='ocrx_word' id='word_1_287' title='bbox 525 3274 692 3356; x_wconf 78' lang='lat' dir='ltr'><strong>delectari,</strong></span> <span class='ocrx_word' id='word_1_288' title='bbox 720 3282 752 3336; x_wconf 91' lang='lat' dir='ltr'><strong>tu</strong></span> <span class='ocrx_word' id='word_1_289' title='bbox 775 3275 924 3357; x_wconf 84' lang='lat' dir='ltr'><strong>Saeptiois</strong></span> <span class='ocrx_word' id='word_1_290' title='bbox 947 3277 1005 3336; x_wconf 83' lang='lat' dir='ltr'><strong>tuis</strong></span> 
     </span>
     <span class='ocr_line' id='line_1_38' title="bbox 82 3355 1005 3441; baseline 0.007 -28"><span class='ocrx_word' id='word_1_291' title='bbox 82 3361 113 3414; x_wconf 86' lang='lat' dir='ltr'><strong>et</strong></span> <span class='ocrx_word' id='word_1_292' title='bbox 135 3355 330 3417; x_wconf 84' lang='lat' dir='ltr'><strong>Aaade&#39;miois</strong></span> <span class='ocrx_word' id='word_1_293' title='bbox 360 3357 445 3431; x_wconf 85' lang='lat' dir='ltr'><strong>lave,</strong></span> <span class='ocrx_word' id='word_1_294' title='bbox 469 3356 569 3418; x_wconf 85' lang='lat' dir='ltr'><strong>donea</strong></span> <span class='ocrx_word' id='word_1_295' title='bbox 592 3365 622 3418; x_wconf 87' lang='lat' dir='ltr'><strong>te</strong></span> <span class='ocrx_word' id='word_1_296' title='bbox 645 3358 782 3421; x_wconf 78' lang='lat' dir='ltr'><strong>Christus</strong></span> <span class='ocrx_word' id='word_1_297' title='bbox 805 3377 928 3441; x_wconf 86' lang='lat' dir='ltr'><strong>quoque</strong></span> <span class='ocrx_word' id='word_1_298' title='bbox 952 3378 1005 3420; x_wconf 93' lang='lat' dir='ltr'><strong>vo-</strong></span> 
     </span>
     <span class='ocr_line' id='line_1_39' title="bbox 83 3438 1006 3524; baseline 0.004 -26"><span class='ocrx_word' id='word_1_299' title='bbox 83 3440 207 3502; x_wconf 76' lang='lat' dir='ltr'><strong>caverit.</strong></span> <span class='ocrx_word' id='word_1_300' title='bbox 252 3438 379 3519; x_wconf 81' lang='lat' dir='ltr'><strong>Spiritus</strong></span> <span class='ocrx_word' id='word_1_301' title='bbox 409 3446 533 3501; x_wconf 88' lang='lat' dir='ltr'><strong>sanotus</strong></span> <span class='ocrx_word' id='word_1_302' title='bbox 561 3460 623 3502; x_wconf 88' lang='lat' dir='ltr'><strong>non</strong></span> <span class='ocrx_word' id='word_1_303' title='bbox 656 3448 702 3503; x_wconf 88' lang='lat' dir='ltr'><strong>est</strong></span> <span class='ocrx_word' id='word_1_304' title='bbox 733 3441 892 3524; x_wconf 82' lang='lat' dir='ltr'><strong>Sceptiens</strong></span> <span class='ocrx_word' id='word_1_305' title='bbox 906 3491 915 3522; x_wconf 91' lang='lat'><strong>,</strong></span> <span class='ocrx_word' id='word_1_306' title='bbox 947 3461 1006 3503; x_wconf 88' lang='lat' dir='ltr'><strong>nee</strong></span> 
     </span>
    </p>
   </div>
   <div class='ocr_carea' id='block_1_7' title="bbox 82 3560 464 3569">
    <p class='ocr_par' dir='ltr' id='par_1_8' title="bbox 82 3560 464 3569">
     <span class='ocr_line' id='line_1_40' title="bbox 82 3560 464 3569; baseline 0.008 -3"><span class='ocrx_word' id='word_1_307' title='bbox 82 3561 143 3569; x_wconf 63' lang='grc'>...-</span> <span class='ocrx_word' id='word_1_308' title='bbox 164 3560 251 3567; x_wconf 58' lang='grc' dir='ltr'><strong>-η-</strong></span> <span class='ocrx_word' id='word_1_309' title='bbox 301 3562 464 3569; x_wconf 73' lang='lat'><em>--——.-—.—-</em></span> 
     </span>
    </p>
   </div>
   <div class='ocr_carea' id='block_1_8' title="bbox 83 3562 1006 3742">
    <p class='ocr_par' dir='ltr' id='par_1_9' title="bbox 83 3562 1006 3742">
     <span class='ocr_line' id='line_1_41' title="bbox 83 3562 1006 3742; baseline 0.011 -88"><span class='ocrx_word' id='word_1_310' title='bbox 83 3602 187 3742; x_wconf 77' lang='lat' dir='ltr'><strong>quod1)</strong></span> <span class='ocrx_word' id='word_1_311' title='bbox 207 3603 239 3658; x_wconf 93' lang='lat' dir='ltr'><strong>In</strong></span> <span class='ocrx_word' id='word_1_312' title='bbox 258 3562 303 3659; x_wconf 78' lang='lat' dir='ltr'><strong>ed.</strong></span> <span class='ocrx_word' id='word_1_313' title='bbox 322 3605 394 3661; x_wconf 81' lang='lat' dir='ltr'><strong>len:</strong></span> <span class='ocrx_word' id='word_1_314' title='bbox 413 3564 503 3660; x_wconf 71' lang='lat' dir='ltr'><strong>nullus</strong></span> <span class='ocrx_word' id='word_1_315' title='bbox 521 3604 613 3662; x_wconf 87' lang='lat' dir='ltr'><strong>humo.</strong></span> <span class='ocrx_word' id='word_1_316' title='bbox 650 3607 682 3676; x_wconf 86' lang='lat'><strong>2)</strong></span> <span class='ocrx_word' id='word_1_317' title='bbox 703 3607 735 3662; x_wconf 91' lang='lat' dir='ltr'><strong>In</strong></span> <span class='ocrx_word' id='word_1_318' title='bbox 753 3607 797 3664; x_wconf 91' lang='lat' dir='ltr'><strong>ed.</strong></span> <span class='ocrx_word' id='word_1_319' title='bbox 818 3610 901 3668; x_wconf 77' lang='lat'><strong>1525:</strong></span> <span class='ocrx_word' id='word_1_320' title='bbox 923 3623 1006 3679; x_wconf 88' lang='lat' dir='ltr'><strong>quam</strong></span> 
     </span>
    </p>
   </div>
   <div class='ocr_carea' id='block_1_9' title="bbox 0 0 1178 4162">
    <p class='ocr_par' dir='ltr' id='par_1_10' title="bbox 0 0 1178 4162">
     <span class='ocr_line' id='line_1_42' title="bbox 0 0 1178 4162; baseline 0 0"><span class='ocrx_word' id='word_1_321' title='bbox 0 0 1178 4162; x_wconf 95' lang='lat' dir='ltr'><strong> </strong></span> 
     </span>
    </p>
   </div>
  </div>
 </body>
</html>
