2348 4162
134 231 197 299 272
380 233 424 289 De
441 248 523 291 servo
541 231 656 289 arbitrio
673 231 709 289 D.
726 232 762 290 Μ.
780 233 812 291 L.

133 407 247 489 phabit.
280 407 328 468 Tu
351 424 423 471 vero
446 425 515 467 cum
529 406 642 468 sentias
658 407 836 488 periculum,
853 405 917 468 imo
939 412 1058 470 certem

135 492 293 553 victoriam
315 497 423 552 conire
445 489 572 551 liberum
595 489 761 572 arbitrium,
785 489 911 552 simulas
932 495 966 552 te
984 491 1060 553 nihil

134 576 264 654 sentire,
293 576 350 636 nisi
375 575 519 655 argutias.
562 574 700 635 Hoccine
721 581 768 635 est
788 572 913 636 fidelem
934 573 1059 637 theolo-

132 678 204 739 gum
226 658 341 739 agere?
373 658 458 719 'Pane
480 676 574 718 cause
596 658 676 718 serio
698 656 833 719 afficiat?
862 658 914 737 qui
939 658 987 719 sic
1007 678 1055 720 re-

133 743 253 820 linquas
290 749 320 802 et
359 740 515 803 auditores
547 759 715 822 suspensos
749 747 781 803 et
811 740 1057 821 disputationem

132 825 338 905 perturbatam
363 833 393 886 et
415 830 639 905 exasperatam,
662 823 858 885 nihilominus
880 822 986 886 tamen
1007 844 1059 887 ve·

132 909 168 969 lis
190 909 320 970 honeste
342 909 416 970 satis
438 908 548 969 fecisse
571 915 601 968 et
623 908 756 987 palmam
777 909 919 969 retulisse
948 908 1056 972 videri.

131 992 193 1053 Ista
217 993 336 1055 vafritie
369 1000 399 1053 et
426 991 560 1052 versutia
587 993 618 1051 iu
641 993 742 1052 oausis
769 991 907 1073 profanis
930 992 1057 1054 tolerari

132 1076 243 1154 valeat,
265 1079 295 1135 in
318 1093 352 1135 re
375 1073 566 1155 theologica,
589 1073 640 1137 ubi
663 1074 796 1156 simplex
819 1080 850 1136 et
871 1080 982 1156 aperta
1004 1094 1057 1137 ve·

131 1160 205 1219 ritas
228 1159 382 1238 quaeritur
400 1177 466 1244 ¹pro
499 1158 599 1218 salute
621 1159 806 1239 animarum,
843 1157 916 1220 odio
941 1158 1056 1241 dignis·

132 1244 208 1302 sium
231 1248 261 1303 et
281 1239 482 1303 intolerabilis
505 1245 562 1304 est.

214 1324 381 1387 Senserunt
416 1330 447 1385 et
473 1323 637 1406 Sophistae
664 1325 724 1385 vim
753 1324 899 1386 invictam
922 1329 954 1385 et
974 1325 1056 1386 iusu-

1 1376 3 1381 Ι
55 1414 58 1419 “
131 1408 325 1471 etentabilem
347 1408 436 1470 huius
458 1409 647 1489 argumenti,
679 1407 750 1469 ideo
771 1406 927 1468 finxerunt
949 1426 1055 1470 neces·

131 1493 250 1553 citatem
280 1492 521 1572 consequentias
543 1498 573 1552 et
604 1492 839 1571 consequentis3
870 1489 926 1552 sed
960 1510 1054 1572 quam

131 1577 205 1636 nihii
227 1576 288 1638 hoc
309 1574 488 1656 figmentum
511 1573 638 1652 efficiet,
666 1594 760 1655 supra
781 1572 960 1654 docuimus,
989 1580 1051 1636 ete

131 1661 192 1721 nim
212 1667 242 1720 et
263 1660 322 1740 ipsi
344 1678 405 1720 non
429 1656 604 1737 observant,
627 1657 698 1738 quid
722 1657 834 1737 dicant,
856 1663 888 1718 et
901 1665 1052 1740 quantum

130 1742 293 1805 admittant
314 1749 422 1803 contra
451 1760 530 1804 sese.
573 1741 604 1804 Si
627 1743 708 1802 enim
736 1741 956 1802 necessitatem
981 1760 1051 1803 con·

129 1827 309 1907 sequentiae
342 1827 550 1904 concesseris,
584 1826 699 1886 victum
730 1843 768 1885 ac
795 1830 984 1905 prostratum
1002 1830 1052 1887 ‘est

129 1911 257 1972 liberum
282 1908 448 1988 arbitrium,
470 1927 527 1969 nec
549 1908 715 1989 quidquam
742 1909 832 1968 iuvat
848 1907 898 1969 val
920 1909 1051 1970 necessi·

127 2001 174 2054 tes
196 1995 244 2056 vel
267 1994 476 2074 contingentia
498 1993 731 2072 consequentis,
760 1989 832 2071 quid
860 1989 899 2052 ad
925 2011 993 2073 me,
1025 1991 1049 2052 si

129 2077 255 2138 liberum
278 2075 433 2137 arbitrium
456 2095 519 2136 nou
542 2082 682 2157 cogatur,
704 2075 758 2136 aed
783 2074 924 2136 volenter
946 2074 1047 2154 iaciat,

123 2160 210 2240 quod
234 2159 329 2221 iacit?
361 2159 479 2222 Sufficit
502 2159 590 2236 mihi,
622 2158 705 2239 quod
728 2157 884 2240 concedis,
906 2176 1047 2220 necessa-

128 2245 173 2304 rio
196 2244 278 2325 fore,
313 2250 346 2303 ut
367 2243 508 2305 volenter
529 2242 635 2323 saciat,
659 2241 742 2323 quod
764 2241 857 2321 facit,
882 2261 942 2302 nec
963 2242 1048 2303 aliter

127 2327 241 2389 habere
264 2346 297 2388 se
320 2333 421 2406 queat,
459 2328 484 2387 si
506 2327 589 2386 Deus
610 2328 654 2387 ita
677 2327 864 2406 praescierit.
908 2324 942 2387 Si
965 2325 1046 2386 Deus

126 2412 260 2491 praescit
281 2409 387 2471 Iudam
409 2409 610 2490 proditurum,
632 2416 685 2471 sut
707 2414 891 2470 mutaturum
905 2426 977 2471 esse
998 2424 1045 2469 vo

127 2495 274 2555 luntatem
309 2493 477 2575 prodendi,
510 2500 609 2553 utrum
642 2493 834 2574 praescierit,
871 2492 1045 2554 necessario

127 2579 248 2654 veniet,
285 2584 337 2638 aut
362 2578 445 2653 Deus
479 2576 600 2637 falletur
628 2575 830 2658 praesciendo
869 2582 900 2636 et
931 2573 1045 2658 praedi-

127 2661 236 2741 cenda,
270 2659 352 2740 quod
375 2667 422 2721 est
442 2660 644 2741 impossibiie.
687 2659 754 2722 Hoc
777 2660 858 2720 enim
881 2657 978 2721 efficit
999 2677 1044 2719 ne

126 2747 253 2806 cessitas
293 2745 549 2824 consequentiae,
581 2743 613 2805 id
649 2749 710 2823 est,
737 2743 769 2804 'si
787 2743 869 2803 Deus
903 2742 1044 2824 praescit,

6 2834 12 2847 '
125 2831 225 2909 ipsum
249 2828 424 2888 necessario
457 2826 500 2889 fit.
541 2827 610 2887 Hoc
639 2834 700 2906 est,
730 2826 860 2890 liberum
892 2825 1044 2888 arbitrium

126 2912 201 2972 nihil
240 2918 295 2974 est.
337 2909 402 2972 Ista
430 2911 596 2971 necessitas
631 2911 872 2989 consequentiae
909 2928 974 2972 non
1002 2912 1044 2970 est

82 3014 87 3025 ·
127 2994 259 3056 obscure
280 3013 338 3055 nec
366 2992 526 3075 ambigue,
560 3001 602 3075 ut,
625 2995 650 3054 si
673 2995 765 3055 etiem
787 2993 964 3054 caecutiant
986 3010 1044 3055 om·

125 3080 208 3139 nium
244 3077 417 3138 seculorum
448 3078 615 3156 Doctores,
659 3079 810 3158 cogantur
840 3081 944 3137 amen
980 3093 1043 3138 sam

126 3162 295 3243 admittere,
318 3181 386 3222 cum
409 3162 513 3222 sitite
536 3160 698 3222 manifeste
714 3167 745 3222 et
763 3165 856 3241 certa,
879 3167 915 3221 ut
929 3157 1043 3242 palpari

149 3248 234 3308 assit.

128 3266 145 3325 p
208 3329 384 3390 Necessitas
416 3347 490 3390 vero
513 3328 747 3407 consequentis,
785 3345 846 3407 que
875 3326 922 3387 ilii
943 3344 980 3389 se
1000 3343 1043 3387 so·

126 3412 234 3490 tantur,
258 3432 373 3474 merum
395 3411 578 3493 phantasma
600 3417 699 3472 estet
734 3430 773 3472 ex
795 3411 948 3471 diametro
970 3426 1040 3492 pag·

125 3503 179 3558 nat
206 3516 274 3558 cum
303 3496 487 3557 necessitate
517 3495 767 3575 consequentiae.
808 3493 956 3576 Exempli
978 3510 1040 3575 gra·

123 3581 166 3641 tia
187 3581 356 3642 necessitas
379 3579 622 3659 consequentiae
644 3584 708 3657 est,
737 3578 763 3637 si
796 3577 923 3639 dixero:
961 3576 1038 3638 Dens

123 3666 257 3746 praescit
276 3661 384 3726 Iudam
417 3663 483 3725 sore
505 3662 711 3745 proditorem,
743 3680 817 3743 ergo
841 3668 927 3724 certo
950 3666 981 3722 et
1000 3660 1039 3720 in·

122 3748 286 3808 feiiibiliter
306 3747 368 3828 fiet,
391 3753 423 3806 ut
434 3745 527 3808 Iudas
548 3744 687 3829 proditor
708 3745 757 3808 sit.
786 3744 945 3809 Adversus
966 3744 1038 3809 hauc
