2348 4162
354 288 359 297 ,
451 227 488 291 Δ.
507 227 587 285 1538.
860 284 862 289 ,
919 227 981 296 54Ἱ

59 396 176 460 artibus
198 397 318 477 Curiae,
340 417 417 478 quas
438 399 471 460 in
493 398 652 480 legatione
672 397 803 459 Romani
825 396 983 461 Pontifleis

60 481 110 541 hie
133 481 236 561 legere
258 481 338 544 lieet.
372 484 420 544 Aa
440 483 498 543 nisi
515 482 636 545 felicem
650 481 732 542 hune
747 499 870 543 eursum
880 479 981 547 uven-

60 564 132 645 gelii
161 573 192 625 et
213 564 431 629 dexterrimum
461 585 565 627 orsum
601 565 736 627 veritatis
766 562 906 627 diabulus
927 583 984 646 per

60 647 244 710 seditionem
267 645 415 710 Mantaeri
444 655 474 710 st
495 646 866 724 seatasadversariorum
889 649 983 729 impe·

61 730 172 810 disset,
206 732 287 792 victa
314 730 421 793 luisset
460 737 533 792 tuna
564 733 631 812 ipsa
659 729 771 791 iidueia
797 729 920 810 Papelis
953 735 985 793 et

61 816 227 877 nurruisset
254 813 430 876 iamdudum
460 814 606 894 superbia
633 815 693 875 ista
714 813 867 892 Iordanis,
904 832 984 893 quae

61 915 131 957 sese
154 896 342 959 mendaciter
364 895 502 959 venditat
522 897 579 959 sub
601 898 727 968 numine
749 895 860 981 Christi
883 904 913 957 et
936 917 984 959 ee·

61 979 187 1049 elesiae
220 980 333 1041 Verum
355 981 381 1040 si
396 980 542 1043 Germani
564 981 679 1060 posteri
700 999 817 1040 rursum
840 979 985 1041 redierint

61 1063 100 1124 ad
131 1081 184 1123 eur
204 1070 325 1147 patrum
348 1071 378 1125 et
403 1064 591 1145 principum,
619 1064 670 1141 qui
698 1065 728 1122 iu
751 1060 812 1124 hoa
838 1062 982 1125 Noriber·

37 1146 149 1226 ,gensi
178 1152 331 1207 conventu
372 1146 486 1226 Papam
520 1147 563 1206 ita
591 1147 725 1206 suaviter
763 1146 984 1223 salutaverunt,

60 1226 248 1290 hauddubie
269 1237 369 1289 aetum
394 1230 450 1290 erit
473 1229 510 1288 de
528 1228 615 1308 lueis,
638 1229 763 1305 estibus,
787 1231 931 1308 prae-tisis
954 1238 984 1290 et

62 1311 231 1375 mendaciis
252 1312 357 1392 Papae
379 1321 410 1373 et
431 1311 541 1374 Curiae
563 1330 637 1373 suae
660 1312 857 1389 sanem-imae,
888 1313 984 1373 omni·

61 1396 119 1457 dus
139 1396 247 1473 saeris,
269 1397 361 1467 etiam
384 1394 521 1457 Heraulis
538 1393 636 1461 Lindii
658 1395 871 1474 dignissimam
890 1395 920 1455 id
943 1395 985 1457 ia·

62 1480 123 1539 ciat
144 1476 235 1539 Pater
258 1478 548 1539 misericordiarumv
562 1485 594 1536 et
617 1477 699 1539 Deus
728 1479 821 1539 totius
844 1477 986 1540 aunsola·

62 1561 155 1623 tionis
178 1559 352 1640 perlesum¹
369 1560 533 1640 Christum,
556 1561 607 1638 qui
628 1561 689 1625 iam
702 1559 845 1621 interficit
858 1562 984 1641 impium

61 1645 169 1724 spiritu
192 1643 334 1723 miseni,
356 1642 562 1713 etdestrueto
586 1661 623 1705 eu
646 1644 713 1723 ipso
737 1663 791 1722 per
812 1643 985 1717 illustratio-

62 1747 133 1789 nem
156 1725 309 1789 adventus
332 1728 379 1787 sui
400 1725 510 1789 liberet
525 1744 583 1789 nos
605 1745 624 1787 a
646 1726 739 1805 malo,
757 1727 870 1790 Amen.

449 1858 609 1943 Epilogus.
679 1846 683 1855 ’

359 2024 507 2087 Martinus
528 2023 687 2089 Lutlrerus.

150 2141 176 2205 Ο
189 2142 318 2207 altitudo
331 2143 546 2227 nequitiarum,
566 2143 717 2213 auaritiae
728 2149 760 2204 et
774 2143 898 2224 rapinae
910 2145 987 2225 eius,

63 2246 157 2308 quam
179 2227 415 2289 inaestimabilia
429 2234 501 2288 sunt
521 2226 599 2289 iuria
622 2228 688 2287 eius
709 2234 742 2287 et
762 2227 930 2288 immensae
942 2249 987 2295 ra-

62 2311 213 2391 pacitates
236 2309 322 2371 eius?
372 2310 450 2385 Quis
473 2311 553 2385 enim
577 2311 726 2387 cognovit
753 2310 894 2369 surinium
918 2330 987 2390 pea-

64 2395 140 2455 teris
168 2391 256 2453 eius?
308 2394 370 2453 Aut
392 2393 459 2471 quis
482 2393 565 2471 prior
592 2390 676 2451 dedit
706 2393 872 2470 eeelesiae,
905 2393 1003 2472 quod.

64 2483 136 2557 post
157 2494 218 2535 uon
234 2477 369 2555 rapuerit
389 2473 469 2535 iste?
493 2474 638 2552 quoniam
654 2492 693 2533 ex
714 2475 793 2553 ipso,
816 2495 871 2556 per
888 2477 988 2556 ipsum

64 2566 97 2620 et
116 2561 146 2619 iu
169 2560 237 2639 ipso
260 2567 332 2620 sunt
353 2558 462 2619 omnia
481 2556 561 2617 mala
583 2556 745 2618 sostenes.
793 2556 853 2637 lpsi
879 2559 989 2623 horror

64 2650 96 2704 et
117 2642 287 2722 ignominia
307 2643 337 2702 iu
360 2640 463 2713 seuula
487 2638 671 2700 sedularum.
714 2641 823 2703 Amen.

149 2725 199 2787 Ex
220 2725 266 2785 his
283 2725 428 2806 intellige,
451 2723 557 2801 lector,
579 2721 652 2802 quid
673 2723 722 2800 sit,
745 2722 828 2802 quod
851 2723 927 2785 dieii
949 2725 987 2789 de

64 2810 183 2890 Papatu
216 2807 247 2874 S.
271 2807 384 2871 Petrus
409 2809 428 2871 2
451 2807 532 2870 Patr.
552 2802 590 2873 2:
625 2804 687 2867 Oor
715 2808 917 2869 exeruitatum
939 2808 990 2870 ha·

66 2893 173 2955 tentes
195 2892 225 2952 in
248 2892 386 2954 avaritia.

455 3143 493 3208 A.
518 3143 609 3210 1538.

66 3305 127 3390 23)
151 3305 189 3368 D.
212 3307 252 3370 M.
278 3306 435 3369 Lulheri
458 3270 674 3453 praefatio
706 3307 743 3366 in
773 3281 994 3371 Confessi&

66 3410 147 3452 nem
170 3389 361 3452 Baronum
389 3410 436 3451 aa
493 3390 666 3453 obilium
694 3389 993 3451 Bohemieorunr

65 3475 131 3554 regi
154 3472 348 3534 Ferdinando
371 3474 510 3534 Viennae
529 3475 558 3533 in
573 3475 696 3535 Austris
720 3473 767 3535 14.
790 3471 839 3532 die
860 3472 994 3534 Novem·

66 3558 129 3618 bris
149 3577 179 3619 a.
191 3555 384 3622 u.n.xxxv
409 3557 555 3636 oblatam,
579 3575 658 3635 quae
671 3555 847 3621 ann01538
869 3553 993 3618 Viuem-

66 3639 183 3721 borgee
204 3640 261 3700 sub
284 3640 343 3700 hae
363 3640 563 3721 inscriptione
585 3641 666 3720 typis
688 3641 838 3719 impressa
861 3647 921 3700 est:

149 3721 312 3785 Confessio
335 3721 418 3793 Fidei
442 3741 479 3786 aa
500 3721 672 3805 Religionis
691 3723 844 3841 Baropum
867 3724 915 3784 Aa
936 3721 997 3787 Nu·
