2348 4162
331 238 369 297 ati
385 239 420 297 D.
440 240 583 297 Erasmm
601 238 827 297 Roterodanunr.
980 238 1043 307 205

122 429 224 491 serva,
246 409 308 489 vel,
330 408 361 472 si
384 409 536 488 audieris,
557 410 582 469 ei
604 408 755 487 volueris,
776 409 801 469 si
823 408 946 491 leteris,
969 429 1044 471 nun·

109 493 195 575 -quitl
217 493 291 554 bina
321 494 420 575 proba
454 495 676 572 nonaeqnentia
697 492 857 554 inferetur:
878 493 963 575 Ergo
985 511 1043 555 nos

123 595 289 659 possumus
311 576 417 658 libere,
440 585 493 637 aut
513 576 597 636 Deus
620 595 677 638 nos
698 575 823 637 irridet?
846 575 906 637 Cur
928 594 989 637 non
1012 576 1042 638 id

122 662 225 742 patius
248 659 404 740 sequitur?
425 659 509 740 Ergo
521 660 602 720 Deus
617 677 674 719 uos
687 667 795 734 tentat,
818 665 851 719 ut
866 679 921 740 per
942 660 1043 742 legem

123 762 182 805 nos
204 743 244 804 ad
267 744 476 822 cognitionem
513 751 637 804 nostrae
665 743 864 822 impotentiae
886 743 1044 824 perducat,

123 828 147 887 si
170 825 263 887 amioi
285 845 405 907 sumus,
428 825 478 886 vel
500 835 561 886 tum
586 845 659 886 vere
680 836 711 885 et
732 827 839 886 merito
861 825 987 887 insultet
1007 844 1044 888 aa

121 908 265 987 irrideat,
298 911 324 969 si
345 909 451 969 hostes
484 909 607 989 superbi
629 927 743 973 sumus.
786 907 871 969 Haeo
892 912 972 969 enim
996 915 1044 970 est

123 1011 219 1054 eausa
240 992 444 1072 legislationis
467 991 599 1071 divinae,
623 999 657 1053 ut
677 992 789 1052 Paulus
812 991 912 1056 dotet.
942 991 1044 1054 Caesa

123 1082 171 1136 est
209 1077 290 1136 enim
322 1083 431 1136 natura
463 1075 614 1151 bumana,
647 1081 680 1135 ut
711 1076 830 1136 neseiat
852 1094 923 1136 suas
947 1076 1043 1156 ipsius

56 1162 65 1180 '
124 1161 203 1220 vires
225 1177 280 1219 seu
302 1159 426 1220 morbos
447 1159 561 1239 potius,
583 1157 694 1219 deinde
709 1159 842 1239 superba
854 1160 973 1219 videtur
984 1159 1042 1220 sibi

123 1260 219 1304 nosse
241 1249 272 1302 et
292 1260 385 1322 possa
408 1244 522 1321 omnia,
544 1243 592 1301 oui
614 1243 776 1322 superbiae
798 1248 828 1302 et
849 1242 1043 1323 ignorantiae

123 1325 209 1386 nullo
221 1324 305 1385 Deus
326 1324 463 1386 remedio
485 1328 688 1406 praesentiori
710 1325 824 1385 mederi
837 1335 941 1404 potest
952 1344 1043 1406 quarn

123 1409 284 1490 proposita
305 1408 375 1489 lega
396 1427 461 1470 sua.
504 1408 551 1467 De
573 1426 633 1487 qua
653 1426 688 1469 re
708 1407 796 1489 plura
813 1407 949 1469 dicemus
970 1409 1042 1471 loeo

123 1509 191 1571 suo,
213 1491 265 1551 hie
284 1491 474 1573 praelibasse
496 1492 572 1552 satis
594 1492 634 1551 sit
653 1490 693 1550 ad
715 1491 931 1552 confutandam
954 1493 1043 1553 istam

124 1573 282 1655 sequelam
305 1575 437 1635 earnalis
459 1582 490 1633 et
511 1574 623 1634 stultae
645 1575 829 1654 sapienitae:
852 1574 884 1634 Si
901 1574 1044 1655 volueris,

123 1677 199 1739 ergo
222 1667 312 1739 potes
334 1658 413 1718 velle
436 1657 539 1720 libere.
571 1654 711 1717 Distribe
733 1658 866 1717 somniat
887 1659 1043 1719 hominem

123 1759 193 1803 esse
214 1743 366 1821 integrum
388 1748 550 1819 etsanum,
572 1741 671 1819 qualis
693 1747 740 1800 est
760 1743 886 1820 aspectu
909 1742 1044 1804 humano

122 1825 152 1885 in
175 1822 267 1885 rebus
288 1825 369 1903 suis3
398 1823 470 1885 ideo
492 1835 650 1903 argutatur
671 1824 736 1884 istis
758 1822 872 1902 verbis,
896 1821 929 1886 si
958 1825 1042 1886 volu·

125 1907 194 1989 eris,
218 1906 249 1968 st
272 1906 390 1985 leceris,
413 1906 444 1968 Si
466 1908 609 1986 audieris,
630 1907 720 1968 rideri
744 1906 909 1987 bominem,
931 1908 988 1968 uisi
1012 1908 1043 1969 li·

122 1991 229 2052 berum
262 1990 329 2050 eins
360 1988 516 2051 arbitrium
539 1991 587 2051 sit.
630 1990 786 2070 Scriptura
812 1997 913 2051 autem
938 1990 1043 2052 definit

121 2074 279 2136 hominem
302 2092 371 2133 esse
398 2080 573 2156 norruptum
596 2080 627 2134 et
648 2081 789 2154 ceptum,
825 2081 887 2134 turn
910 2075 1041 2155 superbe

120 2164 372 2220 eontemnentem
393 2163 424 2216 et
446 2158 641 2237 ignorantem
674 2176 749 2218 suae
786 2159 989 2238 corruptionis
1012 2165 1043 2219 et

120 2240 317 2322 eaptivitatis.
360 2238 435 2301 Ideo
456 2241 515 2300 illis
539 2240 639 2300 verbis
661 2241 760 2322 ipsum
788 2241 875 2302 vellit
897 2251 927 2302 et
949 2242 1043 2302 susei-

121 2332 175 2405 tat,
199 2331 233 2383 ut
254 2329 405 2403 agnoscat
426 2323 476 2383 vel
497 2324 688 2406 experientia
710 2331 809 2403 oerta,
841 2342 932 2404 quarn
966 2323 1042 2386 nihil

120 2408 233 2470 borum
254 2407 363 2486 possit.

206 2488 267 2553 set
289 2489 396 2569 ipsam·
411 2487 561 2549 diatriben
584 2496 704 2569 petam:
734 2486 765 2549 st
788 2508 861 2549 vere
890 2492 999 2570 sentis,
1023 2510 1041 2553 ο

122 2573 250 2635 domina
270 2573 361 2649 ratio,
394 2571 535 2651 sequelae
556 2572 631 2632 istas
658 2578 802 2632 constare
825 2571 877 2649 (si
898 2576 1040 2654 volueris,

121 2675 199 2737 ergo
222 2664 311 2735 potes
333 2654 458 2735 libere),
490 2673 544 2714 our
565 2661 596 2714 tn
617 2655 686 2735 ipsa
713 2673 774 2714 non
799 2653 923 2715 easdem
945 2657 1043 2718 imita·

121 2738 185 2801 ris?
220 2739 266 2799 Tu
289 2739 369 2799 enirn
393 2738 467 2799 diois
491 2738 636 2818 opinione
657 2736 711 2797 illa
731 2737 892 2818 probabili,
913 2738 1042 2800 liberum

121 2822 279 2886 arbitrium
303 2840 366 2882 nou
388 2840 482 2902 posse
504 2820 585 2882 velle
606 2823 768 2901 quiequam
792 2821 876 2883 boni.
905 2820 974 2896 Qua
988 2824 1043 2904 igi·

121 2914 170 2967 tnr
192 2905 320 2986 sequela
341 2903 416 2965 fluet
448 2904 509 2965 bon
535 2905 626 2965 simul
649 2924 689 2965 ex
710 2905 771 2965 isto
793 2905 863 2967 loeo
886 2903 935 2989 (st
957 2906 1042 2966 volu-

122 2991 358 3066 aristeneto),
388 3005 489 3068 equo
513 2986 588 3048 diois
619 2985 729 3063 fluere,
762 3008 857 3070 posse
888 2990 1043 3050 bominem

122 3072 204 3135 velle
225 3080 257 3131 et
277 3090 340 3132 non
362 3070 443 3132 velle
465 3069 582 3136 libere?
604 3071 749 3151 Nunquid
771 3092 811 3133 ex
834 3072 943 3133 eodem
958 3074 1044 3136 fonte

123 3163 229 3217 manat
250 3154 340 3215 dulae
363 3162 393 3216 et
415 3153 574 3216 amarum?
597 3158 644 3215 An
668 3162 699 3215 ot
721 3164 753 3215 tu
775 3157 873 3236 magis
895 3157 977 3218 rides
993 3157 1044 3218 hia

121 3239 289 3319 hominem,
312 3256 392 3317 quae
413 3238 489 3299 dieis
512 3258 581 3298 eum
604 3256 698 3319 posse
720 3258 854 3319 servare,
879 3257 958 3318 quae
979 3259 1043 3301 non

122 3328 228 3404 potest
248 3321 330 3382 velle
364 3339 423 3382 neu
451 3319 580 3402 optare?
617 3322 712 3402 igitur
744 3331 856 3383 neotu
879 3326 1044 3386 exanimo

122 3407 236 3484 sentis,
258 3402 337 3466 bene
358 3405 444 3484 aequi
469 3404 520 3482 (Si
543 3404 692 3484 volueris,
715 3423 790 3486 ergo
810 3411 900 3486 potes
922 3404 1043 3490 libere),

123 3489 244 3549 etiamsi
265 3489 298 3548 id
319 3497 405 3548 tauta
427 3489 624 3549 contentione
639 3506 728 3568 agas‚·
747 3496 872 3549 autnon
884 3507 924 3548 ex
939 3489 1043 3552 animo

121 3570 313 3653 probabilem
335 3571 419 3632 illam
442 3573 620 3651 opinionem
645 3572 731 3652 diois,
754 3590 833 3652 quae
854 3573 966 3652 sentit,
988 3573 1045 3635 bo·

123 3656 236 3716 minem
258 3674 321 3716 non
342 3674 436 3735 posse
458 3655 538 3716 velle
562 3655 685 3718 bonum.
709 3652 760 3717 sto
781 3655 913 3735 aequalis
936 3664 967 3718 et
978 3675 1044 3718 ver·

116 3734 168 3798 'bis
190 3740 362 3820 sapientiae
383 3758 458 3802 suae
480 3741 599 3822 eapitur
626 3742 721 3819 ratio,
752 3749 784 3801 ut
804 3745 937 3819 neseiat,
970 3739 1043 3821 quid
