2348 4162
266 241 303 298 ad
320 240 520 298 D.·Erasmum
538 240 764 326 Rotcrodanrun.
919 239 982 307 175

52 417 109 477 nisi
132 417 239 479 divino
267 415 381 478 iudicio
404 414 620 496 declaratum,
652 418 723 496 quia
749 416 821 477 fidei
851 423 898 478 est
920 436 982 477 non

51 501 127 565 falli.
178 500 255 562 ideo
283 519 351 561 cum
381 518 488 561 omues
519 501 686 562 debeamus
715 501 821 562 haberi
851 501 983 561 invicem

52 584 164 644 sancti·
197 586 263 644 iure
292 583 447 663 caritatis,
480 584 582 645 nullus
606 593 709 645 tamen
732 584 824 645 debet
855 588 980 645 sanctus

53 668 181 729 decerni
202 669 269 728 iure
290 666 372 745 fidei,
395 673 542 746 tanquam
560 667 705 727 articulus
730 669 769 726 sit
791 666 874 746 fidei,
896 668 983 727 iilum

54 751 104 812 vel
127 751 215 811 ilium
238 769 308 812 esse
329 756 469 810 sunctum
482 798 491 832 ‚
515 769 576 830 quo
599 752 692 811 modo
715 769 809 831 suos,
833 768 911 829 quos
933 769 985 811 ne·
1096 768 1099 774 ’

55 835 121 915 scit,
144 841 271 895 sanctos
294 834 458 894 canonisat
485 833 678 905 adversarius
701 834 753 894 ille
774 833 863 914 Dei,
890 834 985 914 Papa,

55 920 84 978 in
107 919 213 979 locum
237 917 294 978 Dei
316 936 351 977 se
373 918 576 983 constituens.

138 1034 316 1096 Hocsolum
327 1033 396 1097 dico
406 1034 443 1095 de
456 1034 516 1096 illis
530 1037 587 1096 tuis
597 1035 764 1096 veluostris
776 1038 879 1114 potius
893 1033 984 1094 Sanc·

56 1120 104 1198 tis,
115 1118 211 1199 quod,
220 1119 356 1198 cumipsi
368 1121 486 1178 varient
493 1119 570 1179 inter
579 1137 657 1198 sese,
665 1120 707 1178 illi
720 1120 822 1198 potius
838 1116 985 1196 sequendi

56 1203 189 1281 fuerant,
212 1203 263 1282 qui
281 1204 407 1282 optima,
430 1201 530 1282 idest,
554 1211 661 1262 contra
681 1202 809 1262 liberum
829 1200 985 1262 arbitrium

58 1304 115 1367 pro
138 1286 241 1366 gratia
261 1284 379 1364 loquuti
401 1292 495 1363 sunt,
515 1286 629 1345 relictis
652 1285 730 1365 illis,
755 1286 805 1364 qui
828 1302 883 1365 pro
905 1283 987 1344 infir·

58 1369 167 1430 mitata
189 1369 290 1428 carnis
315 1387 438 1428 carnem
469 1370 572 1449 potius
607 1387 699 1448 quarn
722 1370 860 1448 spiritum
884 1366 987 1427 testifi-

58 1454 119 1512 cati
141 1459 222 1516 sunt.
265 1450 311 1512 Ita
339 1458 369 1511 et
389 1450 454 1530 illi,
484 1453 535 1530 qui
558 1449 616 1514 sibi
644 1453 719 1531 ipsis
748 1469 810 1511 non
834 1457 987 1529 constant,

58 1554 95 1596 ea
111 1543 203 1616 parte
215 1535 336 1594 fucrant
347 1533 482 1614 eligendi
495 1545 525 1594 et
539 1533 801 1615 apprehendendi,
817 1533 867 1594 ubi
877 1554 917 1593 ex
926 1536 985 1613 spi-

59 1621 118 1679 ritu
141 1618 326 1697 loquuntur,
348 1618 539 1697 relinquendi
562 1637 651 1697 vero,
675 1617 725 1677 ubi
749 1634 873 1677 carnem
896 1635 983 1696 sape·

59 1709 137 1763 rent.
170 1700 240 1761 Hoc
260 1708 328 1762 erat
341 1700 505 1762 Christiani
519 1703 651 1778 lectoris,
675 1708 706 1760 et
726 1701 866 1759 animalis
882 1698 987 1758 mnndi

60 1785 203 1847 habentis
228 1784 359 1844 diffissas
376 1784 506 1864 ungulas
528 1791 560 1844 ct
580 1785 769 1845 ruminantis.
803 1783 892 1844 Nunc
913 1801 986 1842 vero

61 1868 242 1951 posthabito
276 1867 389 1928 iudicio
420 1870 524 1929 omnia
556 1867 686 1928 contusa
717 1885 887 1946 voramus,
925 1871 988 1944 aut,

60 1951 144 2032 quod
168 1952 384 2031 iniquiorem,
406 1969 553 2031 perverso
576 1953 689 2012 iudicio
724 1952 852 2011 meliora
873 1951 988 2029 respui·

62 2055 156 2107 mus,
210 2034 362 2095 deteriora
403 2034 569 2115 probamus
622 2037 653 2094 in
691 2035 757 2094 unis
812 2032 989 2112 eisdemque

62 2117 243 2196 autoribus,
272 2126 335 2178 tum
374 2117 433 2177 illis
463 2119 537 2198 ipsis
560 2116 761 2179 deterioribus
800 2118 920 2187 titulum
958 2122 988 2177 et

62 2202 261 2263 autoritatem
283 2203 506 2261 sanctimoniae
528 2220 636 2262 eorum
657 2206 809 2282 aptamus,
832 2218 923 2280 quam
947 2205 989 2259 ta·

63 2304 134 2346 men
169 2284 213 2344 illi
236 2284 277 2347 ob
300 2285 417 2364 optima
448 2292 480 2345 et
506 2285 546 2346 ob
567 2287 667 2346 solum
690 2286 840 2365 spiritum,
863 2303 925 2345 non
949 2283 988 2344 ob

62 2368 194 2430 liberum
218 2368 375 2429 arbitrium
397 2367 449 2429 vel
469 2387 594 2431 carnem
617 2375 802 2432 meruerunt.

147 2483 232 2560 Quid
253 2486 345 2566 igitur
370 2482 538 2547 faciemus?
566 2485 747 2547 abscondita
776 2491 823 2545 est
844 2483 989 2564 ecclesia,

64 2569 163 2632 latent
185 2573 294 2630 sancti.
328 2568 443 2646 ¹Quid?
467 2572 516 2631 cui
538 2569 719 2630 credemus?
743 2589 813 2646 seu,
836 2577 868 2628 ut
890 2573 921 2627 tu
941 2587 988 2626 ar-

64 2654 226 2734 gutissime
254 2653 412 2733 disputas,
445 2655 512 2733 quis
543 2672 601 2714 nos
631 2659 731 2713 certos
760 2650 857 2714 facit?
900 2651 989 2710 Unde

64 2737 297 2818 explorabimus
331 2737 491 2816 spiritum?
550 2735 581 2798 Si
617 2737 820 2797 eruditionem
857 2743 989 2814 spectes,

65 2823 208 2900 utrinque
231 2826 302 2880 sunt
322 2819 449 2900 Rabini,
471 2820 517 2879 sin
542 2822 653 2899 vitam,
685 2821 826 2898 utrinque
847 2823 990 2898 peccato·

64 2923 150 2984 ress
172 2904 219 2962 sin
242 2902 448 2983 demptorem,
472 2905 592 2982 utrique
614 2904 854 2984 amplectuntur3
889 2918 990 2980 neque
1094 2952 1096 2957 .

65 2986 145 3048 adeo
175 2985 216 3046 de
239 2985 421 3067 Scriptura,
458 3006 538 3067 quae
560 2986 690 3047 necdum
723 2990 762 3048 sit
783 2986 885 3046 lucida
906 2987 990 3065 satis,

66 3071 119 3132 ted
143 3069 185 3130 de
216 3088 308 3130 sensu
331 3070 506 3150 Scripturas
528 3072 721 3152 disputatur,
753 3072 895 3149 utrinque
916 3087 990 3129 vero

66 3153 226 3231 homines,
250 3171 379 3232 qnorum
403 3162 435 3214 ut
457 3173 556 3233 neque
579 3155 767 3234 multitudo,
802 3172 903 3233 neque
927 3172 991 3214 eru·

68 3239 154 3318 ditio,
177 3254 278 3315 neque
300 3237 432 3317 dignitas
448 3240 610 3317 quicquam
632 3238 705 3299 facit
726 3239 766 3298 ad
788 3256 927 3316 causam,
949 3239 992 3297 ita

68 3320 164 3381 multo
187 3323 288 3380 minus
310 3322 460 3401 paucitas,
482 3323 603 3381 inscitia
626 3330 656 3381 et
677 3321 843 3382 humilitas.
889 3320 991 3380 Relin-

68 3406 171 3484 quitur
191 3404 283 3484 igitur
302 3423 352 3464 res
375 3407 405 3464 in
428 3405 532 3486 dubio,
555 3413 586 3465 et
608 3413 711 3466 manet
739 3404 795 3466 sub
817 3402 918 3464 iudice
943 3404 991 3484 iis,

67 3495 100 3551 ut
121 3485 291 3568 prudenter
317 3488 425 3548 facturi
448 3488 627 3568 videamur,
663 3490 689 3548 ei
719 3490 751 3548 in
780 3486 991 3570 Scapticorum

69 3574 254 3632 sententiam
278 3571 500 3651 concedamus,
536 3574 594 3633 nisi
616 3571 700 3651 quod
722 3582 753 3632 tu
777 3574 913 3632 omnium
938 3590 991 3651 op·

70 3657 142 3716 time
164 3655 259 3734 iacis,
283 3657 335 3735 qui
356 3658 401 3716 sic
421 3664 452 3717 te
474 3653 614 3718 dubitare
637 3655 730 3733 dicis,
764 3661 799 3715 nt
831 3658 990 3716 veritatem

70 3757 217 3818 quaerere
239 3747 269 3799 te
285 3746 316 3799 et
337 3738 454 3801 discere
478 3743 615 3821 testeris,
635 3743 755 3803 interim
778 3743 809 3801 in
831 3760 899 3802 eam
924 3759 991 3821 par·
