2348 4162
134 139 197 209 246
378 140 422 196 De
440 154 522 196 servo
540 118 655 195 arbitrio
673 137 708 195 l).
726 138 764 195 ll.
780 88 828 195 h..

133 312 269 375 omnium
299 309 473 371 seculorum
503 307 668 388 industria,
698 307 774 370 nihil
803 307 970 386 credimus,
1004 305 1062 369 scd

131 395 286 475 pergimus
309 397 340 453 et
361 411 515 470 urgemus,
537 398 660 472 tropum
682 391 862 453 hinnullnm
875 408 1062 472 casepossa,

133 477 315 558 simpliciter
338 493 429 552 vero,
465 480 497 535 ut
525 481 636 535 sonant
660 474 768 554 verba,
807 491 981 535 sermonem
1005 472 1062 535 Dei

132 579 201 621 esse
230 557 451 639 accipiendum.
493 557 602 636 Neque
638 558 720 619 euim
751 558 848 619 nostri
877 556 992 618 arbitrii
1015 561 1063 617 set

134 647 186 721 (nt
207 641 335 705 diatribe
358 640 415 702 sibi
437 639 617 721 persuadet)
642 640 737 704 verba
746 641 804 702 Dei
826 639 944 719 fingere
966 645 998 701 et
1019 659 1063 700 re·

133 725 250 807 lingere
272 744 329 806 pro
352 723 476 784 libidine
499 732 624 800 nostra,
655 723 771 804 alioqui
806 723 878 804 quid
910 723 1061 803 reliquum

133 815 181 870 est
212 809 242 869 in
281 813 346 869 tota
369 807 539 886 Scriptura,
562 805 645 886 quod
667 825 730 869 uon
751 806 860 868 redeat
880 806 919 867 nd
942 809 1064 868 Anaxa·

133 911 230 972 gorne
251 890 495 973 philosophiam,
523 896 556 950 ut
581 889 740 969 quodlibet
762 911 801 951 ex
823 888 962 970 quolibet
986 887 1063 951 flat?

133 975 241 1038 Dicam
264 976 360 1035 enim:
385 972 469 1033 Deus
492 972 740 1034 creavitcoelum
764 981 799 1033 et·
817 980 937 1052 terram,
960 971 992 1033 id
1006 977 1064 1051 eet,

135 1058 301 1138 disposuit,
336 1075 398 1116 nou
421 1062 522 1117 autem
547 1056 621 1117 fecit
642 1075 682 1116 ex
703 1057 812 1136 nihilo,
834 1055 899 1117 vel:
940 1055 1066 1117 (ircavit

135 1140 256 1202 coelum
278 1146 452 1214 ettonem,
474 1139 505 1200 id
528 1148 583 1220 est,
606 1139 736 1218 angelos
759 1147 790 1200 et
811 1139 991 1216 daemones,
1016 1135 1065 1200 vel

134 1226 231 1285 iustos
254 1228 285 1284 et
305 1223 426 1303 impios.
471 1222 556 1298 Quis,
578 1241 667 1303 rogo,
690 1231 752 1282 tum
765 1242 827 1283 uon
841 1223 942 1284 statim
956 1227 1065 1303 aperto

135 1306 212 1368 libro
245 1305 407 1385 theologus
441 1304 553 1366 fuerit?
595 1304 641 1367 sit
671 1308 764 1387 igitur
800 1306 861 1367 hoo
893 1311 994 1366 ratum
1029 1323 1066 1365 ac

135 1388 242 1468 fixum,
266 1388 389 1469 quando
413 1387 543 1450 diatribe
567 1407 629 1449 non
652 1395 756 1469 potest
776 1388 918 1469 probare,
942 1394 1065 1471 tropum

136 1475 239 1535 inesse
261 1472 308 1532 hie
330 1472 540 1548 loeisnostris,
562 1490 641 1551 quos
663 1471 760 1552 diluit,
783 1470 956 1533 concedere
978 1471 1065 1550 cogi·

137 1563 185 1617 tur
206 1555 306 1634 uobis,
328 1555 431 1634 verba,
455 1561 488 1616 ut
509 1561 631 1633 sonant,
655 1574 724 1617 esse
739 1553 929 1635 accipienda,
945 1554 1066 1616 etiamsi

136 1638 298 1718 probaret,
336 1638 411 1698 alias
434 1645 557 1718 tropum
581 1638 712 1698 eundem
745 1639 776 1698 in
816 1637 959 1699 omnibus
987 1636 1066 1700 locis

137 1720 313 1802 Scripturas
347 1729 377 1781 et
404 1721 435 1780 iu
472 1721 608 1782 omnium
630 1740 687 1781 usu
719 1738 789 1782 esse
811 1720 1065 1802 vulgatissimum.

137 1803 239 1885 Atque
261 1823 316 1884 per
348 1803 409 1864 hoc
442 1803 537 1864 semel
561 1804 687 1864 defensa
719 1811 790 1865 suut
822 1805 927 1865 omnia
948 1810 1065 1880 nosbn,

138 1905 217 1966 quae
240 1887 399 1947 confutare
423 1886 519 1946 voluit
540 1884 686 1967 diatribe,
717 1888 904 1967 inventaque
926 1893 975 1948 est
995 1905 1066 1947 con-

138 1969 246 2030 futatio
269 1970 334 2030 eius
356 1987 480 2049 prorsus
503 1969 577 2030 nihil
600 1968 740 2049 efficere,
761 1970 836 2031 nihil
859 1989 970 2052 posse,
992 1969 1066 2031 nihil

139 2071 218 2114 esse.

222 2133 353 2210 Quando
374 2134 466 2215 igitur
487 2133 560 2194 illud
584 2134 679 2197 Masi:
701 2133 857 2198 Indurabo
881 2155 935 2198 cor
957 2134 1067 2197 Phara·

140 2216 218 2294 ouis,
241 2217 286 2277 sic
307 2219 537 2296 iuterpretatur:
560 2218 632 2279 Mea
655 2218 775 2298 lenitas,
799 2238 860 2298 qua
880 2218 981 2281 tolero
996 2237 1065 2298 pec

140 2308 271 2379 cantem,
294 2300 372 2360 alios
394 2299 517 2379 quidem
540 2301 578 2361 ad
594 2304 812 2381 poenitentiam
835 2301 970 2379 adducit,
991 2301 1066 2363 Pha-

139 2403 265 2445 raonem
289 2389 391 2444 autem
414 2383 646 2445 obstinatiorem
669 2385 777 2446 reddet
798 2386 827 2445 in
851 2384 979 2464 malitia,
1001 2385 1067 2467 pul-

141 2467 213 2527 chre
236 2466 359 2546 dicitur,
392 2465 447 2526 sed
480 2485 541 2528 uon
570 2469 718 2548 probatur
756 2468 800 2528 eie
832 2475 976 2550 oportere
998 2467 1066 2546 dici,

141 2569 198 2611 nos
223 2569 296 2610 vero
319 2567 381 2610 nou
404 2550 539 2610 contenti
563 2550 644 2611 dicto
667 2552 829 2632 probatum
851 2553 1035 2630 quaerimus.

224 2634 298 2694 ltem
320 2632 394 2692 illud
417 2632 517 2692 Pauli:
554 2632 713 2696 Miseret-ur
736 2636 821 2696 cuius
843 2634 925 2712 vult,
947 2635 1067 2696 indurat

142 2733 233 2794 quem
268 2715 345 2789 vult,
364 2714 566 2794 plausibiliter
587 2718 819 2798 iuterpretatur,
840 2718 870 2778 id
893 2724 955 2798 est,
985 2718 1066 2779 Dens

141 2798 280 2875 indurat,
305 2817 373 2857 cum
397 2817 458 2858 non
482 2801 583 2859 statim
608 2802 739 2880 castigat
760 2807 958 2881 peccantem,
982 2802 1067 2862 misc·

142 2893 232 2961 retur,
255 2900 324 2940 cum
347 2899 421 2940 mox
443 2880 481 2941 ad
505 2884 724 2961 poeniteutiam
746 2903 801 2964 per
822 2882 1006 2946 afflictiones
1027 2885 1067 2946 in·

142 2965 231 3042 vitat,
254 2963 308 3024 sed
331 2976 392 3042 quo
417 2964 561 3043 probatur
572 2967 650 3028 haec
669 2966 901 3044 interpretatio?

226 3049 300 3107 ltem
322 3046 395 3107 illud
419 3046 531 3109 Esaiae
545 3051 602 3123 *);
624 3049 734 3111 Errare
757 3069 815 3110 uos
838 3050 938 3112 fecisti
959 3050 1066 3112 deviis

144 3131 211 3210 tuis,
234 3129 382 3191 indurasti
405 3149 459 3190 cor
480 3138 628 3212 nostrum,
651 3153 689 3194 ne
710 3135 884 3195 timeremus
907 3138 948 3194 le.
983 3132 1075 3210 mro,

144 3213 349 3294 Hieronymus
373 3233 412 3273 ex
434 3213 568 3295 Origene
588 3217 633 3277 sin
654 3218 733 3277 iuter
756 3223 887 3279 rotatur:
915 3211 1066 3279 Seducere

144 3296 262 3377 dicitur,
285 3298 419 3377 quinon
444 3299 546 3358 statim
568 3307 694 3361 revocat
718 3237 756 3360 ab
780 3319 900 3379 errore3
922 3300 991 3380 qnis
1013 3317 1065 3361 nos

145 3388 246 3441 certos
268 3379 356 3460 lacit,
391 3380 611 3462 Hieronymum
635 3389 666 3443 et
688 3382 852 3463 Origenem
875 3389 960 3446 recte
981 3385 1066 3447 inter·

219 3652 249 3720 *)
270 3650 344 3706 Esai.
364 3653 407 3709 63.
