2348 4162
128 280 193 348 460
402 281 503 351 Capita
520 278 586 337 fidei
604 282 772 339 sbristtanae

130 452 304 515 ficationem
328 460 463 514 nostram
477 455 689 529 resurrexisse,
712 454 802 519 Rom.
824 456 863 531 43
883 454 957 514 item
971 453 1046 513 illum

129 538 229 599 solum
267 557 335 599 esse
357 556 469 617 agnum
494 537 567 613 Dei,
604 538 655 618 qui
686 537 765 598 tollit
789 544 919 617 peooata
942 536 1047 614 mnudi,

130 621 197 684 Iob.
222 625 254 699 13
291 628 322 681 et
344 621 441 680 Deum
471 620 514 679 illi
537 621 727 700 iniquitatem
755 622 892 697 omnium
916 627 1047 681 nostrum

124 704 322 784 imposuisse,
347 705 416 765 Ean.
447 701 505 781 633
536 704 574 763 ad
597 703 689 764 haee:
712 703 827 765 Omnes
840 709 1049 783 pensaverunt,

128 787 329 849 iustificantur
350 794 449 848 autem
473 788 566 865 gratis
589 807 643 866 per
663 787 743 847 iltius
765 789 896 866 gratiam
913 808 970 866 per
991 785 1049 847 red·

130 872 334 951 emptionem,
368 890 447 951 quse
482 877 528 929 est
560 871 590 929 in
613 866 736 932 Christo
760 871 827 931 lesu
850 871 1050 950 insanguine

129 956 234 1036 ipsius.
257 954 346 1015 Rom.
370 957 398 1018 3.

214 1037 301 1098 Haeo
320 1039 424 1117 itaque
446 1036 542 1115 gratia
567 1054 635 1096 eum
659 1035 920 1121 apprehendenda
934 1037 976 1096 sit
987 1035 1050 1113 nde,

62 1120 65 1125 ’
130 1127 162 1181 et
184 1139 251 1180 eam
274 1119 387 1199 alioqui
410 1138 500 1179 nemo
523 1119 572 1178 vel
588 1138 691 1199 opere,
716 1119 860 1198 seltega
886 1119 935 1178 vet
950 1120 1050 1180 merito

65 1202 69 1209 '
129 1205 275 1281 consequi
301 1205 406 1283 possit,
430 1202 623 1261 manifestum
646 1211 676 1262 et
699 1209 814 1263 eertum
828 1208 886 1279 est,
910 1201 974 1262 flde
998 1220 1050 1263 nos

129 1285 294 1360 iustificari,
318 1287 395 1346 siout
417 1292 544 1345 testatur
566 1285 654 1345 divus
672 1286 798 1362 Paulus,
820 1284 911 1347 Rom.
937 1288 970 1350 3:
1002 1287 1050 1346 Ar·

13 1405 18 1411 -
130 1370 275 1430 bitramur
306 1369 367 1429 tide
396 1368 550 1428 iustifioari
578 1368 733 1429 hominem
763 1368 881 1448 absque
913 1368 1049 1449 operibus

130 1452 221 1532 legis3
254 1454 342 1512 item:
381 1453 422 1512 Ut
452 1453 518 1530 ipse
541 1453 581 1510 sit
612 1453 710 1513 iustus
732 1459 761 1512 et
781 1452 954 1513 iustitieans
976 1470 1049 1525 enm,

133 1537 183 1615 qui
206 1544 314 1596 estex
337 1535 398 1595 tide
419 1533 490 1596 lesu
514 1534 634 1599 Christi.

215 1619 263 1679 Ab
286 1620 346 1680 boo
368 1618 496 1679 articulo
521 1638 560 1677 ne
583 1618 732 1678 tantillum
756 1617 877 1698 quidem
896 1617 1050 1679 discedere

131 1703 301 1781 possimus,
324 1703 441 1762 etiamsi
467 1701 587 1761 coelum
612 1707 642 1761 et
663 1707 744 1761 terra
767 1707 858 1762 ruant
879 1701 930 1761 vel
953 1701 1051 1763 omnis

51 1802 55 1807 ·
130 1785 168 1845 de
190 1786 261 1846 loeo
285 1790 475 1862 moveantur,
498 1803 559 1844 non
583 1786 663 1845 enim
687 1785 768 1844 aliud
790 1803 904 1845 nomen
930 1794 978 1845 est
999 1783 1049 1844 sub

130 1868 218 1930 aneto
244 1868 348 1928 datum
368 1867 551 1943 hominibus,
574 1871 603 1927 in
618 1887 679 1946 quo
703 1873 844 1947 oporteat
868 1886 928 1927 nos
950 1867 1049 1928 salvos

120 1950 207 2030 ⁴deri,
239 1953 306 2012 Aet.
330 1952 364 2028 4,
397 1953 469 2011 item
493 1950 604 2010 Esaiae
625 1954 682 2016 59:
725 1951 798 2010 Eius
826 1951 925 2012 livore
958 1949 1050 2011 sanati

133 2052 236 2094 sumus
252 2033 294 2109 ¹).

212 2120 245 2176 [n
267 2117 328 2176 hoo
349 2122 450 2177 autem
474 2116 605 2177 artiouio
628 2116 785 2177 fundarum
810 2122 873 2189 est,
908 2114 1047 2196 quioquid

131 2199 276 2259 adversus
299 2201 431 2278 Papam,
464 2200 620 2260 diabolum
659 2209 690 2259 et
726 2199 870 2259 mundum
894 2199 1047 2261 donemus.

132 2283 232 2358 Quare
256 2283 293 2342 de
315 2283 375 2343 hoo
399 2284 521 2342 minime
546 2283 633 2342 nobis
657 2282 855 2342 dubitandum
879 2291 937 2345 est.
971 2284 1047 2344 Atio·

131 2368 181 2445 qui
205 2368 284 2426 eninr
304 2374 404 2427 notum
419 2366 508 2426 fuerit
529 2367 558 2424 in
572 2367 757 2442 universum,
781 2372 810 2424 et
833 2367 974 2445 pontifex
985 2386 1046 2427 sum

130 2456 237 2509 satana
261 2458 290 2510 et
312 2451 373 2510 suis
398 2451 554 2510 victoriam
580 2449 618 2509 de
641 2448 729 2509 nobis
751 2448 922 2528 reportabit
944 2470 981 2509 ao
1002 2450 1045 2509 tri·

131 2532 296 2613 umphabit.

405 2648 586 2711 ·Seoundus
609 2649 762 2713 artiouius.

213 2814 352 2890 Missa²)
387 2816 537 2896 papistioa
571 2834 690 2875 summa
712 2821 743 2874 et
763 2814 916 2875 horribilis
940 2815 1047 2877 abomi-

130 2900 214 2959 natio
238 2908 293 2977 est,
317 2918 394 2978 quae
417 2899 566 2959 acerrime
580 2917 648 2958 eum
660 2897 821 2978 principaii
835 2898 968 2960 articulo
981 2918 1047 2979 pug-

131 2986 200 3056 nat,
233 2983 355 3042 tametsi
389 2983 466 3042 inter
494 2988 612 3041 ceteras
642 3000 748 3040 omnes
781 2980 941 3041 idolatriae
972 2982 1048 3063 papi·

129 3063 221 3122 stioas
250 3063 355 3124 habita
389 3071 435 3124 est
470 3065 689 3143 pretiosissima
717 3070 747 3124 et
769 3066 1048 3141 quaestuosissima.

129 3144 291 3206 Habebunt
313 3149 392 3207 enim
416 3167 523 3208 omnes
547 3166 739 3227 persuasum,
763 3146 916 3206 eiusmodi
939 3146 1049 3208 sauriti-

129 3228 209 3288 oium
248 3237 278 3289 et
306 3249 383 3311 opus
404 3229 519 3293 Missae
551 3230 599 3289 vel
630 3230 874 3311 aperditissimo
898 3230 1049 3293 nebulone

129 3311 240 3373 fautum
265 3312 394 3374 liberare
414 3314 553 3375 homines
577 3316 750 3393 apeooatie,
773 3320 834 3373 tum
859 3314 889 3372 in
911 3312 1051 3387 haesita,

202 3576 233 3643 1)
255 3578 285 3631 In
304 3575 371 3633 tolio
398 3593 472 3633 anno
494 3579 560 3636 1541
580 3579 656 3650 typis
681 3593 812 3646 expresso
831 3575 935 3635 desunt
954 3578 1050 3634 verbo:

128 3644 267 3701 Abhoo
298 3649 466 3717 articulo,
497 3666 586 3721 usqua
614 3649 664 3707 ad:
696 3650 783 3704 Eius
801 3648 920 3705 livore
938 3648 1051 3706 sanati

126 3731 250 3846 d'trldddse'
287 3720 319 3788 2)
340 3720 445 3777 Ibidem
464 3729 528 3778 ante
547 3721 713 3777 vocabulum
732 3721 979 3779 Missaadditum
999 3728 1050 3780 sat:
