2348 4162
182 251 226 318 72
496 249 577 305 Duae
596 247 769 319 episcopales

264 409 332 475 Nos
348 430 433 493 ergo,
450 431 516 473 eum
529 410 687 472 videamus
698 411 882 471 teterrimam
895 409 1101 489 hanepestem

186 494 380 576 contagionis
402 514 475 554 suae
508 495 589 554 virus
610 495 641 554 in
676 492 740 564 dies
773 493 862 554 latius
888 511 1046 574 spargere,
1067 495 1105 551 et

179 576 354 659 grassando
376 579 557 654 increscere,
580 577 669 654 adeo,
690 576 772 656 quod
796 577 884 638 electi
906 595 1029 656 quoque
1051 595 1103 635 nu·

186 668 251 721 tare
275 659 445 736 videantur,
468 661 605 723 fomitem
618 659 852 741 suggerentibus
874 661 922 735 iis,
944 659 997 738 qui
1019 657 1104 718 effre-

184 761 253 804 nsm
269 743 639 803 debacchandiliceotiam
653 743 912 803 meritoeohibere
925 741 1116 821 debuerant,-

184 827 341 906 religiouis
364 824 432 887 uelo
453 833 484 886 et
502 826 665 905 pastoralis
695 825 788 886 officii
810 824 1016 886 sollicitudine
1038 843 1104 903 per·

142 957 145 963 ,
187 910 261 970 moti
282 909 393 969 diutius
416 929 478 969 rem
497 907 688 970 dissimulare
721 915 776 968 eut
792 908 915 969 silentio
935 906 1104 988 praeterire

122 1019 125 1027 ·
183 1011 245 1052 uon
260 1010 434 1072 possumus,
459 997 639 1069 metuentes,
661 990 752 1052 nede
776 1011 866 1051 mauu
880 991 1013 1071 pastoris
1035 1009 1104 1049 ean·

185 1077 307 1155 guinem
331 1076 432 1134 ovium
462 1094 584 1134 suarum
615 1075 749 1152 requiret
771 1073 930 1149 Dominus,
963 1092 1044 1133 neve
1066 1073 1105 1133 si-

188 1159 281 1218 leu'tio
306 1159 453 1234 uostro²)
477 1158 735 1236 coinquinationis
753 1157 927 1217 huiusmodi
940 1157 1107 1237 participes

187 1259 256 1313 esse
279 1239 445 1320 videamur,
469 1240 789 1321 mandetispreeteres
806 1239 888 1300 sedis
901 1238 1106 1320 Apostolicoe

186 1328 217 1383 et
239 1323 409 1403 imperialis
432 1325 610 1403 maiestatis,
646 1331 678 1383 ut
700 1323 856 1404 debemus,
889 1323 1108 1404 obtemperare

185 1406 433 1467 et'orthodoxae
455 1407 604 1467 ecciesiae
637 1425 694 1467 nos
729 1407 921 1467 conformare
953 1405 1105 1482 volentes,

82 1501 86 1507 '
186 1507 242 1549 vos
265 1508 373 1549 omnes
405 1490 593 1568 etsiogulos
627 1509 683 1569 per
711 1490 829 1559 viscere
857 1488 1106 1570 Domininostri

185 1573 254 1633 lesu
278 1572 389 1632 Christi
412 1572 619 1654 obsecremus,
647 1591 684 1633 se
707 1591 762 1652 per
784 1573 894 1631 iustum
919 1577 949 1631 et
981 1570 1106 1631 horren·
1135 1626 1138 1633 ,
1163 1594 1166 1599 ⁴

27 1654 31 1661 ’
77 1667 79 1673 “
157 1654 160 1669 ²
185 1652 345 1716 dum'eius
368 1655 511 1723 iudicium
534 1655 732 1732 obtestamur,
755 1661 784 1714 et
807 1661 967 1734 praeterea
993 1655 1106 1714 sutori-

190 1745 252 1799 tste
275 1745 381 1798 nostre
406 1739 563 1819 ⁸ordinarie
601 1737 645 1820 (si
675 1737 769 1798 m'odo
802 1737 883 1818 apud
915 1756 970 1798 vos
998 1736 1109 1797 illaesa

190 1821 338 1881 hacteuus
361 1820 551 1902 perseverat)
585 1828 711 1901 paterne
734 1821 914 1899 requirimus
944 1827 973 1880 et
1002 1838 1107 1880 moue-

187 1922 264 1983 mue‚
300 1911 392 1982 atque
414 1904 443 1963 in
468 1906 577 1962 virtute
605 1909 730 1963 sanctes
759 1903 953 1964 obedieutiae
981 1901 1110 1971 firmiter

186 1995 217 2047 et
240 1986 376 2046 districte
399 1987 622 2066 praecipientes
645 1986 840 2046 mandamus:

269 2070 411 2147 Primum,
434 2076 466 2128 ut
491 2071 548 2149 piis
569 2070 678 2129 vestris
694 2075 732 2128 et
750 2069 854 2149 populi
877 2067 1108 2148 supplicationi·
1154 2144 1157 2149 Ι

186 2150 243 2214 bus
267 2151 493 2212 misericordem
517 2152 613 2212 Deum
646 2150 844 2212 devotissime
865 2151 1041 2233 precemini,
1076 2156 1110 2210 ut

187 2233 289 2294 abiate
310 2235 547 2313 praemissorum
586 2235 734 2295 matorum
771 2253 874 2312 causa,
907 2241 1109 2314 peccatorum

188 2316 334 2376 videlieet
346 2319 559 2387 nostrorumb)
576 2319 705 2392 cercina,
718 2317 872 2397 flagellum
887 2317 1000 2397 pariter
1010 2315 1111 2397 indig'·
1167 2348 1172 2355 ·

88 2405 92 2412 '
187 2401 319 2460 nationis
341 2419 416 2460 suae
438 2400 557 2460 anobis
579 2401 738 2461 miseratus
751 2406 904 2480 amoveat,
917 2398 1109 2480 principibus

187 2482 376 2560 Christianis,
414 2489 446 2542 ut
472 2484 623 2544 ecelesiae
658 2490 703 2543 tot
739 2490 954 2564 tempestatum
985 2480 1108 2543 turbiue

188 2568 323 2647 agitatae
332 2564 363 2649 ο)
374 2565 535 2626 salubriter
547 2566 719 2646 cousulant,
742 2585 849 2646 paoem
869 2564 1029 2645 concedat,
1052 2584 1109 2645 po·

187 2650 290 2730 putum
314 2651 449 2730 pretioso
471 2649 537 2710 Filii
561 2668 670 2709 cruore
701 2649 892 2729 redemptum
922 2647 1027 2708 divino
1049 2666 1109 2708 suo

186 2734 291 2812 spiritu
313 2739 452 2813 vegetet&
468 2734 499 2792 in
523 2733 669 2792 unitatem
693 2731 762 2793 iidei
786 2732 913 2793 reducat
948 2739 979 2792 ct
1001 2749 1018 2790 s
1041 2749 1110 2812 per·

189 2815 313 2875 ditionis
335 2816 456 2875 interitu
480 2814 718 2874 misericorditer
739 2822 832 2875 eruet.

247 2896 389 2957 'Deinde
410 2905 443 2957 ut
465 2897 594 2957 eundem
618 2896 764 2977 populum
788 2916 880 2958 curae
902 2902 1023 2957 vestrae
1045 2914 1112 2957 ore·

190 2980 297 3058 ditum,
320 2998 427 3041 omnes
450 2980 593 3040 videlicet
622 2988 653 3039 et
674 2982 812 3061 singulos
836 2989 896 3040 tam
930 2978 1112 3040 sacerdotes

190 3072 219 3122 et
243 3062 382 3144 elericos,
406 3081 497 3142 quem
520 3064 678 3142 utriusque
705 3084 796 3124 sexus
819 3062 915 3123 laicos
947 3062 1112 3143 diligenter

259 3265 288 3331 a)
308 3263 359 3328 Qui
378 3271 439 3320 tota
458 3265 516 3320 vita
534 3283 569 3321 ue
585 3268 645 3322 iota
669 3267 779 3339 quidem
807 3267 979 3337 praedicant
1003 3266 1113 3323 iactant
1142 3238 1147 3251 ⁸

189 3351 220 3391 se
229 3351 285 3390 non
297 3335 387 3404 silere,
399 3348 426 3390 et
436 3338 482 3406 qui
493 3337 642 3408 participes
653 3345 681 3394 et
690 3344 803 3394 autores
813 3339 1021 3406 scortationum,
1034 3337 1112 3395 trau·

33 3480 36 3489 Ι
144 3425 146 3430 ’
189 3407 263 3475 dum,
285 3407 432 3463 violentiae
457 3425 519 3464 esse
543 3425 598 3465 uon
623 3418 741 3478 cessant,
773 3407 882 3480 fingunt
905 3409 1017 3466 tandem
1047 3425 1122 3468 sese-

189 3478 421 3549 coinquiuatiouis
440 3497 495 3536 uon
515 3497 576 3537 esse
586 3483 745 3553 participes,
765 3482 975 3551 oimpudeutia.
1012 3481 1042 3540 br
1065 3482 1112 3539 Sic

189 3559 282 3606 tamen
294 3557 325 3606 ut
333 3558 493 3619 perseveret
503 3552 615 3609 licentia
620 3554 754 3624 peccandi
766 3560 795 3610 et
803 3555 927 3627 tyrannis
937 3550 1111 3624 pontificum.

121 3694 123 3699 Α
189 3624 220 3693 c)
239 3624 300 3679 Hoc
323 3622 395 3678 euim
413 3623 450 3678 ad
475 3624 563 3680 Deum
582 3642 637 3681 nou
661 3627 792 3696 pertinet,
822 3625 875 3682 sed
900 3626 937 3681 ad
960 3626 1111 3696 principes,

190 3697 256 3763 quis
273 3695 349 3750 Deus
367 3693 469 3751 dormit
486 3694 614 3753 tortasse.
