2348 4162
197 254 260 321 22ss
440 254 484 308 Ds
502 267 584 309 servo
604 251 720 308 arbitrio
739 253 772 308 D.
789 253 824 308 Μ.
843 253 874 308 L.

94 452 99 469 ·
198 444 247 486 me
269 428 377 484 autore
399 421 519 499 audisti,
542 420 635 482 eorde
657 423 831 504 percepisti,
856 429 886 484 et
909 440 962 483 ore
984 420 1123 499 assiduo,

198 528 253 590 per
274 507 395 567 Levitae
417 507 447 565 in
471 505 572 566 medio
597 508 649 582 tni,
672 505 847 567 tractandas
861 506 1021 586 accepisti,
1042 511 1125 565 teste

198 593 259 652 boc
278 593 347 670 ipso
370 608 439 649 meo
462 588 557 649 verbo
580 594 612 649 et
633 589 726 670 libro,
750 589 811 650 hoc
832 595 948 650 tanturn
971 587 1124 667 reliquum

198 682 263 754 est,
286 679 320 733 ut
339 672 433 732 facias
454 671 533 733 illas.
576 670 731 749 Obsecro,
760 672 832 752 quid
854 674 905 733 hic
926 671 1024 733 libero
1045 670 1125 732 arbi·

197 758 254 817 tria
277 754 437 817 tribuitur?
477 756 535 815 nisi
564 754 647 834 quod
683 757 834 835 exigitur,
869 761 902 815 ut
922 754 1016 816 faciat
1037 754 1125 833 leges

198 858 274 919 quas
296 839 399 916 babet,
422 841 452 898 et
474 838 617 899 adimitur
639 840 798 899 excusatio
821 839 1016 918 ignorantiae
1029 835 1125 898 etab-

198 924 315 983 scntiae
338 922 450 1002 legum.

198 1062 200 1067 .
280 1005 365 1066 Haec
387 1004 451 1064 fere
472 1010 552 1082 sunt,
574 1022 654 1083 quae
676 1023 716 1063 ex
738 1003 835 1063 veteri
845 1002 1044 1063 Testamenta
1069 1001 1125 1063 ad·

197 1089 280 1149 ducit
302 1086 430 1147 diatriba
451 1094 507 1166 pr'o
529 1086 625 1148 libero
641 1087 775 1162 arbitrio,
798 1085 907 1165 quibus
921 1085 1030 1147 solutis
1045 1084 1124 1145 nibil

197 1170 345 1250 reliquum
368 1169 411 1249 fit,
435 1169 516 1247 qnod
539 1188 601 1231 non
615 1171 749 1230 solutum
760 1169 874 1248 pariter
885 1170 933 1245 sit,
955 1169 1023 1228 sire
1034 1167 1125 1248 plura

197 1254 347 1330 adducat,
378 1254 442 1313 sive
464 1253 552 1333 plura
573 1252 727 1314 adducere
749 1251 843 1330 uelit,
877 1270 946 1312 curu
969 1251 1043 1311 nihil
1066 1251 1124 1311 nisi

198 1336 293 1398 verba
315 1337 495 1416 imperativa
524 1342 577 1396 ant
609 1336 805 1397 coniunctius
835 1339 888 1394 ant
909 1335 1049 1415 optativa
1072 1332 1124 1394 ed·

198 1420 310 1481 ducere
332 1425 441 1499 queat,
474 1418 584 1498 quibus
607 1418 812 1500 significatur,
845 1436 908 1478 non
930 1415 1003 1497 quid
1024 1418 1126 1497 possi-

198 1522 264 1563 mus
288 1510 341 1563 aut
361 1503 508 1562 faciamus
530 1500 582 1582 (ut
604 1505 695 1563 toties
709 1500 842 1561 diximus
859 1501 949 1562 toties
970 1499 1125 1581 repetenti

197 1585 381 1662 diatribae),
411 1584 464 1644 sed
489 1586 560 1663 qnid
584 1583 767 1663 debeamus,
793 1591 824 1644 et
846 1583 918 1662 quid
940 1584 1126 1665 exigatura

196 1668 302 1749 nobis,
341 1686 401 1748 quo
425 1674 531 1728 nostra
553 1669 641 1730 nobis
663 1667 845 1748 impotentia
878 1667 1054 1728 innotescat
1095 1675 1127 1725 et

196 1752 315 1831 peccati
329 1751 465 1830 cognitio
484 1758 664 1830 praestetur.
688 1753 751 1811 Aut
770 1751 795 1810 si
818 1748 891 1829 quid
913 1749 1048 1831 probant
1069 1767 1127 1829 per

196 1834 315 1895 additae
349 1835 490 1912 sequelae
519 1840 551 1895 et
588 1833 801 1895 similitudines
834 1834 953 1893 ratione
988 1832 1126 1892 bumana

195 1920 347 1992 inventas,
369 1917 430 1976 boc
451 1916 588 1997 probant
614 1916 698 1978 liberi
713 1916 830 1976 scilicet
841 1914 955 1977 arbitrii
967 1934 1030 1976 nou
1055 1933 1126 1975 esse

196 2007 312 2061 tanturn
326 2006 470 2059 conatum
486 2008 539 2059 ant
551 1999 683 2060 studium
707 1998 831 2078 aliquod
847 1997 1046 2079 modiculum,
1068 1996 1123 2059 sed

196 2089 292 2144 totam
316 2084 375 2142 viru
399 2089 429 2142 et
451 2088 635 2161 potestatem
658 2083 841 2143 liberrimam
862 2079 995 2142 faciendi
1018 2082 1125 2143 omnia

197 2168 263 2226 sine
285 2169 384 2244 gratia
405 2165 474 2243 Dei,
497 2167 564 2226 sine
586 2167 699 2248 Spiritu
724 2173 843 2227 sancto.

280 2251 327 2308 Ac
348 2251 393 2309 ein
415 2248 489 2308 nihil
517 2251 616 2309 minus
639 2248 785 2329 probatur
807 2253 873 2309 tota
900 2246 954 2309 illa
982 2248 1124 2328 copiosa,

197 2333 307 2393 iterata
330 2344 359 2391 et
381 2331 534 2392 inculcata
548 2333 765 2413 disputatione,
788 2330 931 2411 quamid,
953 2332 1038 2410 quod
1054 2348 1125 2411 pro·

197 2414 330 2475 bandum
353 2422 434 2494 erat,
461 2433 573 2494 nempe
597 2418 701 2495 opinio
723 2415 776 2475 illa
799 2413 984 2494 probabilis,
1007 2432 1071 2493 qua
1091 2414 1122 2475 li·

196 2497 302 2560 berum
324 2499 478 2558 arbitrium
503 2498 644 2558 definitur
665 2501 730 2558 eius
753 2516 822 2559 esse
843 2497 1061 2577 impotentiae,
1093 2505 1123 2556 ut

196 2582 269 2642 nibil
292 2582 391 2661 possit
422 2580 501 2641 velle
534 2581 607 2643 boni
630 2582 696 2641 sine
729 2582 842 2660 gratia,
878 2584 1071 2660 cogaturque
1092 2581 1120 2639 in

196 2667 372 2727 servitutem
395 2665 530 2745 peccati,
565 2665 738 2743 habeatque
760 2672 902 2724 conatum
933 2681 998 2724 non
1031 2663 1122 2724 ascri·

197 2747 328 2809 bendum
352 2750 414 2807 suis
437 2746 563 2826 viribus,
587 2754 755 2808 monstrum
777 2746 895 2806 scilicet
915 2745 1009 2819 illud,
1040 2744 1120 2825 quod

197 2831 286 2891 simul
309 2829 383 2890 nihil
411 2836 515 2909 potest
547 2832 609 2890 snis
641 2828 755 2891 viribus
784 2835 939 2889 ettamen
976 2839 1119 2891 conatum

196 2913 290 2973 habet
311 2913 341 2972 in
363 2912 476 2973 viribus
504 2914 566 2973 suis
589 2919 769 2992 constetque
792 2911 1038 2973 contradictione
1062 2930 1118 2972 ma·

115 3068 122 3081 q
197 2996 403 3056 nifeetissima.

279 3079 406 3138 Venitur
427 3097 510 3139 nuno
531 3078 569 3139 ad
593 3098 707 3139 novum
728 3078 970 3156 Testamentum,
994 3076 1048 3138 ubi
1069 3078 1118 3137 ite·

196 3182 262 3223 rum
284 3162 440 3222 instruitur
471 3164 562 3242 copia
593 3162 754 3223 verborum
788 3162 1042 3242 imperativornm
1065 3176 1116 3241 pro

195 3246 308 3306 misera
341 3245 392 3306 illa
418 3246 564 3305 servitute
587 3245 673 3306 liberi
696 3245 828 3324 arbitrii,
862 3250 1118 3323 accersunturque

196 3329 311 3389 auxilia
332 3330 460 3389 rationis
483 3328 628 3407 carnalis,
662 3347 773 3408 nempe
795 3326 940 3407 sequelae
962 3333 995 3387 et
1015 3324 1117 3387 simili·

196 3412 326 3490 tudines,
348 3430 386 3472 ac
407 3413 432 3470 si
455 3411 559 3471 videas
583 3413 666 3492 pingi
690 3412 738 3471 vel
760 3411 923 3472 somniaris
946 3426 1116 3470 muscarum

195 3513 301 3575 regem
325 3496 469 3576 stipatum
493 3494 609 3555 lanceis
632 3494 809 3574 stipulaceis
831 3500 862 3555 et
883 3493 991 3572 clipeis
1002 3492 1116 3554 inaneis

197 3578 343 3638 adversus
365 3597 469 3639 veram
500 3586 531 3637 et
552 3579 663 3638 iustam
697 3579 796 3638 aciem
818 3575 1001 3638 bellatorum
1024 3574 1115 3637 honri·

196 3679 279 3723 num.
323 3660 374 3722 Sic
396 3666 535 3742 puguant
556 3661 690 3721 bumana
713 3660 858 3721 diatribes
881 3658 1114 3721 somniaadser·

194 3763 246 3804 sus
270 3743 441 3805 divinorum
465 3743 626 3805 verborum
650 3746 782 3824 agmina.
