2348 4162
184 259 247 325 158
429 259 473 315 De
490 272 572 315 servo
590 257 704 315 arbitrio
721 259 755 315 D.
774 258 808 314 ll.
827 259 857 315 L.

184 433 338 513 eaptivum
360 437 391 492 et
412 450 533 493 servum
556 450 624 493 esse
645 426 729 512 mali,
751 449 896 492 aumnon
917 420 1017 514 possit
1038 451 1106 494 ver·

184 524 248 577 tere
270 534 304 576 se
325 515 394 576 solo
417 515 455 576 ad
479 514 603 578 bonum.
652 514 720 576 Hae
742 521 842 577 stante
865 514 948 578 dono
971 514 1042 596 tibi,
1072 525 1108 577 ut
1150 570 1153 575 .

183 601 244 660 vim
266 598 352 661 liberi
374 598 488 660 arbitrii
510 617 575 660 nan
597 598 691 662 modo
718 599 813 660 facias
836 597 1032 677 modiculm,
1053 598 1105 660 faa

184 701 252 743 eam
275 682 456 764 angelicam,
477 682 536 762 faa,
560 681 963 764 sipotes,planedivinam;
984 681 1108 744 siadie·

184 768 261 826 aeris
283 771 385 826 tamen
408 766 488 826 hana
508 765 707 827 illaetabilem
728 766 951 847 appendicem,
975 771 1008 826 ut
1029 766 1108 827 eitra

182 851 311 930 gratiam
335 850 392 910 Dei
413 847 604 910 ineffieaaem
632 848 716 910 diaas
729 898 737 929 ,
772 868 846 911 mox
877 847 1029 911 ademeris
1061 848 1108 910 illi

184 951 308 993 omnem
329 933 405 1012 vim,
425 930 497 1012 quid
520 938 567 993 est
588 933 634 993 vis
656 932 809 1014 inefficax,
832 932 892 993 nisi
905 933 1000 1015 plane
1020 931 1109 993 nulla

186 1016 258 1077 vis?
410 1020 414 1027 '

267 1100 371 1178 ltaque
393 1097 504 1177 diaere,
525 1098 655 1160 liberum
667 1097 821 1160 arbitrium
846 1102 924 1180 esse,
946 1105 978 1159 et
991 1096 1109 1160 habere

184 1182 245 1243 vim
269 1181 402 1262 quidem,
425 1180 691 1264 sedinelfiaaaem,
714 1189 761 1243 est
781 1181 822 1262 id,
845 1179 1108 1263 quadSophistae
1166 1182 1170 1187 ’

184 1271 306 1343 vocant,
332 1266 506 1345 oppositum
529 1267 560 1325 in
579 1265 711 1344 adianto,
733 1283 770 1326 ae
792 1266 818 1325 si
842 1264 941 1326 dieas:
963 1264 1107 1326 Liberum

184 1347 340 1421 arbitrium
362 1356 417 1429 est,
442 1348 524 1427 quod
541 1348 668 1410 liberum
690 1353 832 1409 nonest:
856 1349 934 1409 sieut
955 1349 980 1408 si
1000 1349 1107 1430 ignem
1164 1416 1168 1421 ,

183 1431 325 1512 frigidum
362 1437 393 1492 et
422 1437 532 1492 terram
562 1432 692 1493 aalidam
717 1428 840 1495 dixeris.
882 1431 1003 1493 Habeat
1030 1451 1108 1492 sane

183 1515 262 1596 ignis
286 1515 346 1574 vim
370 1515 490 1593 caloris,
513 1515 562 1576 vel
584 1516 749 1594 infernalis,
772 1515 797 1575 si
818 1532 880 1576 non
898 1513 985 1576 ardet
1004 1532 1109 1595 nequa

186 1599 252 1680 urit,
276 1599 366 1678 friget
383 1617 456 1660 vero
469 1604 501 1659 et
520 1599 681 1679 frigefaait,
702 1618 741 1659 ne
762 1600 841 1678 ignis
853 1598 986 1678 quidem,
1009 1598 1108 1659 multo

185 1683 283 1742 minus
306 1681 422 1742 aalidus
445 1681 518 1743 mihi
540 1681 671 1764 diaetur,
699 1683 758 1742 nisi
779 1683 910 1762 piatum.
927 1679 1109 1742 aut'flatum

184 1766 287 1844 ignem
301 1765 433 1826 volueris
455 1765 578 1830 habere.
611 1765 654 1828 At
676 1767 701 1825 si
722 1766 784 1825 vim
802 1764 889 1824 liberi
908 1763 1022 1825 arbitrii
1036 1783 1107 1825 eam

185 1847 365 1928 diaeremus,
388 1866 447 1927 qua
469 1848 562 1910 homo
589 1855 679 1930 aptus
702 1854 750 1909 est
769 1849 834 1928 rapi
857 1848 963 1928 spiritu
998 1853 1029 1908 et
1048 1848 1108 1908 im-

185 1930 237 1992 bui
258 1933 357 2012 gratia
378 1931 446 2011 Dei,
468 1937 502 1992 ut
524 1934 574 2011 qui
594 1934 634 1994 sit
655 1937 773 1993 oreatus
788 1931 826 1992 ad
848 1933 942 1992 vitam
964 1930 1013 1993 vel
1027 1948 1108 1992 mor·

184 2020 246 2075 tem
270 2020 446 2094 aeternam,
478 2021 562 2075 reate
592 2016 751 2076 diceretur.
804 2013 893 2075 Hane
922 2015 1001 2074 enim
1032 2014 1107 2094 vim,

185 2096 246 2157 hoe
269 2103 324 2178 est,
347 2097 569 2177 aptitudinem,
590 2117 668 2179 seu,
690 2104 723 2159 ut
744 2096 910 2178 Sophistae
931 2097 1109 2178 loquuntur,

185 2178 397 2260 dispositivam
419 2181 596 2260 qualitatem
611 2188 642 2242 et
663 2182 818 2262 passivam
841 2180 1053 2261 aptitudinem,
1077 2186 1109 2243 et

185 2281 242 2324 nos
265 2262 466 2344 eonfitemur,
487 2285 578 2345 quam
601 2284 664 2326 non
687 2264 846 2325 arboribus
875 2282 976 2344 neque
998 2262 1107 2325 bestiis

184 2346 310 2406 inditam
334 2366 413 2427 esse,
435 2350 502 2427 quis
526 2355 573 2409 est
595 2349 646 2430 qui
657 2347 796 2409 neseiat?
818 2345 928 2428 Neque
941 2347 1022 2408 enim
1046 2365 1105 2429 pro

185 2431 343 2493 anseribus
369 2432 420 2510 (ut
441 2430 566 2508 dieitur)
591 2432 712 2494 eoelum
735 2433 860 2492 creavit.

267 2515 375 2574 Fixum
397 2533 471 2595 ergo
494 2520 573 2593 stat,
605 2516 697 2576 etiam
720 2521 773 2576 tuo
801 2515 898 2595 ipsius
918 2512 1109 2593 testimonio,

185 2616 242 2659 nos
266 2598 370 2658 omnia
391 2599 593 2678 necessitate,
622 2598 698 2658 nihil
719 2598 843 2659 arbitrio
876 2596 972 2659 libero
993 2597 1108 2678 faeere,

77 2728 83 2737 .
185 2680 256 2741 dum
279 2682 324 2741 vis
347 2681 433 2743 liberi
460 2681 670 2743 arbitrii.nihil
692 2687 749 2763 est,
771 2698 873 2762 neque
892 2681 981 2762 lacit,
1004 2698 1107 2761 neque

185 2771 288 2845 potest
303 2763 433 2841 bonum,
456 2765 584 2826 absente
605 2766 724 2846 gratia,
746 2765 804 2825 nisi
825 2763 993 2826 efficaciam
1031 2764 1107 2827 velis

185 2867 269 2908 nova
290 2847 515 2927 signifieatione
537 2848 638 2909 dicere
660 2848 898 2929 perfectionem,
922 2848 1010 2927 quasi
1032 2846 1109 2909 liba·

184 2951 250 2991 rum
273 2929 429 2990 arbitrium
450 2932 586 3012 inaipere
607 2930 730 3011 quidem
752 2951 790 2993 aa
811 2929 892 2992 velle
913 2931 1030 3012 possit,
1051 2928 1107 2992 aed

184 3032 251 3158 nonl
270 3012 427 3094 perlicere,
450 3015 532 3094 quod
553 3033 616 3076 non
639 3014 732 3076 eredo
745 3062 754 3093 ,
785 3033 824 3076 aa
844 3021 954 3095 postea
986 3012 1026 3074 de
1048 3013 1108 3075 lrao

185 3116 219 3158 re
254 3098 341 3159 atius.

269 3180 411 3260 Sequitur
431 3199 523 3262 nune,
546 3180 672 3242 liberum
688 3179 843 3241 arbitrium
867 3198 936 3240 esse
957 3179 1050 3261 plane
1065 3178 1107 3241 di·

185 3264 289 3325 vinum
310 3282 435 3344 nomen,
456 3283 515 3325 nee
536 3264 590 3324 ulli
610 3283 704 3345 possa
725 3269 911 3344 competere,
933 3282 1026 3344 quarn
1049 3261 1107 3326 soli

186 3346 308 3408 divinae
335 3348 509 3426 maiestati,
542 3367 579 3408 aa
600 3348 682 3408 enim
713 3353 818 3428 potest
850 3354 881 3409 et
901 3347 976 3408 faait
1010 3347 1109 3426 (sieut

185 3430 298 3492 Psalm.
321 3432 418 3505 canit)
446 3432 558 3511 omnia,
582 3449 661 3510 quae
672 3431 739 3490 vult
758 3431 789 3490 in
801 3430 890 3492 aoelo
914 3431 996 3490 etin
1017 3437 1107 3493 terra.

186 3513 277 3590 Quod
299 3515 325 3575 si
345 3513 520 3575 hominibus
542 3513 690 3594 tribuitur,
713 3513 808 3575 nihilo
821 3514 933 3574 rectius
956 3512 1106 3593 tribuitur,

186 3615 277 3677 quam
301 3598 326 3657 si
348 3596 490 3658 divinitas
513 3615 635 3677 quoque
663 3599 731 3677 ipsa
753 3598 797 3658 eis
818 3597 1018 3681 tribueretur,
1044 3614 1106 3677 quo

185 3680 347 3760 sacrilegio
371 3678 486 3742 nullum
508 3699 577 3742 esse
599 3682 696 3740 maius
718 3682 825 3761 possit.
868 3679 1001 3742 Proinde
1022 3679 1108 3742 theo·

185 3763 327 3846 logorum
349 3770 425 3839 erat,
447 3763 485 3826 ab
506 3765 567 3826 islo
589 3763 742 3826 voeabula
774 3763 950 3846 abstinere,
975 3782 1045 3826 eum
1068 3762 1107 3825 da
