2348 4162
511 278 647 340 astato.
982 280 1063 349 517·
1101 343 1103 346 ,

122 443 292 505 claritatem
315 463 378 505 non
412 462 480 505 esse
505 445 673 507 claritatem
696 451 823 526 proptor
843 447 1043 508 excellentem

122 527 293 588 claritatem
317 527 501 606 Turcorum,
536 537 567 589 et
596 534 713 588 vestros
737 547 841 591 mores
860 530 898 591 ad
920 531 1042 592 illorum

123 629 225 671 moras
258 609 389 671 collatos
420 611 511 691 plane
544 612 791 673 abominationes
814 633 892 675 esse.
935 611 1044 693 Itaque

123 712 179 768 pro
212 693 358 774 apologia
391 693 522 772 quadam
545 694 705 774 Evangelii
735 698 830 756 nost-ri
853 696 941 773 simul
963 696 1050 775 hunc

121 775 231 837 librum
255 776 383 838 edimus.
427 776 517 837 Nunc
538 779 618 838 enim
641 776 742 857 video,
765 778 835 857 quid
859 779 1045 840 causaeiue·
1146 779 1147 782 ’

121 860 171 939 rit,
194 859 276 939 quod
299 880 317 919 a
340 860 470 939 Papistis
494 859 539 921 sic
561 860 752 921 occuleretur
773 862 882 942 religio
904 862 1043 940 Turcica,

121 962 176 1003 cur
198 942 297 1003 solum
332 945 431 1021 turpia
452 945 587 1022 ipsorum
610 944 775 1026 narrarint,
812 943 928 1007 scilicet
961 943 1043 1024 quod

122 1034 300 1104 senscrunt,
332 1025 364 1087 id
400 1025 481 1105 quod
504 1044 552 1086 res
575 1032 637 1105 est,
660 1028 685 1085 si
707 1026 745 1086 ad
769 1026 983 1109 disputandum
1005 1027 1044 1087 de

121 1107 271 1190 religione
293 1109 439 1186 veniatur,
463 1115 544 1169 totus
567 1109 700 1189 Papatus
724 1129 791 1170 curn
816 1110 957 1172 omnibus
980 1111 1043 1170 suis

121 1192 247 1253 caderet
269 1211 327 1252 nec
347 1199 476 1271 possent
497 1191 587 1253 fldem
612 1212 697 1252 suam
721 1194 796 1254 tueri
819 1200 849 1254 et
870 1193 961 1254 fidem
983 1195 1045 1254 Ma·

122 1275 239 1336 homati
263 1274 430 1350 contutans,
454 1295 521 1335 cum
546 1294 582 1335 ea
595 1275 752 1336 confutare
776 1283 943 1356 oporteret,
964 1295 1044 1358 quas

121 1359 244 1438 ipsimet
265 1359 398 1418 maxime
410 1358 542 1438 probant
563 1356 722 1436 atquibus
745 1361 878 1420 maxime
900 1362 1045 1438 nituntur,

121 1446 156 1501 et
177 1458 214 1501 ea
237 1441 331 1521 tueri,
367 1459 446 1519 quae
480 1441 524 1500 illi
547 1441 681 1501 maxime
714 1442 846 1520 probant
877 1445 908 1503 et
936 1442 1044 1521 quibus

123 1525 259 1584 maxime
281 1525 424 1586 nituntur.
451 1563 461 1581 .
521 1569 523 1572 .

140 1654 144 1661 .
180 1598 291 1687 'Sunt
314 1606 423 1687 fateor,
445 1606 577 1687 plurima
608 1605 690 1686 apud
714 1605 833 1668 'lurcos
855 1608 886 1668 in
911 1607 1045 1687 speciem

121 1708 246 1770 quoque
268 1691 365 1770 turpia
390 1697 420 1750 et
442 1688 590 1768 absurda,
612 1690 742 1750 fortasse
765 1697 795 1750 et
815 1691 934 1750 interim
958 1691 1046 1770 plura

121 1780 300 1854 creverunt,
334 1792 392 1833 nec
426 1772 519 1833 modo
540 1792 596 1853 per
626 1774 729 1832 omnia
751 1772 827 1833 tales
850 1793 932 1834 nunc
952 1773 1043 1834 Tusci

121 1862 208 1932 sunt,
240 1855 347 1936 quales
370 1856 419 1915 hic
441 1855 518 1916 liber
538 1857 635 1936 pingit
651 1861 727 1915 'aute
749 1863 870 1936 captam
894 1856 1043 1918 Constan-

120 1940 284 2019 tinopolin,
304 1938 335 1999 id
358 1945 406 1999 est
426 1944 499 1998 ante
520 1936 562 2003 70
582 1957 691 2018 annos,
713 1938 822 2019 editus,
844 1941 923 2000 sicut
945 1938 1045 2000 solent
1099 1979 1106 1988 ·

121 2023 226 2084 omnia
262 2041 330 2082 cum
366 2029 505 2101 tempora
535 2022 568 2081 'in
603 2023 690 2102 peius
713 2022 840 2102 prolabi.
885 2021 945 2083 Sed
968 2022 1045 2084 haec

121 2105 204 2166 mala
225 2105 352 2185 pulchre
373 2111 516 2187 teguntur
537 2105 640 2183 specie
663 2113 725 2164 tam
748 2104 866 2166 ellicaci
889 2112 920 2166 et
940 2104 1044 2166 valida

121 2191 397 2266 caeremoniarum,
419 2187 571 2249 bonorum
594 2207 713 2249 morum
738 2196 769 2249 ct
789 2188 934 2249 falsorum
957 2190 1044 2248 mira·

121 2273 271 2334 culorum.
314 2271 393 2332 Nam
415 2271 487 2350 quid
511 2289 572 2331 non
597 2271 650 2331 luit
673 2270 754 2350 apud
777 2275 899 2332 nosnos
922 2275 1044 2350 quoque

121 2354 315 2435 turpitudinis
349 2357 380 2414 in
415 2361 461 2413 tot
498 2355 640 2413 monstris
674 2352 850 2432 libidinum,
888 2355 1044 2431 avaritiae,

122 2437 314 2515 ambitionis,
337 2435 510 2515 superbias,
531 2435 675 2515 invidiae,
699 2435 882 2516 discordiae,
904 2436 1043 2516 blasphe-

123 2518 212 2597 mias,
236 2519 474 2586 mendaciorum,
498 2518 650 2594 vanitatis,
673 2518 860 2598 impietatis?
878 2526 926 2579 ut
947 2518 1044 2580 Sodo-

123 2623 204 2664 mam
228 2610 259 2664 at
269 2601 452 2664 Gomorram
474 2602 675 2679 vinceremus,
699 2607 852 2662 ettamen
876 2601 1045 2662 haectecta

122 2687 244 2747 luerunt
264 2684 429 2746 infirmiore
452 2678 556 2763 specie
568 2685 841 2767 caeremoniarum,
863 2703 954 2764 quam
970 2685 1044 2745 Tur·

122 2767 229 2832 corum
252 2777 315 2844 est,
337 2777 369 2829 ut
390 2788 428 2835 ea
449 2768 553 2829 omnia
575 2785 636 2827 non
659 2765 847 2845 viderentur,
870 2774 900 2826 ct
915 2768 983 2849 ipsi·
1001 2768 1045 2828 ni·-

121 2852 288 2913 hilominus
311 2851 416 2914 Sancti
438 2849 636 2927 haberentur,
671 2856 786 2928 quanto
819 2851 924 2925 minus
941 2869 1044 2911 move·

121 2935 197 3007 bunt
216 2933 334 2996 ‘furcos
356 2954 412 2996 sua
434 2934 541 3014 turpia,
575 2942 636 2993 tam
668 2932 819 3013 religiosis
842 2934 1044 2994 caeremoniis

125 3017 256 3080 ornata?
795 3040 798 3049 ·
877 3024 881 3039 ‘

206 3099 339 3163 Proinde
359 3099 440 3160 hunc
461 3099 569 3160 librum
599 3100 691 3159 etiarn
713 3099 774 3161 hoc
795 3096 892 3160 altero
914 3098 1046 3161 consilio

122 3184 252 3263 adimus,
274 3190 307 3244 ut
328 3183 504 3243 scandalum
528 3182 765 3243 Mahomsticum
786 3183 1045 3263 praeveniremus.

123 3269 200 3329 Cum
224 3269 304 3328 enim
327 3267 357 3326 in
379 3267 487 3326 vicino
503 3284 586 3325 nunc
606 3267 735 3328 Turcam
765 3273 795 3325 et
817 3273 902 3325 suam
924 3265 1046 3344 religio·

124 3370 194 3412 nem
216 3349 400 3430 habeamus,
424 3348 568 3409 monendi
593 3355 664 3409 sunt
685 3350 791 3426 nostri,
814 3368 853 3409 ne
877 3347 979 3427 specie
1001 3366 1045 3407 re·

124 3434 246 3515 ligionis
259 3433 381 3493 illorum
404 3438 434 3491 et
455 3433 533 3490 facie
547 3449 663 3491 morum
675 3434 820 3492 commoti
843 3442 895 3492 aut
916 3431 1046 3491 utilitate

124 3523 249 3577 nostrae
271 3515 341 3575 fidei
375 3535 412 3575 ac
442 3534 560 3575 morum
584 3513 778 3575 difformitatc
802 3515 910 3575 offensi
933 3521 1047 3593 negent

124 3599 276 3660 Christum
299 3617 386 3658 suum
410 3597 669 3659 et‘lllahometurn
693 3604 875 3676 sequantur,
909 3596 961 3656 sed
1002 3595 1045 3655 di-

123 3689 223 3763 scant,
246 3682 425 3762 religionem
449 3681 558 3742 Christi
581 3679 754 3740 aliudesse
777 3699 867 3759 quam
890 3697 1047 3740 caeremo·
1152 3739 1160 3760 ,

124 3762 206 3828 nias'
218 3769 251 3826 at
271 3771 496 3846 morea-atqua
517 3763 609 3824 fidem
621 3762 732 3825 chrisa
745 3776 871 3844 prorsus
892 3762 966 3823 nihil
990 3763 1048 3824 dis·
