2348 4162
177 250 219 316 86
460 312 464 319 ,
491 244 633 305 Praefatio
648 249 683 305 D.
704 250 738 304 Μ.
756 248 790 305 L.

257 420 322 481 Lex
343 420 434 500 igitur
455 426 519 480 tum
541 420 717 480 necessario
730 425 841 499 cessat,
865 439 933 480 cum
956 419 1096 482 Christus

176 502 306 583 accedit,
328 504 510 583 praesertim
534 509 634 564 autem
658 521 695 563 ea
718 501 797 583 legis
819 523 912 584 pers,
942 522 1023 583 quac
1045 504 1099 564 Le·

177 587 268 647 vitica
290 586 400 646 dicitur
412 633 422 664 ,
443 604 522 665 quae
543 591 673 667 peccata
694 585 874 664 iudicabat,
898 586 948 646 ubi
971 588 1099 667 proprie

176 676 306 749 peccata
327 688 389 730 non
412 676 508 731 erent.
553 669 663 730 Cessat
685 687 807 749 quoque
830 675 894 729 tum
916 668 1096 750 decalogus,

175 772 237 814 non
261 751 342 831 quod
370 753 518 832 praestari
546 771 566 812 a
587 750 677 812 nobis
713 752 844 831 amplius
879 771 941 813 non
975 752 1097 830 debeat,

175 834 230 899 sed
252 835 336 915 quod
359 833 494 895 officium
516 840 547 894 ct
569 835 768 895 ministerium
790 835 885 895 Mosis
907 842 1025 915 cesset,
1049 855 1101 897 ne·

175 937 236 999 que
258 919 338 979 enim
361 924 424 979 tum
448 922 576 997 peccato
600 919 661 978 vim
702 937 757 997 per
779 916 964 998 decalogum
1002 918 1101 996 addit,

176 1003 234 1062 et
227 1021 327 1082 ipsum
348 1008 509 1081 peccatum
531 1019 595 1061 non
617 999 749 1079 amplius
772 1002 939 1061 mortisect
960 1000 1098 1064 aculeus

174 1084 255 1148 Nam
276 1105 332 1165 per
352 1083 504 1145 Christum
527 1085 725 1163 peccatum
717 1103 777 1144 ram
800 1084 961 1144 remissurn
996 1090 1044 1145 est
1065 1088 1099 1146 et

174 1168 261 1231 Deus
290 1167 380 1229 nobis
413 1167 551 1248 placatus
581 1173 612 1227 et
649 1184 702 1228 cor
729 1168 789 1227 iam
824 1164 1022 1246 purificatur,
1063 1173 1098 1228 ut

175 1270 280 1348 porro,
291 1270 427 1312 amemus
450 1251 561 1331 legem,
584 1268 715 1329 eamque
729 1251 920 1331 inchoemus,
943 1255 976 1310 ut
990 1250 1095 1313 Moses

175 1333 280 1395 nihil
271 1335 344 1394 ruris
367 1333 480 1394 babeat
501 1332 665 1393 accusandi
688 1339 719 1392 et
741 1319 908 1393 damnandi
929 1351 998 1397 nos
1032 1333 1100 1394 bio·

175 1435 225 1477 ιιι
247 1419 327 1478 enim
352 1434 407 1477 eos
428 1424 545 1477 tantum
570 1415 704 1494 damnat,
727 1417 779 1495 qui
801 1414 902 1496 legem
924 1434 986 1477 non
1010 1435 1100 1496 prae·

175 1500 328 1578 stiterunt,
351 1501 454 1580 etqui
477 1505 652 1560 meruerunt
674 1461 820 1577 uicrtem,
854 1499 960 1578 quales
984 1518 1094 1560 omnes

174 1602 232 1644 nos
267 1602 372 1644 sumus
386 1630 396 1663 ,
430 1589 595 1663 antequam
629 1581 766 1642 Christus
815 1600 872 1642 sua
909 1583 1008 1662 gratia
1040 1600 1101 1643 nos

178 1665 330 1746 dignatur.

261 1781 363 1862 Atque
384 1782 446 1843 boc
467 1781 498 1844 Β.
521 1781 634 1841 Paulus
657 1785 774 1858 monet,
792 1782 821 1846 2.
834 1780 973 1842 Corinth.
996 1778 1025 1862 3,
1049 1778 1103 1842 ubi

177 1866 300 1944 inquit,
331 1864 414 1944 quod
456 1864 555 1945 gloria
592 1864 693 1924 vuitus
716 1864 811 1927 bicsis
847 1872 949 1925 cessat
974 1871 1103 1944 propter

177 1949 317 2028 gloriam,
340 1954 480 2028 quaeest
501 1948 530 2006 iu
554 1946 638 2007 vultu
661 1945 731 2009 Iesu
746 1945 868 2026 Christi,
890 1947 950 2008 hoc
965 1952 1022 2027 est,
1046 1948 1101 2008 mi·

181 2032 339 2093 nister-ium
362 2032 457 2108 Mose,
480 2028 562 2110 quod
585 2048 643 2091 nos
666 2029 844 2108 confundit,
866 2038 898 2090 et
918 2049 974 2091 suo
997 2029 1101 2111 spien-

179 2114 253 2175 dore
275 2121 381 2175 nostra
401 2113 491 2174 nobis
514 2113 611 2194 aperit
625 2119 763 2192 peccata,
785 2112 860 2173 iilud
881 2113 941 2174 iam
956 2131 1013 2173 nos
1035 2130 1101 2174 non

178 2196 308 2277 amptius
331 2195 435 2277 laedit,
459 2215 559 2276 neque
583 2196 674 2256 eham
687 2201 780 2256 terret
801 2214 858 2257 nos
882 2216 937 2276 per
958 2204 1101 2260 mortem.

179 2279 336 2341 Habemus
358 2281 437 2340 enim
462 2278 553 2340 aliam
576 2278 743 2360 gloriam
735 2298 766 2338 rn
788 2278 874 2338 vultu
896 2277 1017 2359 Christi,
1038 2279 1102 2340 boc

178 2370 236 2442 est,
258 2361 405 2424 habemus
436 2362 636 2423 ministerium
663 2362 797 2458 gratiae,
824 2381 880 2442 per
908 2359 991 2441 quod
1007 2326 1101 2422 Obri-

178 2409 259 2507 stu'm
283 2447 510 2527 cognoscimus,
533 2447 618 2505 cuius
640 2445 765 2520 iustitia,
787 2444 851 2506 vita
864 2450 895 2506 et
916 2449 1015 2505 morte
1037 2444 1101 2525 legi

178 2528 391 2610 satisfacimus,
414 2534 573 2610 peccatum
596 2534 628 2588 et
650 2534 778 2588 mortem
802 2546 996 2608 superamus,
1019 2527 1102 2589 sicut

178 2631 301 2694 quoque
330 2618 390 2674 tres
422 2613 466 2672 iiii
487 2611 653 2692 apostoli
644 2630 675 2671 ιιι
706 2616 813 2671 monte
833 2610 957 2672 Thabor
989 2610 1100 2672 Mosen

179 2697 300 2775 quidem
324 2704 354 2757 et
376 2695 475 2757 biliam
498 2694 667 2773 videbant,
701 2713 763 2755 non
794 2699 896 2754 tamen
920 2692 1102 2754 metuebant

179 2797 243 2839 ecs
286 2779 361 2840 Erat
382 2779 462 2839 enim
484 2779 515 2837 in
538 2776 623 2837 vultu
646 2742 757 2837 Christi
784 2776 904 2858 gioria,
927 2795 1006 2856 quae
1035 2794 1101 2837 om·

178 2881 247 2921 nem
265 2868 377 2922 metum
400 2861 510 2921 animis
527 2860 690 2936 adimebat,
714 2866 821 2920 contra
834 2859 888 2920 fllii
900 2859 995 2921 Israel
1017 2858 1100 2921 ferre

178 2944 260 3004 iiiam
284 2944 413 3024 gloriam
436 2944 467 3004 in
488 2943 573 3003 vultu
595 2943 682 3004 Mose
704 2960 766 3003 non
789 2948 951 3023 poterant,
974 2942 1029 3003 sed
1047 2960 1102 3004 co·

178 3026 307 3105 gebatur
330 3027 430 3088 Moses
462 3025 665 3106 praetendere
687 3025 847 3108 velamen,
879 3045 978 3106 neque
1016 3026 1100 3087 enim

178 3116 241 3169 tum
265 3108 371 3170 aderat
392 3109 538 3191 Christus,
561 3108 663 3170 Exod.
686 3109 735 3173 34.

260 3227 361 3288 Habet
381 3228 461 3302 enim
487 3227 538 3288 lex
559 3228 616 3288 tria
628 3225 846 3306 discipulorum
863 3245 987 3306 genera,
1009 3227 1101 3308 primi

178 3317 257 3389 sunt,
281 3309 333 3390 qui
356 3309 456 3391 legem
475 3310 598 3392 quidem
620 3310 756 3391 audiunt,
780 3328 883 3370 verum
898 3315 1102 3371 contemnunt

178 3412 256 3472 eam,
278 3400 309 3455 et
332 3400 450 3475 turpem
473 3394 589 3475 absque
612 3394 695 3455 omni
719 3400 799 3452 metu
823 3399 919 3474 agunt
940 3393 1045 3471 vitam,
1069 3399 1101 3455 ct

178 3476 216 3537 ad
239 3478 297 3538 hos
320 3477 372 3538 lex
394 3498 456 3540 uon
479 3478 628 3558 pervenit.
678 3475 722 3537 iiii
751 3476 831 3536 euim
856 3475 940 3536 vituli
964 3476 1099 3539 cultores

92 3572 95 3578 '
176 3561 208 3621 in
230 3560 342 3622 Exodo
370 3561 479 3622 borum
501 3559 629 3641 figuram
659 3565 789 3641 gerunt,
826 3558 864 3619 ad
894 3577 972 3639 quos
993 3560 1100 3622 Moses

177 3661 239 3703 non
262 3644 435 3724 perferebat
457 3644 568 3726 legem,
590 3643 644 3706 sed
667 3649 839 3704 commotus
861 3641 907 3703 ira
929 3642 1031 3724 legum
1056 3648 1099 3704 ta

177 3726 267 3789 bulas
286 3727 458 3808 frangebat.
