2348 4162
339 231 376 288 ad
393 232 428 287 D.
446 233 591 288 Erasmum
608 233 834 290 Rotarodarnum.
988 234 1050 301 311

127 407 243 484 idest,
281 404 438 468 modicum
461 406 589 466 fecimus
612 425 680 468 nos.
723 406 763 467 Elt
784 408 851 486 quia
871 416 1050 471 numerate
1167 414 1171 424 '

128 488 293 572 Scripturls
314 489 420 568 locos,
453 489 504 550 ubi
525 487 607 551 Nihil
638 495 669 549 et
689 488 759 550 Nou
782 492 960 571 ponuntur?
1000 493 1048 555 Au

127 573 176 635 bic
197 573 349 649 dicemus,
373 572 538 634 commoda
558 573 769 653 interpretatio
792 575 960 656 spectanda
982 576 1049 637 est?

125 657 166 719 At
184 656 259 717 nulli
281 655 439 717 haeretico
468 675 524 716 sua
545 674 607 716 non
630 656 795 717 commoda
816 665 871 723 est.
916 659 1049 740 Scilicet,

124 741 255 803 honest
276 739 377 801 nodos
407 738 543 814 solvere,
579 745 683 800 tautae
714 740 856 802 licentiae
884 741 1047 803 fenestram

124 825 244 904 aperire
272 822 424 903 corruptis
452 821 603 883 urentibus
625 829 656 882 et
686 822 847 885 fallacibus
870 825 1048 905 spiritibus?

124 905 192 969 Tibi
215 904 326 984 orado,
349 906 400 985 qui
422 924 530 966 sacrae
551 904 726 985 Scripturas
747 908 959 969 certitudinem
981 928 1047 969 sus·

124 1009 184 1071 qua
212 988 315 1069 deque
335 988 427 1068 lacis,
458 988 623 1050 commoda
644 990 733 1050 luerit
755 1009 792 1051 aa
814 992 937 1052 licentia
959 993 1047 1052 inter-

123 1071 275 1154 pretandi,
298 1071 354 1134 sed
376 1071 476 1151 nobis,
499 1073 550 1151 qui
572 1073 777 1154 conscientias
805 1073 941 1136 stabilire
963 1074 1047 1136 labo·

123 1175 237 1232 ramus,
259 1155 335 1216 nihil
358 1154 593 1233 incommodius,
618 1152 694 1216 nihil
707 1159 877 1235 nocentius,
900 1154 974 1219 nihil
996 1177 1046 1238 pe-

123 1240 275 1301 stilentius
296 1237 357 1300 bac
379 1237 599 1299 commoditate
622 1241 802 1318 contingere
824 1246 937 1321 potest.
965 1240 1046 1302 Audi

122 1324 237 1402 itaque,
257 1340 371 1400 magna
391 1322 500 1382 victrix
511 1320 639 1405 Achillis
661 1321 834 1403 Lutberani,
857 1325 914 1383 nisi
937 1330 1048 1404 lupra-

122 1405 255 1485 baveris,
277 1404 358 1465 Nihil
380 1404 441 1465 hoe
462 1404 532 1465 loco
556 1404 728 1465 nonsolum
751 1424 855 1485 posse,
878 1406 932 1467 sed
955 1409 1045 1468 stiam

123 1488 236 1550 debera
258 1488 449 1567 promodico
472 1487 581 1567 accipi,
604 1487 677 1547 nibil
688 1488 825 1549 effeceris
849 1495 933 1551 tanta
955 1491 1046 1570 copia

123 1571 284 1633 verborum
308 1577 340 1632 et
361 1569 590 1651 exemplorum,
621 1571 677 1630 uisi
701 1571 783 1650 quod
812 1570 904 1632 aridis
926 1572 1045 1652 stipulis

123 1655 270 1716 adversus
293 1653 433 1716 dammas
455 1654 658 1734 pugnaveris,
689 1653 761 1733 quid
788 1654 877 1715 nobis
901 1673 968 1715 cum
992 1661 1045 1716 tuo

122 1757 234 1818 possa,
271 1755 373 1817 aquo
396 1737 542 1817 exigitur,
577 1742 610 1797 ut
631 1736 757 1816 probas,
778 1737 912 1798 debere?
955 1736 1045 1812 Quod

122 1822 178 1883 nisi
202 1820 356 1898 effeceris,
390 1838 548 1880 manemus
581 1821 612 1879 in
642 1820 771 1880 naturali
794 1826 825 1880 et
846 1821 1047 1900 grammatica

123 1902 349 1984 significatione
370 1903 524 1984 vocabuli,
548 1901 682 1964 ridentes
695 1903 930 1984 tamexercitus,
954 1922 1044 1983 quam

122 1987 293 2065 triumphos
316 1991 396 2048 tuos.

203 2069 263 2132 Ubi
279 2087 363 2130 nuno
385 2075 488 2130 manet
512 2070 616 2149 opinio
639 2069 816 2149 probabilis,
838 2088 918 2150 quaa
940 2069 1047 2130 statuit
1097 2078 1101 2085 '

121 2153 250 2215 liberum
272 2152 430 2214 arbitrium
452 2152 524 2213 nihil
542 2152 614 2213 boni
635 2153 715 2213 velle
736 2152 851 2232 posse?
894 2151 955 2214 Sed
968 2153 1046 2213 forte

122 2238 207 2299 venit
228 2235 357 2297 tandem'
374 2236 424 2295 bio
451 2236 662 2314 interpretatio
686 2235 868 2311 commoda,
904 2240 938 2297 ut
972 2234 1045 2296 nihil

125 2319 195 2382 boui
220 2317 373 2398 significet
394 2317 508 2398 aliquid
532 2318 616 2395 boni,
640 2318 776 2380 inaudita
790 2319 883 2399 plane
905 2325 1045 2397 sigram-

121 2406 234 2464 matica
255 2408 286 2463 et
309 2401 486 2480 dialectica,
522 2408 555 2461 ut
576 2400 649 2460 nihil
673 2402 713 2461 sit
733 2401 780 2479 id,
815 2400 897 2480 quod
918 2400 1045 2480 aliquid,

122 2485 206 2566 quod
229 2483 311 2565 apud
333 2483 511 2547 dialecticos
538 2483 728 2564 impossibile
750 2483 854 2563 luerit,
894 2502 962 2543 cum
984 2485 1045 2543 sint

122 2568 367 2631 contradictoria.
411 2567 469 2629 Ubi
505 2574 608 2627 manet
630 2573 660 2627 et
682 2566 772 2647 illud,
795 2566 877 2646 quod
899 2566 1043 2628 Batauam

122 2651 274 2713 eredimus
307 2651 476 2731 prinoipem
505 2669 574 2711 esse
597 2649 717 2731 mundi,
749 2655 929 2731 regnantem
967 2655 1045 2710 teste

122 2735 243 2796 Christo
267 2733 406 2795 etPaulo
424 2731 464 2817 a)
487 2734 518 2793 in
541 2732 748 2794 voluntatibus
772 2741 802 2793 et
824 2732 975 2794 mentibus
989 2731 1044 2792 ho-

121 2821 236 2879 minum
264 2815 321 2878 sibi
350 2817 480 2896 captivis
508 2822 539 2877 et
560 2816 783 2879 servientibus?
822 2815 892 2894 llle,
927 2814 1045 2876 seilicet

121 2901 170 2963 leo
191 2902 327 2983 rugiens,
350 2899 447 2961 hostis
469 2899 671 2979 implacabilis
694 2901 914 2980 etirrequietus
926 2899 1045 2979 gratiae

121 2984 180 3047 Dei
205 2989 236 3044 et
256 2983 364 3043 salutis
386 2984 548 3059 humanae,
570 2984 649 3043 sinet
670 2982 746 3064 lieri,
769 2990 801 3044 ut
823 2983 916 3044 bomo
938 3000 1044 3042 servus

122 3074 152 3128 et
173 3085 245 3147 pars
268 3066 355 3145 regni
377 3067 574 3145 suiaonarnr
600 3065 640 3126 ad
663 3065 775 3127 bouum
798 3065 861 3128 ullo
885 3071 968 3127 motu
992 3072 1045 3125 aut

121 3154 290 3227 momento,
315 3167 376 3228 quo
398 3168 484 3209 suam
508 3148 700 3229 tyrannidem
712 3148 833 3226 evadat,
856 3168 893 3209 aa
915 3168 976 3209 non
990 3167 1044 3228 po-

120 3234 179 3294 tius
203 3233 310 3294 incitet
342 3238 373 3292 at
395 3238 517 3313 urgeat,
549 3238 581 3292 ut
611 3233 683 3293 lotis
719 3231 831 3292 viribus
858 3232 1044 3292 contrarium

120 3317 239 3397 gratiae
273 3322 302 3376 et
335 3314 408 3375 velit
439 3320 471 3376 et
492 3315 606 3377 iaciat?
640 3316 689 3375 eui
711 3315 782 3376 iusti
805 3321 835 3375 at
857 3315 963 3394 spiritu
986 3314 1043 3374 Dei

122 3405 250 3480 agentes
274 3400 327 3475 yix
348 3398 509 3477 resistunt,
538 3404 569 3460 et
595 3398 709 3460 bonum
732 3398 838 3462 volunt
859 3416 897 3459 aa
919 3397 1043 3474 faciunt,

121 3483 163 3545 ila
184 3483 216 3543 iu
238 3499 293 3544 eos
313 3483 421 3544 saevit.

411 3651 544 3660 .-........-...

194 3749 224 3819 *l
246 3751 272 3808 2.
291 3728 411 3805 umori.
430 3750 456 3805 2.
