2348 4162
490 262 548 321 Ἀ.
571 267 649 326 1544.
984 263 1047 332 bdti

124 436 294 516 corruperit
327 436 438 497 fabulis
473 435 572 497 stultis
603 441 648 497 et·
665 435 767 515 impiis
790 433 978 511 mendaciis,
1012 441 1047 497 ut

123 521 187 581 veri
210 519 306 581 multo
329 521 390 581 sint
411 519 572 581 similiores
595 526 626 581 et
647 519 782 579 utiliores
793 519 1045 598 gentiumquae

123 606 193 665 dam
216 604 347 666 tabulae
399 604 530 665 Tantum
553 612 615 663 est
630 602 735 664 odiam
764 603 914 682 serpentis
936 612 1046 665 conus

122 709 228 750 semen
252 687 385 747 mulieris
408 693 440 748 et
459 686 632 749 ecclesiam·
646 686 769 765 Christi,
798 691 830 745 ιιι
861 687 952 746 etism
974 693 1046 766 poet

124 779 253 833 mortem
277 777 476 851 persequatur
503 772 682 831 memoriam
705 733 904 850 strictorem,
935 789 974 830 ne
994 769 1046 831 vel

122 875 229 917 eorum
263 853 388 934 egregia
426 850 507 913 dicta
540 861 571 913 et
598 854 679 914 laeta
714 854 885 914 viventibus
920 853 1046 917 salutari

122 938 268 1019 exemplo
292 937 341 998 vel
364 936 566 998 consolationi
594 955 663 998 ease
685 942 822 1018 possent.
871 937 950 996 Hinc
970 935 1045 997 illud

122 1022 194 1083 mali
218 1024 311 1100 venit,
336 1027 368 1080 ut
390 1039 448 1079 nec
469 1020 681 1100 apostolorum
705 1019 862 1097 historias,
885 1039 961 1099 qaas
984 1039 1046 1081 ma·

122 1107 207 1166 xime
229 1105 372 1185 oportuit,
395 1101 502 1163 fideles
514 1109 545 1163 et
561 1122 668 1184 puras
674 1102 851 1173 habeamus,
876 1104 941 1163 nisi·
938 1121 1046 1182 quan·

123 1196 187 1248 tum
210 1207 249 1248 ex
270 1187 366 1262 Ιιιιιιιι,
395 1184 529 1247 Eusebio
551 1193 584 1246 et
611 1185 677 1246 eliis
700 1185 881 1265 quibusdam
906 1186 1044 1246 relictum

124 1279 181 1333 est.
225 1270 336 1332 Celere
359 1268 562 1328 disiderantur
584 1276 615 1329 et
636 1274 782 1348 optantur
801 1269 921 1329 frustra.
1025 1274 1029 1280 '

205 1353 285 1415 Nam
308 1353 391 1413 etin
420 1352 487 1430 ipse
510 1351 584 1411 urbe
605 1352 705 1412 Roma
727 1352 876 1431 nescitur,
911 1351 962 1412 ubi
985 1353 1047 1414 sint

123 1437 334 1516 apostolorum
357 1435 438 1495 Petri
466 1442 496 1494 et
523 1433 611 1496 Pauli
640 1436 742 1514 capita
768 1442 800 1495 et
821 1453 955 1514 corpore
977 1455 1046 1496 oum

122 1521 249 1600 integris
288 1521 350 1580 suis
387 1518 538 1596 historiis,
578 1519 633 1578 etsi
675 1516 845 1581 Pontifices
880 1519 1047 1597 quotannis
1154 1532 1159 1542 ·

124 1610 281 1664 ostentent
310 1602 409 1662 stultis
438 1601 560 1680 populis
590 1601 651 1661 duo
680 1600 783 1681 lignea
804 1604 837 1663 et
856 1602 972 1662 factitia
994 1621 1047 1662 os·

123 1689 186 1767 pita
214 1687 293 1746 Petri
327 1693 358 1746 et
385 1684 490 1760 Pauli,
518 1703 597 1764 quae
625 1685 729 1745 sinunt
749 1690 792 1749 et
823 1685 908 1745 credi
940 1685 1047 1747 volunt

123 1769 217 1848 vulgo
247 1788 315 1830 esse
338 1770 405 1849 ipsa
433 1767 538 1829 nativa
569 1768 674 1828 crenis
696 1766 775 1827 Petri
805 1775 835 1827 et
857 1766 952 1834 Pauli
1006 1769 1047 1830 Et

121 1872 215 1933 super
237 1871 274 1914 eo
297 1851 395 1931 altari,
418 1851 468 1912 ubi
485 1850 610 1911 condita
628 1855 708 1929 sunt,
730 1857 914 1912 consecrent
929 1851 1048 1932 episco-

123 1956 230 2021 porum
255 1934 364 2014 pallis,
392 1935 543 1995 iactantes
565 1933 697 2013 desuper
718 1932 868 2013 capitibus
890 1926 1049 2015 apostolo,

122 2040 188 2078 rum
212 2038 249 2079 ea
271 2018 367 2097 mit-ti,
397 2024 430 2076 ut
452 2015 630 2078 Decreteles
659 2017 843 2096 loquuntur,
877 2016 1049 2089 incredibili

123 2100 253 2182 perfidie
274 2100 336 2161 et
327 2065 523 2160 rnbaaissima
536 2099 704 2161 mentiendi
725 2097 851 2162 libidine
875 2099 980 2162 orbem
994 2100 1047 2193 ial-

124 2185 238 2270 lentes
260 2182 299 2245 ad
321 2183 451 2265 gloriam
472 2191 504 2243 et
525 2183 672 2245 honorem
695 2168 825 2263 diaboli,
848 2185 942 2263 patris
965 2166 1048 2259 meri·

124 2230 300 2346 dabicrbm,
333 2268 418 2326 cuius
447 2273 518 2326 sunt
547 2266 684 2326 ministri.
733 2265 817 2326 Idem
840 2267 956 2326 iaciunt
978 2285 1047 2326 cum

124 2346 227 2409 fallaci
248 2314 300 2406 ilta’
323 2348 495 2409 Veronicae
518 2347 631 2425 tabula,
654 2366 745 2425 quam
769 2367 836 2407 cum
859 2342 958 2425 sciant
979 2368 1049 2421 esse

125 2427 200 2490 nibil
223 2430 401 2503 atinensem,
424 2437 525 2488 tamen
542 2449 655 2510 magne
676 2448 790 2509 pompa
813 2437 969 2501 ostentant
991 2450 1047 2512 pro

124 2513 259 2590 imagine
286 2474 495 2571 Salvatbris
488 2531 637 2592 impresse
671 2511 794 2572 sudario
829 2512 877 2596 (ut
908 2506 1047 2597 vocant),

125 2595 179 2656 sed
202 2595 312 2691 pannis
335 2595 379 2654 ita
401 2595 550 2674 velatam,
580 2599 614 2655 ut
642 2614 733 2655 nemo
757 2596 920 2692 quicquam
943 2597 1048 2665 videre

125 2679 233 2760 possit,
256 2677 386 2756 neoipsi
410 2678 459 2755 qui
482 2679 647 2741 ostentant
678 2675 754 2751 Quis
777 2680 856 2739 enim
880 2679 984 2741 videat
1006 2679 1047 2760 id,

125 2760 208 2842 quod
231 2760 303 2820 nihil
327 2759 394 2821 est?
443 2759 503 2834 Sed
526 2760 597 2838 quid
629 2757 746 2823 multa?
799 2762 869 2843 lpse
892 2726 1047 2843 quondam

124 2842 204 2906 Urbe
228 2851 369 2922 tempore
398 2848 564 2940 martprum
588 2838 782 2905 sanctissima
818 2853 848 2906 et
882 2846 974 2907 totius
997 2865 1048 2906 eo-

125 2928 239 2988 clasiae
261 2927 348 2986 loeus
372 2945 450 2986 unus
480 2927 509 2986 in
533 2925 608 2986 orbe
631 2932 777 3008 terrarum
799 2929 934 2988 omnium
957 2947 1049 3008 prae-

125 3010 323 3089 clarissima·
347 3017 432 3090 post,
458 3013 544 3070 utet
570 3029 652 3068 nunc
678 3017 741 3086 est,
775 3010 1047 3091 impudentissimis

126 3092 295 3153 mendaciis
314 3055 346 3153 let
367 3090 553 3163 stultissimis
575 3090 699 3173 sabulis,
729 3055 963 3178 bonnirentibus
992 3096 1048 3155 sci

126 3177 198 3236 licet
221 3172 449 3237 Pontificibus
441 3175 541 3253 impiis
567 3182 598 3234 et
619 3174 786 3251 sceleratis,
810 3197 887 3237 unus
910 3170 1048 3238 omnium

125 3259 340 3319 refertissimus
362 3277 418 3338 per
440 3274 547 3318 omnes
581 3258 710 3338 angulos
751 3266 782 3327 et
813 3260 905 3339 plane
927 3262 1048 3320 sentina

125 3342 260 3402 omnium
283 3341 502 3420 turpitudinum
525 3341 727 3421 elvitiorum,
750 3341 869 3403 scilicet
888 3341 1047 3423 impletum

126 3434 172 3484 est
194 3423 308 3483 diaboli
331 3432 394 3484 tarn
419 3422 516 3483 dirum
542 3430 662 3499 votum
682 3425 713 3483 in
737 3425 825 3503 quod
840 3444 963 3506 semper
984 3426 1048 3486 hia·

125 3508 185 3586 vit,
216 3513 248 3565 ιιι
276 3525 316 3565 ex
348 3507 465 3585 optima
488 3505 619 3567 eeclesia
649 3507 706 3567 sibi
735 3507 849 3571 lacerat
877 3510 1048 3569 satanicam

125 3589 303 3669 speluncam
317 3588 474 3649 latronum
487 3589 756 3654 horrendissimum
774 3597 805 3650 et
826 3591 1047 3670 sterquilinium

125 3690 252 3819 prorsus
275 3670 517 3751 inexpurgabile

208 3753 299 3831 Quod
320 3754 346 3816 si
369 3754 500 3817 Romam
521 3773 614 3818 susus
636 3762 684 3819 est
705 3762 768 3824 tem
789 3755 880 3827 foede
903 3776 1048 3852 conspui,
