2348 4162
62 1040 310 1170 Exemplum
364 1047 613 1180 theologiae
662 1051 707 1142 et
759 1045 997 1145 doetrinae·

393 1167 648 1286 papustmae.

447 1352 596 1443 (1523.)

417 1560 626 1576 Μ

142 1684 313 1764 antherus,
346 1687 418 1767 quid
447 1687 508 1749 hoo
530 1687 661 1768 scripto,
697 1702 758 1765 quo
787 1662 998 1747 Pnovineialis

66 1768 222 1830 euiusdam
247 1768 361 1830 ordinis
384 1771 632 1837 Praedicatorum
647 1770 829 1831 concionem
851 1770 882 1828 in
905 1768 986 1829 vela-

65 1855 146 1914 tione
169 1853 295 1934 virginis
320 1853 538 1935 monasterium
551 1853 748 1934 ingredientis
767 1851 901 1914 habitam
914 1851 986 1912 ube-

63 1937 126 1996 rius
142 1935 326 2014 illustravit,
348 1936 471 1998 attinere
499 1937 646 2018 voluerit,
676 1937 846 2016 inseratis
880 1941 987 2014 aperte

64 2018 178 2080 indicat
198 2020 229 2078 in
252 2019 459 2098 praefatione:
499 2020 597 2097 „Oum
621 2021 758 2100 egosim,
780 2019 887 2097 iuquit,
910 2037 987 2078 unus
1063 2040 1079 2066 x

47 2102 105 2164 de
127 2102 303 2183 Antipapis,
325 2104 514 2164 revelatione
530 2102 633 2164 divina
655 2102 694 2165 ad
716 2102 777 2162 hoo
798 2109 937 2174 vocatus,
956 2108 989 2160 ut

69 2185 230 2266 dissipem,
253 2185 379 2265 perdam
403 2193 434 2247 et
460 2184 613 2246 destruam
642 2203 769 2266 regnum
799 2184 873 2244 illud
897 2184 989 2244 male·

68 2269 223 2347 diationis,
246 2268 356 2348 cupide
378 2276 408 2330 et
430 2269 559 2330 libenter
582 2287 620 2330 eo
641 2269 753 2348 fungor
776 2267 888 2346 allicio,
913 2268 990 2326 sieut

68 2352 218 2414 haetenus
239 2351 317 2413 feei:
338 2352 409 2414 ideo
432 2354 526 2414 statui
548 2353 630 2412 hune
648 2369 824 2415 sermonem
847 2369 901 2411 seu
924 2369 991 2429 por-

69 2441 186 2498 tentum
217 2436 320 2515 potlus
347 2437 377 2496 in
404 2435 559 2516 publicum
584 2434 675 2496 edere
702 2439 734 2495 et
763 2436 794 2494 in
823 2433 933 2493 faeiem
955 2434 993 2492 si·
1085 2430 1090 2438 ’

69 2525 149 2580 utere
172 2519 252 2581 ete.“

152 2601 187 2662 ln
222 2600 357 2661 editione
395 2599 474 2682 Opp.
515 2599 602 2663 Luth.
641 2599 761 2660 lenensi
805 2597 910 2678 (Tem.
946 2596 994 2676 ll,

71 2705 100 2766 p.
121 2682 202 2766 593)
228 2687 259 2746 et
280 2685 311 2744 in
334 2682 546 2745 Seukendoriii
569 2683 645 2746 Hist.
663 2680 827 2746 Luth.Lib.
848 2683 859 2740 l
884 2687 911 2754 §.
936 2681 995 2746 160

76 2767 198 2839 (Addit.
221 2765 284 2842 ΙΙΙ)
309 2767 392 2828 huna
413 2766 523 2828 librum
546 2767 731 2846 adscriptum
750 2764 890 2827 videmus
913 2781 995 2824 anno

74 2851 171 2930 1523,
207 2848 238 2909 id
273 2849 355 2928 quod
382 2870 445 2911 uon
480 2849 620 2912 absimile
642 2868 726 2910 vvero
764 2867 833 2909 esse
867 2845 996 2923 videtur,

74 2933 155 3012 quod
185 2931 240 2993 illo
263 2939 402 3013 tempore
424 2933 546 3013 saepius
576 2932 614 2992 de
645 2933 725 2992 votis
747 2930 926 2992 monasticis
948 2949 998 2990 aa·

75 3023 135 3076 tum
159 3022 207 3077 est
243 3016 280 3077 uf.
304 3015 389 3077 Luth.
414 3016 493 3096 app.
517 3015 565 3076 ed.
589 3015 627 3076 de
651 3011 998 3090 wette11,287‚320‚

77 3101 136 3165 365
159 3105 191 3160 et
213 3098 321 3176 eibi),
344 3099 398 3160 sed
422 3105 494 3160 ante
517 3118 629 3159 anuum
655 3100 733 3162 1531
758 3098 839 3178 typis
871 3097 998 3176 impres·

79 3201 144 3243 sum
178 3200 329 3261 nusquam
361 3182 544 3244 invenimus.
588 3180 680 3242 Anno
714 3181 794 3241 enim
828 3179 903 3243 1531
939 3177 1001 3259 hoe

77 3266 221 3346 seriptum
244 3267 326 3346 typis
354 3284 500 3326 excusum
523 3283 592 3325 esse
625 3265 717 3324 refert
738 3263 814 3324 liber
836 3262 889 3321 ille
913 3262 1000 3321 raris-

79 3348 170 3408 simus
194 3367 212 3408 a
233 3347 376 3408 Luthero·
395 3350 464 3427 ipso
486 3347 679 3426 praelatione
709 3353 850 3407 ornatus:
880 3343 1001 3404 (latala-

80 3449 133 3510 gus
156 3433 221 3495 obet
238 3430 368 3509 {limitet
391 3430 458 3493 nitet
480 3429 587 3509 litturae
608 3433 665 3493 unt
689 3429 823 3506 idriittrn
845 3426 888 3489 m.
903 3425 999 3488 ffltnrt.

81 3511 158 3594 tutti.
188 3515 268 3589 turcl)
296 3514 325 3591 in
348 3516 543 3594 autgetailen'
570 3527 634 3576 oum
663 3512 706 3588 iar
728 3507 921 3574 mmxvlil
956 3509 1002 3571 bit

43 3659 47 3665 .
82 3595 126 3672 lut
144 3594 287 3665 XXXIII.
337 3596 400 3660 mitt
427 3597 501 3659 einer
531 3595 683 3674 tortirac.
727 3594 922 3672 ttittemtmq.
965 3589 1002 3653 In

83 3677 156 3755 tine:
173 3673 177 3684 ‘
192 3677 330 3748 metrum
364 3698 397 3761 ru
434 3679 647 3761 mittentur,
685 3681 763 3758 tund)
795 3675 885 3757 ment
904 3673 1004 3754 tulit.
