2348 4162
200 238 264 304 374
399 239 608 295 Conciuuculac
626 238 764 309 quasdam
783 239 818 294 D.
835 239 873 294 ll.
890 238 923 295 L.

201 424 273 486 opp.
296 402 383 466 Luth.
406 403 467 468 len.
489 402 540 480 111,
561 404 623 469 542
645 408 677 464 et
696 402 856 465 Wittemh.
878 354 945 483 vll,
967 404 1041 479 248,
1060 422 1119 483 ger·

201 488 323 548 monice
347 487 379 546 in
414 486 465 548 ed.
487 486 608 552 Walch.
629 485 689 549 Xll
716 508 747 568 p.
770 489 852 553 2373
885 486 972 569 (coll.
994 486 1119 548 Wslchli

201 570 313 634 iutrod.
335 571 367 630 in
388 568 423 635 Τ.
445 569 506 632 XII
527 569 608 652 Opp.
629 570 717 637 Luth.
738 591 769 652 p.
789 568 862 652 22).

149 745 154 752 ’
203 779 512 879 conciunculae
552 782 761 905 quaedam
797 791 841 881 D·
881 782 1013 878 llart.
1051 784 1120 878 Lu·

252 895 372 993 theri
400 894 535 993 amico
565 894 733 992 cuidam
761 897 1079 1017 praescriptae.

609 1073 716 1148 1537.

326 1252 365 1315 D.
387 1253 575 1314 Martinus
596 1252 742 1317 Luthar
761 1253 829 1334 pio
850 1252 1004 1319 lectori.

283 1419 348 1480 Has
380 1419 586 1500 cogitationes
610 1437 711 1497 mess,
746 1437 815 1479 cum
849 1421 1121 1483 resurrexissem

202 1504 329 1563 mortuis
350 1508 382 1563 et
398 1502 522 1563 domum
539 1520 792 1563 reversusessem
813 1502 861 1562 his
884 1501 1005 1583 diebus,
1027 1505 1121 1565 inveni

201 1592 306 1666 raptas
339 1585 396 1647 sub
426 1583 567 1645 incudem
601 1584 785 1665 typographi
808 1592 839 1646 et
860 1585 1021 1665 aliquanta
1042 1596 1121 1668 perte

202 1687 344 1730 excusas.
385 1667 562 1728 Effuderam
585 1675 686 1729 autem
709 1687 764 1728 cae
785 1668 877 1729 amici
887 1669 1049 1731 cuiusdam
1063 1690 1122 1751 gre·

202 1753 247 1813 tia
264 1752 321 1813 sub
344 1751 480 1831 prandiis
501 1757 533 1811 et
554 1752 671 1826 coenis,
692 1770 754 1812 non
776 1758 812 1813 ut
831 1753 862 1812 iu
878 1751 1038 1832 puhlicum
1061 1754 1122 1815 ede

202 1841 321 1915 rentur,
356 1834 412 1895 sed
434 1842 467 1894 ut
487 1834 540 1895 illc
559 1832 698 1912 haberet,
720 1852 781 1912 quo
804 1853 874 1895 sese
895 1845 1060 1898 exerceret
1078 1838 1122 1899 ali·

202 1937 264 1998 quo
286 1917 431 1998 exemplo
453 1915 604 1977 mactandi
625 1917 799 1978 etdoceudi
819 1916 915 1980 verbi.
958 1919 1123 1999 Nunc,etei

202 2020 263 2081 ego
285 2001 395 2060 frustra
416 1999 559 2080 indigner
579 2001 737 2062 etirasoar
759 2019 829 2061 esse
839 2002 871 2061 in
889 1999 1050 2081 publicum
1064 2022 1123 2083 rap·

202 2090 261 2160 tas,
282 2102 381 2163 cogor
403 2084 494 2143 etiam
517 2082 646 2143 eliorum
668 2082 837 2144 amicorum
861 2084 1044 2163 urgentibus
1065 2105 1123 2167 pre

203 2165 289 2226 cibus
311 2164 503 2245 praefatione
525 2184 647 2241 ornare,
670 2184 739 2226 cum
762 2172 865 2227 tamen
887 2167 965 2229 nihil
986 2168 1122 2247 habeam,

203 2250 287 2330 quod
309 2248 411 2309 dicere
432 2249 566 2328 possim,
601 2249 659 2308 nisi
689 2249 772 2328 quod
794 2269 909 2330 negare
930 2270 995 2312 nou
1019 2253 1122 2327 audeo,

204 2353 273 2394 mea
307 2351 377 2393 cese
410 2338 441 2393 et
480 2333 616 2412 cogitata
654 2338 686 2392 et
716 2331 819 2395 verba.
864 2334 979 2394 Verum
1001 2337 1029 2396 si
1049 2338 1122 2397 iusto

203 2424 343 2496 tempore
366 2424 397 2476 et
417 2414 489 2476 loco
512 2415 664 2491 licuisset,
686 2415 796 2476 saltem
818 2416 912 2497 paulo
933 2417 1079 2481 uberiora
1098 2424 1123 2478 et

202 2499 344 2578 pleniora
378 2499 547 2580 potuissem
578 2497 714 2578 vulgare.
759 2497 791 2560 Si
824 2499 934 2578 quibus
956 2501 1052 2580 igitur
1071 2504 1123 2563 ista

202 2583 305 2643 ieiuna
336 2588 368 2642 et
399 2600 500 2660 egena
520 2580 693 2661 fragmenta
714 2581 856 2661 placent,
886 2582 1032 2663 placeant
1055 2603 1123 2647 sane

204 2685 252 2726 me
275 2665 323 2725 vel
344 2665 441 2726 invito
465 2671 497 2726 et
516 2662 621 2724 favere
643 2672 762 2726 coacto.

287 2748 377 2828 Rogo
400 2755 502 2808 tamen
515 2765 570 2827 per
582 2745 734 2807 Christum
751 2746 821 2828 pios
844 2764 931 2808 meos
953 2748 1037 2810 fures
1050 2750 1122 2833 (seio

203 2832 284 2890 enim
307 2829 337 2889 id
365 2849 420 2891 eos
451 2829 554 2890 facere
576 2828 709 2890 candido
732 2838 764 2891 et
784 2831 905 2891 siucero
929 2833 1069 2909 auimo),
1089 2851 1124 2895 ue

202 2912 309 2973 faciles
331 2914 391 2973 siut
414 2912 451 2971 ad
475 2911 627 2973 edendum
650 2930 750 2991 neque
772 2932 822 2973 me
843 2914 914 2974 vivo
936 2934 1041 2995 neque
1052 2935 1123 2977 mor

202 3002 272 3072 tuo,
295 2996 321 3054 ei
344 2995 416 3076 quid
439 2995 488 3056 vel
511 3014 565 3075 per
591 2995 721 3056 iusidias
743 3015 792 3057 me
813 2997 883 3058 rivo
906 2996 997 3058 furati
1021 2999 1124 3060 fuerint

202 3097 338 3138 mearum
361 3078 593 3159 cogitationum,
617 3079 663 3139 vel
678 3098 726 3140 me
740 3085 860 3141 mortuo
882 3078 1049 3143 habuerint
1069 3084 1122 3143 iam

202 3167 296 3221 antea
316 3162 375 3223 eibi
396 3162 677 3223 communicatum·
709 3161 841 3238 Quando
872 3164 955 3224 euim
978 3166 1123 3226 sustinere

202 3263 299 3324 cogor
332 3264 496 3326 personam
526 3244 617 3305 talem
641 3252 833 3322 setectum,
864 3249 1048 3326 praesertim
1076 3247 1122 3310 tali

201 3332 351 3408 tempore,
373 3346 501 3388 necesse
522 3332 571 3387 est
591 3346 641 3388 rue
662 3326 728 3388 dies
750 3335 780 3388 et
802 3335 910 3390 noctes
933 3337 1078 3393 aestuare
1097 3336 1123 3391 et

202 3409 359 3471 abundare
381 3409 619 3491 cogitationibus
642 3410 840 3492 mirabilibus,
863 3430 940 3491 quas
959 3415 1122 3477 memoriae

200 3492 393 3555 imbecillitas
422 3492 577 3576 (infinitae
598 3495 679 3554 euim
702 3492 787 3572 suut)
815 3496 901 3572 cogit
926 3497 958 3557 iu
990 3497 1121 3559 chartam

202 3574 321 3638 duobus
344 3583 397 3637 aut
417 3575 512 3637 tribus
536 3577 636 3637 verbis
666 3579 788 3657 signare
808 3578 906 3647 uelut
933 3578 1012 3641 rude
1033 3581 1121 3641 chaos

201 3657 386 3737 aliquando,
419 3659 443 3717 si
467 3677 545 3737 opus
568 3666 666 3731 esset,
689 3658 894 3725 formandum.
938 3662 1003 3724 Has
1026 3672 1119 3725 autem

200 3739 280 3802 iurto
303 3741 406 3821 aliquo
429 3740 477 3803 vel
499 3740 583 3804 douo
606 3742 724 3804 ablatas
747 3743 840 3806 edere
862 3752 948 3809 certe
969 3746 1081 3829 ingrati
1094 3749 1120 3805 ct
