2348 4162
193 204 276 314 278*
405 236 418 257 ⁶
443 247 485 304 De
503 261 585 304 servo
603 244 823 303 arbitrium.
841 246 872 304 ln

179 416 243 474 est
264 410 357 492 puulo
379 415 467 492 ante,
495 410 578 470 Esau
600 428 675 472 vero
699 410 744 470 sic
766 408 883 491 oderit,
904 414 938 470 ιιι
959 409 1118 490 regionem

195 496 260 556 eius
282 494 435 574 redegerit
456 495 486 555 in
509 493 723 575 solitudinem,
756 492 869 554 deinde
891 512 929 553 ea
951 493 1120 574 pertinacia

109 600 112 607 ¹
195 578 281 639 odiat
301 583 332 638 et
352 583 477 658 pergat,
499 583 549 655 ut,
578 595 647 637 cum
669 575 765 639 Iacob
787 576 944 637 reduxerit
965 575 1004 637 de
1026 576 1120 656 capti·

196 661 290 721 vitate
312 667 344 721 et
364 660 539 737 restituerit,
561 659 737 720 Edomaeos
760 666 862 721 tamen
887 678 949 720 non
972 660 1056 720 sinat
1075 678 1119 720 re

195 744 297 822 etitui,
329 742 401 825 sed,
435 744 526 805 etiarn
545 745 572 802 si
595 743 729 804 dixerint
751 762 820 804 sese
841 742 922 804 velle
944 741 1119 822 aedificare,

195 828 262 909 ipee
285 828 417 888 minetur
438 827 483 887 eis
506 826 755 889 destructionem.
789 826 820 890 si
843 845 905 887 non
926 825 1006 887 baec
1027 825 1122 886 babet

195 916 297 971 textus
319 911 386 990 ipse
409 916 532 990 apertus
562 909 744 990 prophetae,
766 915 874 991 arguat
895 929 945 970 me
966 907 1120 971 mendacii

195 1000 278 1055 totus
300 992 394 1054 orbis.
429 993 499 1054 Non
521 993 614 1074 igitur
635 993 868 1072 reprehenditur
890 992 941 1053 hic
962 993 1121 1053 temeritas

195 1076 438 1152 Edomaeorum‚
478 1076 532 1136 sed
568 1075 620 1157 (ut
652 1075 733 1154 dixi)
768 1074 955 1157 ingratitudo
987 1075 1120 1136 filiorum

195 1157 301 1236 Iacob,
324 1160 375 1238 qui
397 1177 462 1220 non
483 1158 597 1238 vident,
621 1159 693 1239 quid
715 1156 776 1219 illis
799 1159 948 1239 conferet,
970 1165 1002 1219 et
1024 1158 1121 1219 fratri·

196 1242 252 1302 bns
274 1242 338 1302 suis
359 1241 526 1302 Edomaeis
548 1243 682 1321 auferet,
716 1242 801 1303 nulla
829 1261 938 1320 causa,
967 1243 1026 1303 nisi
1049 1242 1122 1321 qnia

198 1325 249 1386 hio
271 1324 346 1403 odit,
369 1324 433 1386 illic
454 1332 545 1388 amat.

278 1406 444 1483 Quomodo
465 1427 547 1469 nunc
568 1407 673 1485 stabit,
702 1407 784 1487 quod
814 1408 965 1488 propheta
985 1405 1026 1468 de
1047 1411 1121 1468 tem-

196 1493 319 1573 porarie
340 1490 506 1553 afflictione
528 1491 694 1570 loquatur?
715 1510 783 1552 cum
802 1491 995 1552 evidentibus
1018 1489 1121 1551 verbis

197 1581 346 1654 testetur,
377 1593 447 1636 eese
470 1575 554 1654 loqui
582 1574 621 1635 de
642 1573 762 1635 duobus
782 1570 920 1655 populis,
957 1593 976 1634 a
1000 1572 1120 1635 duobus

196 1657 376 1739 patriarchis
403 1660 501 1738 natis,
534 1657 620 1717 illum
652 1665 828 1739 susceptum
858 1659 889 1717 in
917 1656 1069 1738 populum
1091 1665 1121 1719 et

196 1748 367 1819 servatum,
399 1740 482 1802 hunc
508 1760 581 1802 vero
610 1740 749 1801 relictum
780 1746 812 1801 et
836 1739 960 1801 tandem
986 1739 1120 1801 destruc·

197 1831 271 1888 turn.
315 1823 478 1905 Suscipere
499 1841 572 1885 vero
601 1825 632 1883 in
657 1824 803 1904 populum
826 1831 857 1884 et
879 1844 942 1885 non
964 1824 1120 1904 succipere

198 1908 228 1968 in
252 1906 419 1988 populum,
453 1926 515 1968 non
538 1909 672 1988 pertinet
698 1906 738 1968 sd
761 1906 945 1987 temporalia
965 1907 1051 1969 bona
1072 1905 1119 1967 vel

196 1990 280 2053 mala
310 1996 446 2066 tantum,
478 1990 533 2051 sed
564 1989 603 2051 ad
637 1992 750 2053 omnia.
792 1990 902 2070 Neque
931 1991 1014 2051 enim
1035 1990 1119 2051 Deus

197 2079 303 2134 noster
319 2079 437 2134 tanturn
460 2073 674 2154 temporalium
696 2074 780 2134 Deus
803 2079 867 2152 est,
895 2073 949 2134 sed
973 2074 1118 2136 omnium.

196 2156 305 2235 Neque
326 2155 378 2217 tibi
391 2157 476 2217 Deus
490 2175 558 2217 esse
580 2163 634 2217 aut
654 2156 713 2217 coli
737 2156 822 2218 volet
843 2155 969 2218 dimidio
993 2157 1118 2219 humero

196 2245 250 2299 aut
280 2238 474 2301 claudicante
507 2239 603 2320 pede,
643 2239 698 2300 sed
730 2241 803 2300 totis
841 2239 957 2301 viribus
992 2244 1119 2319 totoque

197 2321 307 2399 corde,
328 2330 363 2383 ιιι
384 2321 438 2384 tibi
460 2323 499 2383 sit
521 2323 604 2383 Deus
627 2327 689 2383 tam
711 2323 761 2383 bic
783 2343 874 2403 quam
895 2325 927 2383 in
949 2322 1069 2400 futuro,
1090 2327 1119 2383 et

196 2404 227 2468 in
250 2405 390 2466 omnibus
413 2405 519 2486 rebus,
544 2405 680 2486 casibus,
704 2405 892 2486 temporibus
914 2412 945 2467 et
966 2405 1117 2487 operibus.

278 2489 382 2550 Tertia
412 2488 561 2549 industria
594 2496 654 2566 est,
689 2489 773 2568 quod
800 2488 996 2570 tropologico
1028 2508 1117 2550 sensu

196 2590 256 2632 nec
277 2568 518 2653 omnes'gentes
541 2571 640 2652 diligit
667 2591 725 2633 nec
754 2591 861 2633 omnes
884 2571 1020 2634 Iudaeos
1046 2572 1116 2651 odit,

197 2653 250 2714 sed
272 2674 312 2715 ex
333 2662 463 2735 utraque
484 2661 576 2734 gente
598 2656 730 2735 aliquos.
768 2653 836 2716 Hac
857 2655 1036 2736 tropologia
1059 2654 1116 2717 elli·

196 2738 282 2813 citur,
304 2745 336 2797 ut
358 2739 565 2799 testimonium
579 2737 639 2799 boo
662 2737 737 2820 (ait)
759 2738 834 2799 nihil
856 2745 973 2819 pugnet
994 2738 1034 2798 ad
1051 2756 1116 2820 pro·

195 2819 329 2883 bundam
340 2822 566 2902 necessitatem,
588 2822 641 2882 sed
654 2820 692 2882 ad
712 2823 919 2903 arrogantiam
932 2819 1116 2883 Iudaeorum

158 2974 163 2981 ,
195 2903 427 2965 retundendam.
471 2903 538 2965 Hac
571 2905 621 2965 via
653 2904 735 2966 lecte
766 2905 869 2965 evadit
900 2904 1014 2966 deinde
1047 2904 1116 2965 illuc

197 2984 335 3066 diatribe,
358 2993 392 3047 ut
413 2986 547 3047 nondum
570 2996 660 3048 natos
683 2988 786 3049 odisse
799 2988 881 3048 Deus
897 2986 1027 3064 dicatur,
1049 2989 1117 3068 quia

195 3070 330 3149 praescit
349 3068 420 3130 illos
442 3079 584 3148 gesturos
607 3071 678 3131 odio
701 3071 804 3151 digna,
826 3073 871 3131 sio
892 3070 997 3132 odium
1016 3072 1074 3132 Dei
1088 3075 1117 3132 et

196 3169 285 3212 amor
306 3152 381 3213 nihil
404 3152 499 3214 officit
521 3153 652 3214 libertati
674 3154 798 3215 arbitrii.
834 3154 973 3215 Tandem
996 3154 1116 3216 conclu·

196 3234 242 3296 dit
263 3234 393 3296 ludaeos
425 3238 535 3296 merito
570 3236 791 3300 incredulitatis
823 3238 947 3298 excisos
976 3236 1017 3299 de
1038 3237 1114 3315 olea,

196 3326 304 3399 gentes
327 3319 435 3379 merito
462 3319 535 3380 fidei
564 3321 709 3401 insertas,
742 3320 836 3399 idque
869 3326 979 3382 autore
1011 3320 1115 3401 Paulo,

195 3419 344 3482 spemque
375 3402 448 3464 lecit
474 3403 585 3464 excisis
619 3422 721 3464 rursus
753 3404 923 3483 inserendi,
958 3410 990 3464 et
1018 3405 1115 3465 insitis

195 3491 320 3565 metum,
342 3504 383 3546 ne
404 3485 593 3548 excidentur.

278 3568 401 3648 Moriar,
423 3569 449 3628 si
467 3568 595 3631 dietribe
612 3569 845 3651 ipsaintelligit,
868 3568 940 3649 quid
962 3568 1114 3650 loquatur.

197 3647 259 3711 Sed
283 3657 330 3710 eet
352 3651 429 3712 torte
453 3659 482 3712 et
503 3651 554 3712 hic
574 3652 759 3714 rhetoricum
782 3652 923 3732 schema,
957 3651 1043 3735 quod
1064 3651 1113 3713 dc

195 3738 245 3793 cet
277 3753 400 3795 sensum
423 3734 604 3818 obscurare,
627 3737 652 3797 ei
675 3755 735 3817 qua
755 3735 924 3819 periculum
944 3736 1056 3815 instet,
1077 3753 1113 3797 ne
