2348 4162
427 262 470 303 :-
522 244 691 310 11532..
745 304 748 309 .
988 242 1049 312 521
1134 238 1139 245 ’

127 416 294 479 dommodo
328 415 455 484 luemus,
499 415 559 478 Sed
593 416 665 497 quid
688 421 791 498 potest
812 415 877 478 fleri
899 413 1050 497 amplius?

127 496 212 564 Satis
229 520 333 560 sumus
346 498 506 572 admoniti,
528 502 602 563 salis
624 499 713 561 nobis
735 499 936 581 praediolum,
950 501 1050 580 serip-

126 590 201 657 tum,
223 584 337 663 piotum
361 589 392 643 et
412 588 567 644 cantatum
591 592 648 664 est,
669 582 742 664 quid
763 583 937 644 laciendum
959 585 999 644 sit
1021 587 1049 643 et

127 665 199 746 qnid
234 668 274 727 sit
294 666 505 731 omittendum.
548 667 629 727 Nihil
660 668 752 746 igitur
787 667 868 726 aliud
902 666 1049 745 reliquum

126 749 243 831 est-(si
265 749 387 829 quidem
412 751 537 811 omnino
559 752 603 810 ita
624 749 689 811 fleri
708 767 836 811 neeesse
858 755 936 828 est),
959 768 1050 829 quam

128 839 162 893 ut
183 833 267 895 Deus
303 834 414 912 eripiat
448 853 534 894 suum
557 833 635 894 Loth
674 839 705 893 st·
725 835 806 895 sinat
827 831 996 897 Sodomam
1021 837 1051 897 et

128 916 314 978 Gomorram
351 936 387 976 ea
421 918 570 996 experiri,
598 935 676 996 quae
696 918 757 978 iam
782 935 850 977 oum
873 915 1050 996 praedioru-

129 1007 179 1060 tur
200 1018 300 1078 neque
321 999 446 1060 eredere
468 1019 568 1079 neque
590 999 695 1060 audire
718 1000 835 1061 volunt.
877 998 943 1059 Nos
965 999 1050 1060 mini-

126 1083 183 1145 stri
206 1081 289 1145 verbi
326 1101 429 1142 sumus
460 1084 610 1144 excusati.
654 1083 699 1144 sir
721 1083 959 1162 uniusorriusque
980 1101 1049 1144 sau·

125 1167 195 1245 guis
210 1163 241 1245 ¹.)
268 1184 360 1246 super
382 1173 475 1246 eaput
496 1185 601 1246 suum;
635 1166 818 1227 commendo
844 1173 947 1229 autern
969 1165 1051 1226 buno

126 1247 264 1312 libellum
287 1248 429 1310 omnibus
452 1249 510 1328 piis
534 1250 725 1329 Christianis,
748 1258 779 1311 ut
801 1270 868 1311 eum
889 1249 1051 1331 diligenter

128 1332 242 1395 leant.

158 1352 178 1412 g
210 1415 295 1475 Deua
328 1416 446 1496 gratiae
478 1415 658 1477 misereatur
689 1416 785 1476 nostri
821 1416 851 1475 in
876 1415 997 1479 Christo
1020 1423 1050 1477 et

127 1517 190 1561 non
212 1497 307 1561 faeiat
326 1498 415 1560 nobis
438 1497 607 1560 seeundum
630 1500 739 1560 merita
760 1506 875 1560 nostre.
898 1498 1007 1562 Amen.

511 1746 550 1809 A.
565 1702 665 1812 '1532

127 1910 186 1995 14)
211 1912 248 1975 Ι).
271 1912 311 1973 Μ.
333 1908 491 1979 Luthori
513 1909 751 1995 praelati02)
768 1912 804 1972 in
825 1911 1049 1973 Instilllenii

124 1996 415 2064 enarrationem
440 1994 533 2055 libri
555 1995 583 2061 1.
606 1994 810 2073 Samuelis,
834 1994 1047 2074 quaea1532

126 2078 184 2139 sub
206 2078 265 2139 bae
288 2078 486 2158 inscriptione
509 2080 589 2160 typis
602 2080 751 2160 impressa
774 2085 837 2140 est:
965 2138 968 2143 ,

129 2160 163 2222 ln
187 2160 340 2225 Samuelis
373 2160 480 2223 librum
508 2163 640 2243 priorem
663 2163 814 2224 enarratio
837 2159 923 2224 lusto
946 2160 1048 2222 blenio

125 2251 234 2308 autore
250 2263 335 2307 -oum
364 2245 555 2324 praefatione
577 2247 613 2309 l).
636 2246 722 2311 blart.
745 2245 876 2307 Lutheri.
921 2244 1047 2305 Witten-

125 2327 240 2408 bergas
263 2328 355 2407 1532,
377 2330 407 2393 8.
440 2329 495 2404 (ol.
519 2329 651 2390 Welohli
673 2329 783 2476 ifptrod.
806 2330 837 2390 iu
859 2326 939 2407 Opp.
961 2325 1047 2391 Luth.

207 2572 354 2649 Quamvis
397 2574 518 2636 libellus
566 2576 820 2638 hiemerebatur
859 2573 982 2655 prodire
1017 2576 1047 2635 in

124 2656 280 2737 publiouur
304 2657 419 2739 absque
442 2657 732 2738 praelationemea,
755 2660 829 2719 satis
851 2657 943 2739 digne
966 2676 1047 2719 oom-

124 2740 287 2802 mendetus
320 2748 382 2802 turn
420 2743 533 2802 autoris
556 2743 603 2803 sui
625 2744 765 2821 nomine,
798 2749 860 2802 tum
894 2742 995 2820 operis
1018 2748 1048 2802 et

124 2842 226 2884 rerum
250 2824 413 2904 dignitate,
447 2832 550 2886 tamen
583 2824 784 2906 typographis
805 2843 872 2886 mos
894 2823 1047 2906 gerendus

123 2905 181 2967 luit
221 2913 252 2968 et
283 2909 356 2968 rino
378 2926 434 2988 per
447 2926 495 2968 -se
518 2908 592 2970 satis
614 2908 758 2973 vendibili
780 2907 862 2970 haeo'
879 2927 975 2989 parve
996 2907 1049 2968 he-

196 3174 228 3240 1)
248 3175 280 3229 In
302 3173 347 3229 sd.
367 3174 451 3245 orig.:
480 3172 632 3244 sanguinis.
669 3174 702 3241 2)
720 3174 778 3230 Nos
800 3177 904 3229 textum
928 3170 1048 3227 reddidi·

123 3261 185 3301 mus
203 3245 367 3303 seeundum:
387 3245 611 3316 Supplementum
632 3245 684 3314 Epi
700 3244 817 3311 tplarum
828 3246 910 3301 blart.
927 3243 1047 3311 Lutheri,

125 3316 271 3374 oontinsns
296 3317 429 3386 epistolas
448 3318 537 3374 GGLX
564 3261 818 3392 partimdaotenus
836 3316 964 3382 ineditas,
984 3331 1047 3385 par-

122 3389 172 3446 tim
192 3388 282 3453 editas
302 3389 423 3459 quidem,
443 3389 493 3446 sed
512 3388 576 3445 hino
594 3388 659 3444 inde
676 3388 831 3458 dispersas,
851 3393 880 3443 et
897 3387 923 3442 in
943 3387 1047 3455 Tomis,

122 3476 194 3532 quos
226 3460 267 3516 Io.
288 3460 437 3517 Aurifabor
463 3460 562 3530 edidit,
593 3478 648 3516 non
668 3467 822 3531 exstantes,
853 3474 927 3514 nuno
955 3467 1047 3516 autern

121 3533 264 3601 collaudas,
280 3532 324 3588 sd.
347 3532 382 3587 ab
402 3533 438 3589 Io.
459 3532 557 3589 Frano.
576 3532 702 3588 Buddeo.
731 3533 821 3587 Halae
839 3534 918 3589 1703.
937 3536 965 3600 p.
986 3532 1047 3588 318.

121 3603 287 3660 Germanice
305 3603 377 3661 haee
395 3603 535 3674 praelatio
553 3605 678 3660 redditur
696 3603 865 3670 awalohio,
884 3604 963 3659 Torn.
984 3603 1048 3659 XlV

120 3675 207 3806 Oprpb
222 3674 303 3733 Lutb.
321 3692 351 3745 p.
372 3678 424 3734 174
452 3682 482 3733 et
507 3681 537 3732 tn
568 3677 612 3733 od.
641 3676 712 3746 Opp.
736 3675 916 3745 Luth..Lips.
942 3675 975 3730 T.
994 3675 1047 3731 XII
