2348 4162
196 251 258 317 146
439 251 482 309 Da
500 267 582 308 sarvo
601 250 715 307 arbitrio
733 251 768 307 D.
785 251 821 308 ll.
839 251 870 309 L
912 279 915 285 ·

277 419 346 481 Huc
367 421 459 502 igitur
480 426 533 481 tua
559 423 690 501 pertinet
724 441 838 504 gnome
872 423 947 483 satis
979 420 1119 502 pulchra,

197 503 320 565 morbos
343 504 494 585 quosdam
516 506 635 565 minore
657 506 738 567 malo
762 506 902 582 tolerari,
925 525 1017 584 quam
1039 504 1118 583 tolli,

193 594 309 668 quatu
331 607 393 649 non
417 586 510 650 uteris
534 590 688 668 apposite,
719 588 844 650 morbos
866 587 1043 650 tolerabiles
1066 588 1120 648 mi-

196 691 271 732 nore
292 671 375 732 malo
391 669 485 732 dicito
508 671 653 732 tumultus
674 674 761 750 istos,
780 678 892 753 motus,
915 670 1115 750 turbationes,

196 753 373 833 seditiones,
395 762 505 834 sectas,
529 754 713 835 discordias,
735 755 836 835 bella,
858 763 889 816 et
912 756 938 815 si
960 773 1022 835 qua
1043 753 1120 815 talla

195 845 280 917 sunt,
313 837 421 917 quibus
444 845 570 918 propter
602 838 727 900 verbum
751 839 806 899 Dei
840 845 923 899 totus
946 838 1121 899 concutitur

195 927 226 982 et
241 920 392 982 colliditur
409 920 502 986 orbis.
536 921 778 1003 Haec,inqusm,
802 923 920 983 minore
943 921 1118 1000 malacum

195 1005 256 1065 sint
278 1005 480 1085 temporalia,
502 1004 692 1086 tolerantur,
723 1024 814 1085 quam
837 1012 958 1066 vetares
993 1009 1025 1065 et
1045 1003 1119 1064 mali

195 1106 297 1148 mores
308 1135 317 1168 ,
351 1087 461 1167 quibus
493 1106 620 1148 necesse
657 1096 705 1149 est
727 1107 835 1150 omnes
867 1088 1119 1168 animassperire,

194 1172 251 1230 nisi
288 1169 384 1231 verbo
407 1171 464 1231 Dei
494 1176 703 1249 mutarentur,
738 1190 799 1252 quo
834 1170 956 1233 sublato
991 1177 1119 1232 aeterna

194 1253 286 1332 bona,
308 1255 402 1333 Deus,
424 1253 577 1333 Christus,
600 1254 728 1334 Spiritus
761 1254 950 1319 tollerentur.
992 1252 1119 1329 Quanto

195 1356 268 1398 vero
290 1343 427 1417 praestat
448 1336 594 1397 mundum
616 1339 756 1398 amittere
767 1385 776 1418 ,
799 1357 891 1417 quam
906 1338 1011 1431 psum
1034 1355 1120 1398 orea-

194 1426 292 1481 torem
315 1419 431 1502 mundi,
453 1421 504 1500 qui
525 1421 764 1483 innumerabiles
786 1421 917 1482 mundos
939 1439 1045 1481 creare
1066 1419 1120 1481 da·

194 1523 255 1564 nuo
279 1511 401 1584 potest,
424 1510 455 1565 et
475 1503 603 1565 infinitis
635 1504 756 1565 mundis
792 1504 901 1565 melior
932 1502 1001 1565 est?
1029 1502 1121 1579 Quae

194 1589 275 1648 enirn
309 1588 499 1668 comparatio
533 1588 747 1668 temporalium
780 1587 819 1648 ad
849 1585 1001 1648 aeterna?
1031 1586 1119 1648 Haec

193 1671 286 1750 igitur
307 1671 505 1751 leprapotins
517 1677 565 1732 est
585 1671 711 1732 ferenda
723 1671 936 1752 temporalium
954 1669 1119 1752 malorum,

194 1773 285 1833 quam
307 1760 341 1815 ut
362 1753 519 1815 trucidatis
532 1753 674 1815 omnibus
688 1754 847 1816 animabus
861 1754 1120 1834 aeternaliterque

194 1837 346 1898 damnatis
361 1837 491 1897 mundus
503 1837 542 1899 ab
564 1837 610 1897 his
623 1837 812 1916 tumultibus,
832 1838 953 1899 illarum
966 1838 1120 1918 sanguina

194 1927 225 1980 et
240 1920 421 2000 perditione,
443 1927 604 2000 pacaretur
614 1928 646 1982 et
666 1927 834 2000 curaretur,
856 1940 924 1982 cum
937 1940 999 1982 una
1014 1921 1120 1983 anima

193 2005 287 2064 totius
310 2003 414 2063 mundi
436 2005 536 2083 pretio
559 2003 666 2065 redimi
694 2011 837 2085 nequeat.
889 2003 991 2065 Bellas
1020 2002 1118 2065 habas

194 2092 224 2146 et
245 2087 387 2167 egregias
420 2086 634 2148 similitudines
667 2094 698 2149 et
730 2107 882 2169 gnomas,
916 2086 971 2148 sed
993 2091 1063 2149 curn
1086 2088 1117 2148 in

192 2167 282 2229 rebus
305 2169 400 2230 sacris
422 2173 498 2251 agis,
522 2171 692 2253 pueriliter,
714 2173 777 2232 imo
799 2188 944 2252 perverse
965 2170 1119 2251 applicas,

192 2251 275 2312 humi
297 2255 378 2313 enim
401 2260 514 2334 reptas,
538 2259 569 2314 et
584 2253 660 2314 nihil
681 2273 774 2336 super
804 2255 970 2316 humanum
993 2261 1117 2335 captum

192 2337 320 2416 cogitas.
361 2336 431 2397 Non
455 2339 534 2397 enim
558 2337 713 2417 puerilia,
747 2357 848 2418 neque
870 2337 972 2398 civilia
994 2336 1044 2398 vel
1065 2336 1119 2397 bu·

192 2438 283 2479 mana
306 2426 390 2501 sunt,
414 2439 494 2500 quae
516 2421 599 2481 Deus
622 2427 782 2502 operatur,
813 2421 866 2483 sed
889 2421 1009 2501 divina,
1038 2438 1118 2501 quaa

191 2510 313 2584 captum
336 2503 502 2564 humanum
526 2504 689 2568 excedunt.
731 2504 824 2566 Velut
845 2504 901 2566 hos
917 2504 1065 2565 tumultus
1088 2510 1119 2564 et

191 2595 290 2648 sectas
313 2607 375 2648 non
399 2586 483 2647 vides
506 2586 610 2648 divino
633 2588 761 2650 consilio
785 2594 816 2649 et
837 2606 932 2668 opere
952 2606 1009 2668 per
1031 2606 1117 2648 mun·

191 2670 262 2730 dum
285 2671 428 2751 grassari,
450 2676 483 2731 et
504 2672 625 2752 metuis,
638 2691 678 2732 ne
701 2671 823 2732 coelum
844 2677 931 2750 ruat,
952 2689 1013 2751 ego
1029 2689 1115 2752 vero,

190 2753 260 2814 Deo
283 2754 392 2834 gratia,
413 2753 493 2815 bene
516 2753 626 2838 video,
658 2755 730 2834 quia
753 2755 831 2815 alios
864 2755 996 2815 maiores
1018 2755 1051 2815 in
1072 2754 1116 2816 fu·

191 2843 258 2897 turo
282 2836 388 2897 seculo
411 2837 517 2917 video,
539 2856 668 2917 quorum
691 2839 923 2918 comparatione
956 2834 1009 2899 isti
1031 2836 1117 2899 velut

189 2920 289 2980 tenuis
310 2938 404 2981 aurae
426 2919 531 2981 sibilus
564 2940 633 2982 esse
656 2921 799 2983 videntur
835 2926 889 2982 aut
913 2920 991 2981 lenis
1016 2939 1116 3001 aquae

190 3022 341 3068 susurrus.

272 3091 315 3147 At
343 3086 458 3167 dogma
491 3086 529 3147 de
552 3087 753 3148 confessionis
783 3093 815 3148 et
840 3085 1060 3149 satisfactionis
1082 3087 1115 3149 li·

188 3169 307 3232 bertate
328 3170 378 3231 vel
399 3189 496 3252 negas
518 3171 568 3231 rel
589 3171 691 3234 nescis
714 3190 782 3232 esse
803 3169 930 3231 verbum
952 3170 1020 3232 Dei.

271 3255 358 3316 Haec
379 3253 440 3315 alia
474 3255 612 3334 quaestio
635 3260 702 3333 est,
739 3272 797 3315 nos
820 3261 922 3315 tamen
946 3255 1061 3316 scimus
1084 3260 1116 3316 et

190 3339 264 3400 certi
286 3357 407 3415 sumus,
432 3356 500 3399 esse
527 3336 652 3399 verbum
677 3338 759 3418 Dei,
789 3355 850 3417 quo
883 3336 1008 3399 libertas
1031 3337 1115 3399 chri·

189 3424 288 3484 stiana
310 3422 463 3501 asseritur,
486 3440 525 3482 ne
547 3421 762 3483 traditionibus
784 3420 924 3482 humanis
941 3420 1113 3502 etleglbus

188 3508 323 3567 sinamus
354 3523 412 3567 nos
434 3504 594 3586 illaqueari
621 3507 651 3565 in
681 3506 867 3567 servitutem.
922 3502 1015 3579 Quod
1037 3504 1113 3566 alias

188 3589 310 3651 abunde
331 3588 512 3667 docuimus,
534 3595 580 3667 et,
602 3590 628 3648 si
651 3588 739 3649 voles
762 3588 914 3669 experiri,
943 3589 1044 3669 parati
1066 3607 1113 3649 su·

189 3695 255 3735 mus
278 3681 309 3736 et
340 3673 394 3734 tibi
416 3672 529 3743 {dicere
557 3672 604 3732 vel
633 3690 796 3733 conserere
825 3691 956 3752 manus,
989 3677 1112 3734 exstant

187 3759 284 3820 nostri
305 3756 400 3820 libelli
422 3755 581 3835 superbis
604 3754 695 3816 rebus
717 3773 780 3816 non
801 3756 900 3835 pauci.
