2348 4162
121 273 186 340 360
366 273 411 330 De
429 288 512 330 serso
529 272 645 330 arbitrio
662 273 697 330 D.
708 272 752 330 dl.
767 273 800 329 t.

208 444 271 506 lam
295 442 385 507 illud.
409 444 459 505 ubi
483 444 620 506 cbristus
641 442 750 507 Iohsn.
772 441 794 510 6
820 441 911 504 dioit:
949 442 1043 504 Nemo

126 529 209 587 venit
230 527 269 589 ad
292 536 351 603 me,
372 528 430 587 nisi
446 527 536 588 Pater
557 547 643 588 meus
666 528 793 588 traxerit
814 546 899 603 eum,
919 525 991 606 quid
1002 545 1042 586 re-

1 641 3 647 ι
123 611 232 689 linquit
259 610 356 671 libero
391 610 537 671 arbitrio?
581 612 661 670 Dicit
694 612 775 670 enim
798 628 878 689 opus
901 629 988 689 esse,
1015 617 1045 669 nt

124 697 193 772 quis
209 694 313 754 audiat
333 701 364 753 et
376 693 475 753 diseat
495 695 534 754 ab
551 696 623 774 ipso
637 693 737 771 Patre,
758 700 821 753 turn
837 711 1045 773 omnesopor·

124 786 188 836 tere
210 777 310 837 aDeo
333 776 444 838 doctos
461 796 539 839 esse.
585 777 641 836 Hie
663 796 739 837 sane
760 795 823 837 non
836 775 940 837 solum
955 794 1045 856 opera

124 866 155 920 et
176 860 277 920 studia
299 860 383 919 liberi
406 858 521 921 arbitrii
543 859 635 919 dooet
652 859 848 935 esseinauia‚
870 858 927 919 sed
949 860 1044 939 ipsum

125 943 217 1002 etiam
249 943 374 1003 verbum
398 943 558 1022 Evangelii
590 942 647 1018 (de
680 961 742 1022 quo
772 943 874 1020 agitur
894 959 935 1002 eo
958 940 1043 1022 loeo)

123 1026 234 1086 trustra
255 1025 362 1101 audiri,
385 1027 442 1086 nisi
465 1028 545 1087 intus
569 1026 720 1106 loquatur,
743 1025 865 1101 doceat,
887 1024 990 1085 trahat
1006 1028 1045 1104 ip

92 1176 95 1181 ,
123 1120 221 1168 semet
243 1108 342 1181 Pater,
365 1128 455 1169 nemo
478 1117 591 1188 potest,
613 1127 704 1169 nemo
726 1115 829 1187 potest
851 1105 985 1188 (inquit)
1000 1127 1044 1168 ve

124 1194 198 1269 nire,
221 1193 267 1250 vis
289 1192 407 1251 seilicet
427 1192 497 1269 illa,
533 1210 593 1270 qua
624 1193 722 1272 possit
743 1191 837 1251 homo
860 1190 977 1269 aliquid
1000 1208 1045 1250 eo·

124 1275 189 1334 nari
212 1273 250 1335 ad
273 1274 440 1350 Christum,
463 1275 494 1334 id
518 1283 581 1352 est,
604 1274 643 1334 ad
666 1294 714 1348 ea,
735 1292 815 1354 quae
838 1280 911 1334 sunt
932 1274 1044 1352 salutis,

125 1356 209 1417 nulla
240 1377 310 1417 esse
336 1359 489 1419 asseritur.
532 1357 598 1418 Neo
631 1357 759 1437 prodest
791 1355 889 1417 libero
912 1357 1043 1433 arbitrio,

124 1440 207 1519 quod
232 1440 360 1501 diatribe
382 1460 421 1500 ex
435 1442 607 1520 Augustino
629 1439 717 1501 affert
739 1440 776 1500 ad
797 1440 1043 1500 calumniandum

125 1523 323 1583 clarissimum
346 1524 428 1583 hune
449 1531 480 1583 et
502 1524 747 1604 potentissimum
770 1523 890 1602 locum,
921 1522 1043 1599 solimet,

124 1606 207 1686 quod
230 1606 316 1668 Deus
338 1607 447 1685 trahat,
469 1606 726 1685 quemadmodum
750 1625 840 1666 ovem
862 1612 1043 1666 ostensore·

126 1708 177 1750 mo
199 1690 354 1752 trahimus.
397 1689 463 1748 Hae
496 1689 693 1749 similitudine
723 1690 788 1749 vult
809 1688 953 1768 probari,
989 1689 1043 1748 vim

125 1773 227 1833 inesse
250 1773 338 1834 nobis
350 1771 499 1851 sequendi
522 1780 651 1833 trsotum
675 1772 741 1833 Dei.
785 1771 846 1832 sed
869 1771 946 1833 nihil
969 1771 1044 1831 valet

125 1856 203 1916 haee
223 1855 390 1916 similitudo
412 1856 581 1931 hocloco,
615 1857 688 1935 quie
711 1856 792 1915 Deus
828 1855 968 1916 ostendit
988 1873 1043 1915 non

125 1938 224 2000 solum
248 1959 351 2018 unum,
374 1939 427 1998 sed
448 1940 553 1999 omnia
574 1938 733 2015 bonasus,
754 1944 818 1999 tum
830 1939 934 2018 ipsum
958 1939 1043 1998 ειίιιιιι

124 2021 276 2082 Christum
300 2021 422 2098 Filium,
456 2041 515 2082 neo
535 2029 637 2082 tamen
672 2021 752 2082 ullus
783 2021 878 2082 homo
902 2023 1043 2102 sequitur,

125 2106 183 2164 nisi
204 2107 285 2166 intus
306 2103 400 2166 Pater
421 2105 502 2165 uliud
525 2105 670 2166 ostendat
692 2111 722 2164 et
743 2103 833 2165 aliter
852 2105 966 2185 trahit,
987 2106 1042 2165 imo

124 2194 206 2249 totus
245 2188 374 2248 mundus
406 2190 597 2268 persequitur
618 2188 743 2264 Filium,
778 2207 867 2267 quens
904 2187 1042 2249 ostendit

126 2271 173 2331 Ad
196 2272 264 2352 pios
288 2271 368 2332 helle
390 2270 520 2350 quadrat
548 2291 585 2332 ea
607 2270 791 2351 similitudo,
822 2272 872 2351 qui
894 2273 959 2332 iam
981 2278 1042 2332 sunl

125 2374 200 2415 oves
223 2363 253 2415 et
276 2363 469 2436 cognoscunt
491 2363 646 2435 pastorem
670 2354 782 2431 Deum,
810 2354 840 2414 hi
862 2356 971 2435 spiritu
1006 2353 1042 2413 si·

126 2447 232 2498 ventes
268 2447 299 2498 et
331 2440 405 2499 moti
439 2446 622 2517 sequuntur,
656 2456 928 2517 quorsumcunque
968 2438 1041 2498 Deus

125 2522 255 2582 voluerit
296 2530 326 2582 et
359 2521 501 2600 quioquid
532 2520 709 2582 ostenderit.
752 2522 866 2601 Impius
889 2540 964 2583 vero
989 2539 1040 2580 non

125 2608 224 2677 venit,
247 2607 338 2667 etiam
362 2604 466 2664 audito
490 2604 601 2677 verbo,
619 2605 676 2664 nisi
697 2606 779 2664 intus
801 2603 902 2665 trahat
923 2604 1040 2666 doceat

124 2707 183 2768 que
206 2689 305 2766 Pater,
328 2687 411 2768 quod
433 2688 507 2749 facit
529 2688 687 2768 largiendo
709 2688 857 2767 spiritum.
902 2688 948 2748 lbi
971 2687 1040 2748 alius

125 2780 238 2832 tractus
261 2779 308 2830 est
329 2790 420 2850 quam
443 2774 478 2852 is,
502 2773 553 2850 qui
578 2772 649 2832 foris
664 2770 707 2848 fit,
730 2772 771 2830 ibi
784 2770 958 2832 ostenditur
968 2769 1040 2833 Chri·

124 2862 188 2914 stus
211 2875 265 2934 per
287 2854 541 2916 illuminationem
565 2857 703 2934 spiritus,
734 2873 792 2933 qua
815 2854 934 2933 rapitur
956 2856 1040 2915 homo

125 2936 162 2998 ad
186 2937 338 2998 Christum
363 2937 539 2998 dulcissimo
563 2943 660 3017 rapto,
683 2945 715 2997 et
737 2939 850 3017 patitur
872 2937 1040 3017 loquentem

124 3019 282 3080 doetorem
318 3030 348 3079 et
370 3021 539 3081 trahentem
563 3022 660 3081 Deum
700 3023 819 3100 potius,
854 3038 948 3099 quarn
983 3022 1041 3101 ipse

127 3110 254 3180 quaerat
275 3111 305 3163 et
327 3111 436 3167 currat.

206 3183 308 3248 Unum
328 3187 429 3246 adhuo
447 3206 487 3247 ex
498 3186 635 3247 Iohanne
647 3186 819 3262 afferamus,
843 3185 894 3246 ubi
918 3186 994 3266 Gap.
1012 3186 1040 3247 16

124 3267 211 3329 dicit:
236 3269 364 3349 Spiritus
387 3278 495 3349 arguet
517 3269 661 3329 mundum
685 3268 723 3329 de
736 3276 877 3350 peceato,
901 3271 1040 3348 quianon

124 3352 319 3413 erediderunt
341 3355 369 3411 in
394 3372 451 3415 me.
634 3364 638 3371 '

206 3436 263 3496 Hie
286 3435 370 3496 vides
392 3442 553 3515 peccatum
578 3454 647 3495 esse
677 3454 737 3494 non
762 3433 889 3495 eredere
911 3436 942 3494 in
966 3433 1041 3495 Chri·

124 3522 213 3582 stum.
240 3521 280 3579 At
303 3519 364 3579 hoo
385 3526 544 3599 peecatum
569 3537 630 3577 non
654 3519 759 3600 utique
781 3518 810 3576 in
834 3523 906 3579 oute
928 3517 978 3578 vel
1000 3536 1040 3577 os·

123 3601 203 3681 pillis
226 3602 341 3680 haeret,
365 3601 418 3661 sed
441 3603 470 3661 in
493 3602 562 3682 ipsa
583 3601 702 3662 ratione
725 3607 756 3661 et
778 3600 950 3662 voluntate.
973 3600 1039 3661 Gon

123 3692 224 3744 autem
249 3692 344 3744 totum
375 3686 519 3746 mundum
548 3703 633 3744 reum
656 3684 748 3744 laoiat
770 3684 831 3744 hoo
854 3691 996 3764 peceato,
1017 3686 1040 3741 et

123 3768 312 3849 experientia
334 3776 440 3829 notum
464 3771 518 3847 sit,
550 3774 710 3849 peceatum
733 3767 794 3828 hoo
817 3767 933 3831 mundo
955 3768 1039 3829 luisse
