2348 4162
195 250 256 316 130
436 249 480 305 De
495 264 577 305 servo
594 248 711 304 arbitrio
728 248 763 304 D.
781 248 816 306 u.
834 249 866 305 L.

193 428 241 483 est
262 440 425 501 quaerere,
448 428 547 483 utrum
570 428 714 501 suppetat
736 425 822 482 tanta
844 418 995 498 eruditio,
1027 423 1115 479 tanta

193 505 347 585 faouudia,
370 512 456 565 tanta
477 507 523 566 vis
546 506 671 586 ingenii.
701 506 765 565 Aut
787 506 811 563 si
825 506 891 584 quis
904 500 1014 563 uberes
1036 501 1115 562 iruo¹

194 596 241 648 tus
264 608 305 648 ex
326 606 401 669 agro
422 591 460 648 sit
481 598 658 668 recepturus
670 635 679 669 ,
702 607 765 648 non
787 589 828 648 sit
848 588 986 648 curiosus
1010 603 1115 665 super·

193 690 332 732 vaoanea
356 691 430 731 eura
453 671 635 751 explorandi
655 671 769 750 ingenii
793 678 917 750 terrae,
944 670 1022 729 siout
1050 667 1116 727 Vir·

194 754 284 834 giliue
305 755 336 814 in
360 753 521 834 Georgicis
544 755 665 815 undose
687 760 718 814 et
739 753 849 815 frustra
870 752 973 831 dooet,
996 752 1049 811 sed
1074 750 1117 813 fe·

194 844 277 898 ratur
298 846 423 914 temere,
445 838 519 897 nilrii
534 838 592 897 nisi
616 855 693 917 opus
718 838 842 916 cogitet,
865 844 930 897 aret
952 836 1045 911 littus,
1068 853 1116 895 se·

195 922 277 980 mina
299 921 435 998 mandet,
458 939 581 1000 quaqua
602 927 695 1001 patet,
719 921 785 980 sive
801 939 905 996 arena,
927 920 994 979 sive
1016 917 1117 979 limus.

168 1042 171 1046 »
194 1004 256 1063 Aut
278 1004 303 1063 si
325 1005 393 1083 quis
411 1004 523 1063 bellum
546 1010 687 1083 gesturus
709 1003 868 1063 vietoriam
884 1000 1044 1083 pulchram
1067 1018 1119 1081 pe·

195 1094 257 1162 tat,
281 1087 329 1145 vel
352 1085 434 1146 aliud
457 1086 613 1166 quidpiam
637 1085 771 1146 otiioium
800 1087 831 1146 in
852 1083 1012 1164 republica
1031 1102 1119 1164 prae·

195 1177 276 1229 stare
298 1167 398 1247 debet,
419 1188 480 1229 non
504 1172 543 1229 sit
564 1170 702 1231 curiosus
724 1167 939 1242 eonsultando‚
962 1167 1035 1248 quid
1048 1184 1119 1248 pos·

195 1253 243 1330 sit,
267 1270 304 1311 an
327 1253 476 1312 aerarium
499 1251 647 1329 sulffeiot,
671 1272 710 1312 an
734 1252 845 1312 milites
882 1252 945 1331 apti
968 1252 1051 1329 sint,
1078 1269 1117 1312 an

196 1336 286 1414 eopia
308 1334 380 1395 laeti
403 1335 465 1395 ulla
489 1335 536 1413 sit,
559 1354 746 1415 prorsusque
768 1340 946 1395 oontsmnat
971 1331 1048 1396 illud
1068 1333 1120 1395 Hi·

196 1418 316 1478 storiei:
340 1420 512 1496 Antequam
534 1418 640 1496 facias,
663 1417 818 1496 consulto,
844 1417 895 1478 ubi
918 1416 1119 1499 consulueris,

197 1508 313 1560 mature
335 1500 416 1562 fanto
440 1520 518 1582 opus
541 1510 602 1579 est,
625 1499 679 1561 sed
702 1503 797 1561 irruat
825 1502 926 1561 oaeeis
949 1500 1048 1562 oeulis
1089 1506 1121 1561 et

196 1585 319 1643 auribus
333 1584 456 1660 eleusis,
480 1584 623 1644 nihilnisi
643 1583 766 1660 bellum,
789 1583 913 1663 bellum,
934 1582 1119 1665 voeiferet¹)

196 1674 227 1727 et
249 1669 334 1747 operi
356 1669 458 1729 instet.
491 1667 570 1742 Quid
593 1685 681 1747 rogo,
703 1666 841 1745 Erasmq
864 1666 903 1728 de
916 1666 1027 1727 talibus
1043 1684 1120 1748 poe·

196 1751 244 1828 tis,
266 1751 408 1830 agrioolis
431 1756 462 1810 et
482 1751 716 1830 imperatoribus
738 1757 769 1810 et
795 1750 982 1830 principibus
1003 1751 1117 1811 iudiea-

196 1832 264 1893 bis?
315 1832 434 1893 Addam
469 1832 543 1893 illud
573 1833 811 1913 Evangelieum:
844 1833 876 1894 et
912 1835 980 1913 quis
1015 1834 1119 1895 turrim

196 1913 410 1975 aedifieaturus
439 1933 501 1975 non
530 1917 613 1994 prius
640 1916 752 1977 sedens
780 1919 941 1995 computet
969 1924 1120 1998 sumptus,

196 2017 242 2142 qq]
267 1997 379 2140 babqat
407 1996 446 2059 ad
473 1997 714 2078 perficiendum,
742 1999 815 2079 quid
852 1999 890 2060 de
917 1998 972 2060 illo
1007 2000 1123 2061 iudioat

244 2083 333 2140 rietus

280 2163 331 2223 Sia
351 2169 384 2223 tn
405 2181 528 2243 quoque
550 2163 639 2224 nobis
661 2164 744 2225 faeta
771 2163 909 2226 deoernis
933 2165 1012 2246 solo,
1034 2172 1120 2228 vetas

197 2265 270 2307 vero
299 2248 428 2327 primum
459 2248 622 2328 explorare
659 2253 689 2307 et
720 2250 819 2309 metiri
841 2255 894 2309 aut
914 2267 1008 2311 nosse
1031 2251 1121 2327 vires,

197 2329 268 2408 quid
297 2332 450 2409 possimus
478 2336 509 2390 et
531 2348 592 2391 non
616 2331 786 2411 possimus,
814 2337 959 2411 tauquam
993 2332 1056 2397 hoo
1083 2333 1123 2392 sit

197 2414 351 2472 ouriosom
387 2421 418 2474 et
454 2432 716 2494 supervacaneum
754 2421 785 2475 et
816 2415 1030 2495 irreligiosum.
1072 2412 1119 2477 Its

197 2494 268 2556 dum
291 2498 384 2556 nimia
405 2496 567 2576 prudentia
590 2498 793 2557 temeritatem
816 2497 977 2559 detestaris
1010 2506 1043 2560 et
1073 2494 1117 2559 sit*

196 2579 355 2641 brietatem
379 2579 571 2660 praetendis,
595 2598 633 2640 eo
656 2581 823 2660 pervenis,
851 2587 883 2640 ut
905 2600 1056 2642 summam
1079 2588 1122 2642 te·

197 2664 367 2722 meritatem
391 2664 482 2722 etiam
508 2663 631 2725 dooeas.
674 2663 752 2723 Nam
783 2670 816 2723 ut
837 2661 1001 2744 Sophistae
1027 2673 1122 2725 teme·

197 2747 266 2806 rarii
288 2756 318 2806 et
339 2746 438 2805 insani
462 2746 635 2822 sintiaoto,
659 2746 729 2806 dum
753 2750 874 2807 ouriosa
894 2754 1047 2825 traotant,
1068 2747 1122 2807 mi·

198 2830 256 2887 tius
279 2835 381 2887 tamen
406 2835 550 2907 peceant,
576 2846 666 2907 quam
690 2837 740 2907 tu,
770 2830 821 2909 qui
852 2831 943 2890 etiam
973 2828 1070 2891 dooes
1091 2834 1123 2891 et

197 2910 284 2970 iubes
305 2912 440 2970 insanire
474 2919 504 2970 et
533 2917 648 2971 temere
679 2910 758 2977 ferri.
801 2913 904 2993 Atque
936 2931 1000 2993 quo
1023 2913 1123 2974 maior

199 2996 238 3052 sit
259 2995 400 3070 insania,
427 2992 507 3054 hano
530 2995 730 3054 temeritatem
771 2994 860 3056 nobis
882 2997 1121 3076 puleberrimam

198 3074 463 3156 christianamque
499 3078 667 3156 pietatem,
690 3077 909 3159 sobrietatem,
944 3079 1122 3159 religiosam

198 3161 379 3238 gravitatem
404 3168 434 3219 et
456 3160 585 3220 salutem
614 3179 684 3222 esse
704 3160 893 3241 persuades,
915 3162 946 3222 ni
968 3164 1010 3223 ita
1031 3162 1122 3225 faeia-

199 3261 275 3319 mus,
297 3243 496 3322 irreligiosos,
519 3245 657 3304 ouriosos
680 3253 710 3304 et
730 3263 829 3306 vanos
852 3264 909 3305 nos
931 3248 1054 3321 aaseris,
1077 3262 1123 3305 es-

198 3329 365 3386 sertionum
389 3334 490 3386 tantus
513 3327 620 3402 hostis,
643 3335 674 3387 et
695 3326 958 3407 pulohreevasisti
975 3328 1124 3411 Soyilam,

199 3408 270 3468 dum
293 3410 395 3469 vitasti
419 3408 613 3489 Charybdim,
663 3409 725 3470 sed
747 3411 807 3472 huo
828 3419 860 3472 te
881 3412 1025 3492 perpellit
1044 3411 1121 3473 flon-

199 3493 246 3552 eia
267 3493 382 3572 ingenii
406 3493 459 3570 tui,
482 3494 534 3572 qui
555 3491 654 3552 eredis
677 3494 721 3553 sio
743 3501 772 3554 te
794 3513 888 3575 posse
910 3514 966 3575 per
977 3495 1123 3577 eloquen-

198 3576 271 3635 tiam
299 3575 441 3636 omnibus
469 3577 600 3655 ingeniis
628 3577 805 3658 imponere,
834 3584 867 3639 ut
895 3579 997 3640 nullus
1031 3584 1124 3659 queat

385 3697 544 3706 ...η-ψ...
551 3699 576 3705 ..-

273 3740 302 3807 1)
324 3740 351 3793 ln
369 3740 411 3794 sd.
432 3739 502 3795 len:
523 3698 703 3797 vociferatur..
