2348 4162
126 236 190 308 528
419 235 613 297 Praefatienee
630 237 667 295 D.
684 237 720 295 rt.
738 234 767 293 Iu

128 409 285 472 seientiam
309 430 370 472 uon
392 430 556 493 possumus
577 411 727 473 humanae
752 412 891 492 ipserum
914 410 1045 474 uaditie

126 513 182 554 nee
206 494 275 555 Deo
307 502 338 555 et
360 495 454 556 verbu
487 496 552 556 eius
584 514 719 575 aequare
750 496 799 555 vel
815 488 931 576 ¹pe'tius
960 515 1046 577 snper

126 578 225 638 Deum
259 586 290 638 et
323 578 436 639 uultum
470 579 536 639 eius
568 579 715 641 exaitare.
757 579 842 639 Deus
861 581 965 661 igitur
1001 578 1046 640 hie

127 660 283 738 indicabit,
305 681 344 722 an
368 681 408 722 ex
430 670 518 743 parte
540 663 676 742 ipsorum
699 662 749 722 sel
763 667 871 723 nostra
885 670 957 736 stet,
978 680 1046 743 qno·

128 745 228 804 minus
261 746 339 804 inter
370 764 427 805 nos
461 754 600 807 servetur
629 743 807 807 eoncordia.
851 744 930 806 Nem
954 746 1046 825 gioria

126 836 234 889 nostra
256 827 333 887 haee
355 835 403 887 est
424 829 631 889 testimonium
655 829 854 889 laetissimum
872 835 905 888 et
923 846 1045 889 seeurae

127 912 351 989 eonscientiae,
373 911 455 991 qnod
475 911 687 990 eeneordinm,
710 921 857 991 quantum
879 910 919 972 ad
944 914 1045 972 uerita

128 1002 188 1054 tem
210 994 334 1071 attinet,
362 995 488 1054 summis
510 995 616 1054 studiis
639 996 861 1075 quaesivimus,
884 997 1044 1072 oravimus,

127 1076 377 1157 efflagitavimus,
411 1079 503 1138 etiam
536 1077 603 1138 fuse
631 1076 721 1138 valde
748 1078 846 1145 multe
874 1088 1043 1139 nostrorum

127 1161 277 1239 sauguine
306 1166 337 1220 et
357 1159 495 1221 toleratis
516 1159 642 1221 infinitis
663 1159 895 1222 erudelitatibus
918 1171 950 1221 et
972 1161 1044 1223 odiis

125 1242 382 1306 adversariorum.
818 1294 821 1299 ,

212 1327 323 1386 Verum
345 1326 542 1389 eoncordiaru
571 1325 643 1387 fidei
675 1346 730 1387 seu
759 1326 919 1388 doetrinae
941 1327 1046 1387 frustra

127 1411 245 1489 quaerit
265 1410 411 1470 Erasmus
434 1429 473 1471 eo
495 1410 640 1478 oonsilio.
675 1417 708 1470 ut
735 1419 870 1469 mutuum
902 1409 1045 1471 cedamus

127 1499 158 1553 et
178 1493 405 1571 condonemus,
426 1513 488 1554 nou
511 1501 646 1570 tautum,
669 1492 752 1573 quod
773 1494 944 1554 adversarii
965 1512 1044 1574 pror·

126 1595 178 1636 sus
200 1575 273 1636 nihil
298 1575 428 1656 cedunt,
464 1575 661 1637 nea·eedere
689 1576 813 1652 volunt,
850 1578 922 1656 quin
946 1578 1045 1656 potius

125 1660 251 1739 rigidius
274 1667 304 1720 et
327 1660 510 1720 obstinatius
531 1678 615 1720 uuna
636 1661 740 1719 omnia
754 1660 934 1738 defendunt,
958 1678 1044 1740 quam

127 1761 260 1822 unquam
284 1750 385 1821 antea,
408 1745 499 1803 etiam
523 1743 601 1803 talisr
617 1743 685 1802 ausi
707 1760 787 1802 nune
809 1744 947 1822 exigere,
969 1760 1044 1822 qnae

126 1835 198 1886 ante
219 1825 383 1886 Lutherum
404 1828 528 1907 ipsimet
556 1825 777 1886 damnaverunt
807 1835 837 1886 et
863 1826 1045 1906 reprobare·

124 1907 252 1991 runtl),
286 1928 390 1969 verum
413 1912 522 1989 etiam,
555 1909 637 1988 qnod
659 1917 693 1968 et·
711 1927 768 1970 nos
797 1927 860 1969 non
882 1927 1045 1988 possumus

126 2010 164 2052 ea
186 1994 335 2073 probare,
369 2011 448 2071 quae
470 1993 630 2052 manifeste
660 2010 729 2052 enm
752 1992 916 2071 seripturis
939 1991 1046 2052 divinis

125 2081 273 2155 pugnant,
296 2083 328 2135 et
349 2093 429 2154 qnae
442 2094 566 2156 prorsus
580 2075 694 2135 uniiurn
711 2074 763 2156 (ut
774 2073 903 2157 dieitur)
915 2074 1046 2135 medium

125 2158 298 2218 admittunt.
340 2155 421 2219 Nam
450 2157 589 2218 doetrina
622 2157 693 2218 fidei
721 2177 782 2218 non
818 2158 951 2218 luuntur
980 2176 1045 2218 euru

125 2260 217 2301 earne
239 2250 270 2300 et
291 2243 441 2322 sangnine
463 2244 541 2302 sient
563 2244 690 2320 caritas,
724 2260 804 2320 quae
825 2261 894 2301 eum
920 2242 1045 2302 homini·

26 2398 30 2407 Ι
126 2324 183 2385 bus
206 2332 364 2386 eteorum
387 2327 467 2385 vitiis
496 2333 657 2385 exercetur
686 2325 871 2402 tolerandis,
893 2327 1045 2404 eorrigen·

127 2409 184 2484 dis,
206 2408 416 2489 emendandis,
440 2427 519 2487 quae
538 2410 645 2467 mutari
659 2415 798 2488 possunt,
820 2416 852 2468 et
872 2410 943 2487 ipsa
963 2425 1045 2486 spem

19 2524 21 2532 ·
125 2490 219 2552 habet
240 2499 488 2571 perseverantem
511 2510 607 2570 nsque
634 2490 673 2551 ad
696 2499 825 2568 mortem
848 2490 1046 2553 convertendi

125 2575 315 2655 peccatoris,
344 2573 397 2634 sed
420 2576 551 2635 laetatur
572 2593 640 2634 enm
664 2572 820 2654 spiritibus
842 2575 999 2654 nequitiae
1019 2579 1047 2632 et

125 2657 311 2738 desperatis,
345 2677 473 2737 quorum
501 2658 616 2717 malitia
644 2667 691 2716 est
721 2656 876 2719 obstinata
898 2660 929 2716 iu
952 2665 1044 2717 aeter-

125 2760 214 2819 num,
238 2744 304 2801 siue
326 2742 388 2801 ulia
410 2761 466 2823 spe
488 2740 685 2801 convertendi
709 2748 762 2799 ant
784 2741 921 2801 mutandi
945 2740 1043 2800 animi.

124 2822 202 2887 Ideo
225 2827 303 2885 iuter
322 2824 414 2884 fidem
442 2845 496 2884 seu
524 2824 694 2884 doctrinam
717 2823 828 2883 Christi
862 2829 895 2884 et
923 2824 1045 2884 daemo-

124 2926 197 2968 num
221 2908 394 2969 voluntates
421 2908 505 2967 nulla
524 2926 602 2987 pax,
635 2907 718 2966 nulla
749 2907 935 2984 eoncordia,
966 2905 1045 2966 uuila

123 2993 260 3051 amicitie
282 2993 392 3051 tentari
414 2991 514 3051 debet.
557 2983 629 3070 Ipse
659 2997 705 3049 est
733 2989 887 3050 homicide
911 2999 942 3050 et
964 2997 1044 3070 pater

125 3072 291 3154 mendacii,
322 3082 435 3134 ettam
457 3092 518 3134 uon
541 3079 644 3153 potest
670 3091 732 3135 non
757 3072 861 3134 odisse
882 3071 955 3134 fidei
978 3072 1042 3131 doe

125 3157 245 3235 trinam,
268 3176 359 3236 quam
382 3158 559 3218 mendaeem
583 3161 615 3216 et
626 3156 758 3216 nocendi
774 3156 966 3217 voluntatem
985 3173 1042 3216 non

125 3247 251 3305 mutare.
274 3240 361 3315 Quae
383 3242 462 3301 enim
486 3248 532 3300 est
554 3240 718 3300 conventio
741 3239 853 3301 Christi
875 3249 908 3301 et
929 3235 1043 3303 Beltutt

124 3343 203 3404 quae
226 3327 359 3385 societas
381 3325 458 3385 lunis
479 3332 511 3384 et
532 3322 747 3383 tenebrarum?

208 3411 248 3468 At
268 3409 412 3489 Papistae
438 3405 595 3489 (inquies)
619 3406 730 3468 Christi
753 3404 926 3468 doctrinam
949 3424 1042 3486 aeque

197 3658 228 3720 1)
248 3656 280 3708 In
298 3654 366 3711 edit.
382 3654 453 3724 orig.
481 3653 551 3710 haee
569 3655 610 3710 ita
628 3655 771 3727 legunturt
801 3655 914 3726 ipsimet
932 3658 1038 3714 ᾱιιιιιιιι·

104 3728 221 3792 ⁸verunt
238 3731 379 3783 etverunt
396 3733 425 3781 et
441 3725 636 3794 probaverunt.
