2348 4162
183 271 225 340 52
363 228 389 343 ¹,
488 266 636 334 Adversus
653 275 789 329 armatum

185 444 255 507 dam
279 450 380 508 etms
401 463 471 507 oum
492 444 645 529 modestia
666 443 856 527 expurgabo,
879 442 1054 508 revideant
1075 445 1108 509 et

153 589 156 596 .
185 549 234 590 me
256 547 349 611 posse
370 529 525 592 humiliter
557 536 587 592 et
617 528 757 592 modeste
783 528 934 590 rationem
968 527 1108 607 reddere,

186 612 238 677 ubi
259 612 336 674 tales
359 613 480 692 fuerint,
502 614 554 694 qui
576 613 659 694 digni
682 613 743 674 sint
763 611 869 674 audire
888 611 1016 673 verbum
1038 611 1107 674 Dei.

181 724 185 730 ·
266 695 401 757 Primum
423 706 482 778 ego
505 702 634 758 eonatus
656 714 725 756 sum
747 692 884 776 reddere,
907 713 998 776 quam
1020 695 1108 776 potui

185 776 362 860 clarissime,
385 780 448 855 vim
464 779 612 841 Paulinae
632 778 814 858 sententiae,
837 796 929 858 quam
943 777 1110 860 sophistae

186 861 327 923 diuturno
356 869 388 923 et
419 863 570 943 saerilego
610 861 771 924 verborum
793 860 891 923 abusu
913 863 1034 942 penitus
1057 859 1110 924 ob·

31 976 68 1047 '¹
175 951 355 1024 ,sourarunt
397 945 476 1007 Nam
497 945 548 1006 ubi
570 945 609 1006 ad
631 945 790 1006 Romanos
813 942 852 1006 de
873 943 935 1006 fide
958 951 989 1006 et
1009 945 1109 1026 operi·

185 1027 241 1089 bus
264 1029 399 1110 disputat
436 1028 584 1091 adversus
615 1029 760 1089 iustitiam
796 1046 940 1109 operum,
974 1034 1057 1089 oerte
1077 1027 1117 1101 id¹

113 1130 119 1140 ·
186 1113 454 1175 vehementissime
476 1119 574 1192 urget,
597 1119 629 1171 ut
650 1110 897 1172 iustifieationem
919 1109 1064 1191 operibus
1078 1113 1110 1172 in

72 1256 76 1263 ,
109 1193 122 1203 “
184 1203 283 1265 totum
306 1193 420 1255 adimat
441 1195 550 1255 eteoli
572 1194 643 1255 fidei
666 1194 785 1255 tribuat.
829 1194 915 1255 Haeo
937 1193 1017 1254 euim
1040 1201 1112 1255 suut

185 1276 280 1338 verba
304 1278 368 1338 eiua
384 1277 434 1354 *);
481 1278 530 1338 Ex
543 1277 696 1359 >operibus
709 1277 786 1358 legis
800 1295 892 1338 nemo
913 1276 1113 1357 iustifio'atur;

185 1361 363 1421 etiterum:
398 1360 590 1422 Arbitramur
622 1360 778 1421 bominem
798 1360 955 1422 iustifioari
977 1379 1018 1422 ex
1038 1358 1112 1441 fida,

185 1445 250 1504 sine
272 1442 415 1523 operibus
438 1443 526 1524 legis,
549 1445 724 1504 etiterum:
759 1442 874 1505 Omnes
904 1444 1126 1524 peecaverunt·

184 1535 215 1588 et
236 1527 325 1588 vaaui
346 1533 418 1587 sunt
439 1527 538 1607 gloria
555 1527 622 1605 Dei,
644 1527 739 1607 gratis
762 1533 863 1587 autem
878 1525 1033 1588 iustilioati
1055 1545 1136 1608 per·

184 1609 276 1753 fldeff
299 1617 368 1690 eta,
390 1617 422 1670 et
435 1610 525 1676 Rom.
549 1611 601 1674 14:
625 1609 788 1670 Peooatum
804 1615 860 1690 eet,
883 1607 1031 1689 quidquid
1046 1627 1110 1672 non

187 1711 228 1754 ex
271 1692 388 1755 deest.

271 1776 408 1857 Denique
432 1775 512 1837 baeo
538 1775 701 1837 ooufirmat
727 1776 942 1855 potentissimo
965 1775 1113 1857 exemplo
1150 1796 1155 1803 ·

77 1847 80 1853 ¹
186 1858 346 1936 Abrabae,
376 1859 427 1939 qui
448 1857 628 1919 iustificatus
651 1865 781 1920 estnon
804 1878 844 1919 ex
865 1860 1113 1939 oiroumaisione,

186 1940 268 2022 quod
291 1949 357 2002 erat
377 1942 527 2022 optimum
549 1949 579 2001 et
596 1941 752 2021 egregium
770 1960 848 2022 opus
869 1941 1013 2003 divinitus
1027 1962 1114 2004 man·

187 2027 290 2086 datum
313 2031 345 2086 et
366 2026 448 2086 omui
473 2024 650 2087 obedientia
670 2024 854 2105 perfeetum,
877 2024 933 2086 ead
955 2024 1016 2086 lide
1040 2032 1114 2088 aute

186 2108 460 2171 aireumoisionem.
502 2107 663 2188 Negatque
685 2127 755 2168 eum
776 2109 890 2169 habere
912 2106 1041 2188 gloriam
1061 2127 1117 2170 oo·

64 2203 67 2209 '
186 2211 251 2252 ram
275 2191 352 2266 Deo,
374 2191 479 2252 siullis
492 2190 635 2272 operibus
658 2192 698 2250 sit
709 2188 899 2272 instillemus,
920 2190 1111 2273 seripturam

159 2273 162 2280 “
187 2292 260 2336 vero
285 2273 402 2335 dioere:
423 2274 497 2335 Fide
519 2293 587 2336 esee
608 2273 803 2335 iustifieatum
826 2281 885 2342 eto.
926 2272 1013 2336 Haeo
1028 2281 1114 2337 uerte

187 2365 257 2418 sunt
280 2358 407 2418 fulmina
427 2357 548 2418 divinae
563 2359 744 2421 autoritatis.
805 2365 815 2403 ⁸

269 2441 315 2501 Tu
337 2459 419 2501 uuuo
439 2440 524 2519 vide,
547 2461 585 2501 au
608 2460 670 2501 nou
692 2440 804 2501 Paulus
826 2441 1038 2503 vehementius
1059 2461 1113 2504 as·

187 2530 278 2604 serat,
302 2524 371 2584 sola
391 2523 453 2585 lide
474 2522 711 2603 nosiustifieari,
734 2542 825 2604 quam
840 2543 911 2606 ego,
934 2523 1114 2587 lieet'vooa·

90 2640 93 2645 ·
187 2606 276 2687 bulo,
300 2603 392 2685 Sola,
421 2627 483 2669 non
506 2613 624 2690 utatur,
652 2623 712 2687 quo
735 2625 794 2687 ego
818 2625 883 2667 sum
906 2625 986 2670 usus.
1032 2605 1113 2669 Nam

187 2689 304 2751 dioere:
339 2689 441 2770 Opera
470 2710 531 2752 non
554 2689 737 2771 iustifioaut,
768 2690 822 2751 sed
852 2690 929 2751 fides
956 2688 1113 2769 iustificat,

187 2781 270 2834 uerte
282 2773 435 2834 robustius
449 2773 591 2848 affirmat,
604 2773 702 2833 solam
714 2770 806 2833 fidem
819 2772 997 2854 iustitiam,
1019 2791 1112 2854 quam

186 2854 213 2916 si
236 2855 365 2917 dixeris:
389 2856 463 2918 Sola
483 2854 559 2916 fides
571 2854 724 2940 iustitiam,
747 2856 804 2916 nisi
827 2854 909 2937 quod
923 2856 985 2918 boo
999 2857 1113 2933 alarius

187 2946 278 3000 sonat
299 2957 391 3019 quam
412 2936 504 3020 illud,
534 2938 604 2999 dum
633 2957 688 3019 per
708 2939 819 3019 impios
842 2938 1003 3021 Sophistas
1024 2939 1112 3002 Pauli

188 3030 251 3083 tum
274 3021 393 3102 phrasis
427 3028 490 3081 tum
523 3024 675 3083 sententia
707 3023 848 3102 neglecta
870 3023 969 3105 periit.
1011 3021 1113 3104 Loqui

187 3111 289 3165 autem
313 3105 372 3166 boo
404 3105 475 3166 loeo
497 3104 624 3166 Paulum
649 3104 687 3167 de
708 3104 927 3168 iustificatione
950 3107 1112 3189 spirituali,

187 3206 251 3265 eeu,
273 3195 306 3248 ut
327 3187 491 3269 Sophistae
512 3187 694 3269 loquuntur,
727 3189 847 3250 formali
879 3196 911 3250 et
931 3189 1113 3270 subieotiva‚

187 3270 262 3331 nulli
284 3272 342 3331 uisi
364 3273 414 3331 uui
437 3271 553 3333 Ooolao
582 3280 627 3332 est
650 3274 799 3353 ignotum.
843 3272 1011 3334 Contendit
1030 3274 1112 3334 euim

187 3360 296 3415 eontra
326 3362 421 3435 opera
448 3362 479 3415 et
515 3356 660 3417 iustitiam
683 3355 773 3436 Legis
806 3364 836 3416 et
858 3375 984 3436 prorsus
1016 3358 1047 3417 in
1079 3376 1113 3418 re

187 3437 442 3499 oousoientiarum
465 3447 617 3515 versatur,
651 3439 702 3499 ubi
735 3438 802 3499 sola
834 3437 911 3500 fides
933 3446 1031 3501 totum
1054 3450 1112 3519 est,

187 3536 284 3600 opera
305 3521 380 3582 nibil
402 3527 489 3602 eunt,
517 3523 579 3583 imo
602 3540 697 3603 opera
718 3521 834 3583 fruetus
856 3529 927 3583 suut
947 3525 1008 3593 iam
1028 3523 1112 3585 iusti·

193 3686 302 3695 m.
560 3690 605 3698 ..-

258 3783 291 3862 *J
311 3786 390 3844 Rom.
410 3787 436 3846 3.
