2348 4162
341 302 347 317 ,
371 244 461 304 amieo
479 224 590 303 auidum
609 248 808 319 praescriptae.
982 240 1046 312 429

121 424 171 481 set
191 437 304 499 sermo,
326 418 495 491 seeundum
518 421 648 501 primum
671 426 701 481 et
722 416 889 481 secundam
911 418 1046 482 tabulam

122 509 194 584 eta,
216 501 271 564 sed
293 501 519 564 abbreviandus
543 512 598 569 est.

205 620 358 682 Remissio
381 621 534 704 signifieat
556 620 727 682 absolutam
753 622 880 700 gratiam
904 619 1046 701 indignis·

122 704 204 764 simo
227 704 411 785 exhibitam,
435 706 506 785 quis
527 706 667 765 remissio
688 710 806 784 pugnat
828 710 936 765 eontra
958 705 1047 765 satis-

121 787 301 864 iaotiunsm,
324 793 355 848 et
375 789 457 848 tollit
472 789 611 848 meritum
635 796 665 848 et
686 787 938 850 satisfactionem.
980 785 1049 847 Hoe
1106 784 1109 790 ’

113 869 250 930 ‚terbum
272 868 409 931 infinitos
432 872 523 931 etiam
536 889 695 931 sermones
708 877 838 951 pareret,
864 872 935 950 quia
949 879 1049 930 vostat
1121 871 1124 879 '

123 970 234 1013 omnes
257 953 374 1031 uultus,
397 971 507 1034 opera,
530 954 716 1034 religiones,
739 953 849 1033 quibus
871 955 969 1034 gratia
991 952 1049 1014 Dei

122 1042 248 1117 putatur
269 1037 435 1116 impetrari,
457 1044 564 1098 eontra
581 1039 701 1114 missas,
723 1045 806 1118 vota,
830 1037 1049 1117 peregrinatio·
1076 1032 1080 1043 '

122 1136 190 1199 nes,
213 1117 396 1180 Sanctorum
417 1120 642 1182 invocationes.
685 1120 857 1200 Empbases
880 1120 1050 1180 enimistee

123 1210 197 1262 sunt
218 1201 374 1263 notandos
396 1210 426 1263 et
448 1202 604 1284 urgendae
625 1205 656 1262 in
680 1204 789 1263 talibus
813 1201 915 1263 verbis
929 1202 1049 1283 Christi,

110 1286 198 1364 .quia
220 1284 311 1346 valde
332 1287 541 1362 uonsolantnr,
562 1303 621 1345 neo
641 1286 742 1346 solum
765 1288 973 1364 oonsoiantur,
996 1285 1050 1345 sed

124 1368 220 1428 etiem
242 1377 382 1449 pugnant
404 1367 730 1446 eontraudversarios,
753 1369 824 1428 lieet
846 1377 876 1429 et
898 1372 1051 1449 ipsupug-

123 1451 211 1530 natio
226 1446 273 1511 'sit
293 1453 467 1513 consolatio
490 1451 652 1531 quaedem,
675 1453 746 1531 quia
760 1458 875 1512 eertum
896 1454 1051 1512 taeitoon-

125 1535 296 1614 seientiam,
318 1533 400 1614 quod
423 1534 590 1595 adversarii
612 1536 685 1594 nihii
709 1542 816 1595 eontra
837 1536 967 1616 possint.

210 1668 277 1731 Tibi
300 1679 331 1731 et
351 1679 413 1752 tua,
435 1671 656 1752 hioopus,‚hie
670 1670 766 1752 labor,
789 1679 821 1731 ut
843 1672 1051 1750 unusquisqne

124 1753 187 1823 ista
208 1752 373 1832 magnifiee
400 1754 493 1815 verba
515 1755 614 1835 possit
640 1755 811 1834 intelligere
833 1753 871 1814 ad
894 1773 964 1814 sese
987 1774 1052 1834 per·

126 1837 226 1897 tinere
249 1845 279 1897 et
302 1836 420 1915 dioere,
443 1837 525 1916 Mihi,
548 1837 620 1898 Mihi
644 1836 731 1914 diois,
753 1838 895 1902 Domine.
938 1837 1052 1897 Remit-

128 1925 233 1980 tuntur
256 1918 310 1980 tibi
332 1921 484 2000 peooeta?
526 1920 592 1983 1m0
616 1921 669 1982 tibi
692 1928 722 1981 ei
745 1929 812 2000 tua,
834 1921 905 1983 ideo
920 1918 1052 2000 confide,

128 2002 226 2081 aude,
247 2003 289 2063 sis
328 2010 428 2064 sertus
462 2011 492 2065 et
525 2005 619 2065 fortis.
663 2002 714 2065 sie
748 2006 813 2064 istis
836 2004 937 2065 verbis
959 2005 1053 2067 totius

127 2082 290 2167 Evangelii
313 2106 433 2148 summa
453 2086 632 2149 brevissime
661 2097 706 2148 est
729 2087 968 2168 comprehensa,
995 2088 1053 2147 soi-

127 2169 202 2231 lioet
222 2190 277 2250 per
299 2169 451 2231 Christum
474 2180 504 2231 et
525 2173 554 2232 in
569 2171 689 2233 Christo
712 2172 820 2232 donari
841 2172 1052 2232 remissionem

127 2261 329 2334 peecatorum
351 2254 440 2315 nobis
463 2256 640 2336 simpliciter
662 2256 766 2336 gratis.

214 2369 274 2432 Sed
297 2371 355 2431 heo
388 2390 466 2442 vooe
488 2371 594 2432 audita
621 2373 756 2451 seqnitur
778 2366 938 2452 Evangelii
960 2370 1054 2451 digua
1083 2364 1086 2369 ’

129 2454 240 2535 gloria,
262 2461 293 2515 et
314 2474 370 2534 pro
393 2460 478 2516 tenta
500 2454 709 2515 misericordis
740 2455 868 2534 pulohrs
889 2455 1054 2536 gratitudo,

130 2536 251 2598 soilioet
272 2539 355 2616 quod
368 2538 504 2599 Christus
528 2556 596 2597 oum
620 2557 675 2598 suo
692 2538 864 2619 Evangelio
883 2539 1054 2619 damnatur,

129 2618 363 2700 blasphematur
384 2629 414 2681 et
436 2622 657 2682 abominationi
678 2621 831 2682 idolorum
850 2628 1054 2703 eomparatur,

130 2704 205 2783 quia
225 2705 300 2764 velit
317 2723 386 2765 esse
408 2704 492 2765 Deus
515 2712 572 2766 eto.
616 2704 681 2765 Neo
703 2707 828 2783 mirum,
851 2707 923 2784 quia
944 2706 1056 2766 rationi

131 2795 179 2848 est
201 2787 293 2849 valde
315 2790 511 2869 eontrarium,
535 2786 618 2870 quod
632 2788 715 2848 Deus
736 2807 792 2868 per
813 2789 968 2850 hominem
983 2806 1056 2868 ope·
1119 2828 1122 2834 -

129 2877 215 2937 retur
235 2871 294 2931 iste
315 2869 479 2952 magnifiee
501 2889 596 2952 opera
618 2871 686 2933 Dei.

165 3088 371 3151 Dominioa
391 3091 448 3153 XX
469 3099 560 3174 post
579 3091 801 3158 Trinitatis.
845 3090 950 3156 Matth.
973 3093 1024 3156 22.

184 3300 187 3307 .
216 3255 257 3316 nt
276 3257 468 3336 respondens
489 3256 577 3323 Iesus
600 3258 677 3319 dixit
709 3260 818 3319 iterum
847 3258 878 3318 in
902 3256 1057 3339 parabolis

131 3337 179 3399 eis
201 3337 325 3401 disens:
349 3340 455 3403 Simile
476 3342 589 3403 foetum
614 3349 660 3402 est
682 3361 809 3422 regnum
832 3341 990 3401 ooelorum
1003 3341 1057 3401 ho·

133 3422 208 3483 mini
229 3425 304 3504 regi,
327 3425 377 3503 qui
399 3424 470 3486 feeit
492 3426 614 3506 nuptias
634 3423 699 3485 filio
721 3443 787 3486 suo.
830 3424 871 3484 Et
894 3425 974 3483 misit
995 3441 1058 3482 sar-

133 3524 191 3568 vos
213 3525 304 3587 suos,
338 3514 371 3568 ut
407 3515 554 3570 voearent
581 3509 726 3569 invitatos
748 3507 787 3568 ad
809 3508 931 3588 nuptias
953 3512 984 3566 et
1005 3523 1059 3566 no·

133 3588 241 3650 lebant
274 3592 387 3652 venire.
430 3591 545 3653 Iterum
579 3593 661 3652 misit
694 3591 772 3652 ulios
801 3609 908 3652 servos
937 3589 1057 3651 diosus:

132 3671 236 3733 Dicite
256 3673 407 3755 invitatis,
431 3694 503 3736 eoos
526 3675 686 3755 prandium
710 3693 809 3735 meum
835 3674 956 3754 paravi,
980 3673 1058 3734 tauri

134 3757 195 3816 mei
227 3762 257 3817 et
279 3756 375 3819 altilia
397 3760 501 3819 oooiss
522 3766 594 3821 suut
619 3767 651 3821 et
673 3759 777 3820 omnia
797 3766 921 3840 perata,
955 3757 1059 3819 venite
