2348 4162
214 248 279 313 500
489 240 835 301 cammunti.

605 449 643 509 Δ.
667 448 756 512 ¹523.

216 615 253 699 6)
276 612 519 698 Praelatio¹)
541 615 578 675 D.
601 614 642 677 hl.
658 613 819 673 Lutberi
840 614 879 672 iu
900 612 1128 695 Apologisu

219 699 345 780 Apelli
373 698 417 757 ad
446 702 676 778 episcopum
706 695 1039 776 herbipolensem
1072 716 1128 778 pro

216 803 284 843 suo
307 783 520 862 coniugio,
542 783 594 860 qui
618 778 738 840 libellus
760 798 842 839 anuo
867 782 948 844 1523
972 780 1129 841 aLutbcro

217 865 459 944 Wittembergae
481 864 580 924 editus
606 872 653 923 est
675 862 731 927 sub
753 862 816 924 hac
835 863 1063 943 inscriptione:

299 948 444 1008 Defensio
466 946 512 1012 Io.
534 947 636 1027 Apelli
666 945 704 1006 ad
736 947 916 1025 episcopum
941 946 1130 1028 Herbipoleu·

298 1052 363 1091 sem
398 1050 454 1110 pro
491 1049 547 1091 suo
580 1031 736 1108 coniugio.
780 1028 1031 1109 ll'ittembergae
1055 1030 1130 1095 1522

298 1117 327 1177 4.
351 1113 409 1194 (cl.
440 1110 571 1174 Walchii
598 1113 707 1175 iutrod.
736 1113 767 1171 iu
787 1111 824 1174 Τ.
845 1111 917 1172 xlv
948 1111 1033 1194 Opp.
1055 1112 1129 1173 luth

299 1219 330 1279 p.
351 1195 423 1273 23).

556 1359 668 1423 Ioanni
689 1359 795 1424 Croto.

631 1441 730 1506 Iesus.

300 1611 408 1672 Gratia
434 1617 465 1671 et
493 1629 566 1690 pax.
588 1609 724 1670 Remitto
750 1607 789 1669 ad
817 1616 863 1686 te,
896 1608 1020 1688 optime
1042 1607 1133 1683 orote,

218 1694 430 1754 defensionem
471 1692 573 1773 Apelli
610 1695 705 1754 nostri
743 1709 897 1753 excusam.
954 1686 1133 1751 Scilicetid

218 1778 395 1838 merebatur
417 1786 478 1836 tam
502 1777 571 1856 pia,
606 1776 701 1835 libera
723 1782 755 1835 ct
775 1774 893 1835 erudita
915 1775 1080 1855 apologia,
1107 1778 1134 1833 ut

216 1860 369 1921 Christum
404 1862 435 1919 iu
469 1860 539 1918 luce
559 1877 683 1938 quoque
718 1866 749 1917 et
776 1856 901 1938 publico
937 1858 1133 1938 praedicaret,

217 1943 329 2003 frustra
352 1942 561 2003 frendentibus
584 1948 617 2001 et
637 1940 866 2001 tabescentibus
887 1941 1003 2020 impiis.
1040 1938 1133 2000 Domi·

217 2034 308 2085 natur
329 2027 409 2085 enim
432 2025 571 2085 Christus
599 2034 787 2085 nosternon
814 2025 845 2083 in
867 2023 960 2083 coelo
984 2024 1134 2097 duntaxat

219 2127 278 2169 uec
300 2117 417 2168 tantum
440 2109 478 2168 ab
501 2108 633 2167 inimicis
655 2108 773 2188 procul,
795 2107 849 2166 sed
872 2107 903 2166 in
920 2107 1027 2167 medio
1048 2104 1134 2166 inimi
1171 2120 1173 2131 ·

218 2211 323 2252 corum
346 2211 481 2267 suorum,
505 2210 606 2269 nequa
627 2191 688 2251 alia
709 2192 819 2250 virtute
840 2208 933 2270 quam
951 2192 1134 2270 virgaesusc

218 2277 349 2335 emissae
381 2294 420 2334 ex
449 2273 539 2351 Sion,
572 2274 602 2333 id
626 2275 709 2352 quod
732 2281 763 2334 et
794 2275 826 2333 iu
848 2272 962 2352 Apello
999 2280 1032 2333 et
1058 2272 1133 2333 socio
1171 2320 1173 2337 ,

217 2359 309 2419 tratre
330 2377 387 2419 suo
425 2355 560 2416 declarat
588 2360 662 2417 satis
694 2356 755 2417 hoc
787 2357 846 2418 die.
888 2355 936 2416 Tu
966 2357 1134 2417 mirarisct

217 2441 396 2520 indigueris,
419 2443 584 2519 episcopos
607 2442 652 2500 sic
672 2442 802 2500 saevire.
843 2438 885 2499 At
912 2440 973 2498 uisi
1000 2442 1048 2499 sic
1074 2455 1134 2518 nge·

216 2533 294 2602 rent,
318 2524 394 2584 tales
419 2524 558 2602 episcopi
586 2541 648 2583 nou
678 2532 798 2599 essent,
831 2530 862 2582 et
892 2523 950 2581 uisi
981 2522 1063 2583 tales
1082 2519 1134 2600 cpi·

217 2608 305 2687 scopi
332 2615 451 2686 essent,
489 2607 534 2665 sic
563 2626 626 2666 uon
654 2614 792 2685 agerent.
834 2605 944 2665 Exusti
977 2613 1052 2665 suut
1083 2605 1133 2666 im
1171 2646 1173 2659 .

218 2690 279 2749 duo
313 2691 421 2750 iratres
455 2689 632 2764 Bruxellae,
675 2691 780 2749 tertius
815 2689 904 2748 simul
938 2692 994 2763 (ut
1017 2682 1133 2763 vocant)
1171 2718 1173 2729 =

216 2771 402 2851 degradatus
440 2775 573 2832 uescitur
611 2774 642 2832 in
676 2774 821 2852 Assyrios
867 2778 921 2831 aut
950 2771 1133 2851 Babylonios

218 2874 274 2935 per
294 2856 448 2934 sophistas
471 2854 637 2915 translatus
659 2854 750 2937 sit2).
793 2854 879 2915 blulti
909 2856 940 2913 iu
969 2853 1134 2915 carceribus
1171 2866 1173 2939 j

218 2946 380 2998 servantur
402 2939 492 2998 simili
515 2939 658 2997 victimae
680 2938 794 2999 devoti.
836 2937 877 2997 Et
904 2937 1080 2998 incredibili
1100 2937 1134 2997 iu·

217 3022 305 3080 sauia
327 3023 467 3081 saeviunt
488 3023 519 3081 iu
543 3021 694 3081 Christum
718 3022 847 3081 ministri
870 3019 1073 3097 Pontificum,
1093 3017 1134 3080 elii

217 3101 355 3162 scribunt
376 3105 541 3165 maledicta
563 3114 594 3164 et
615 3104 839 3184 blasphemias,
873 3103 995 3164 scilicet
1023 3105 1079 3165 illa
1098 3108 1134 3163 est

218 3185 393 3247 obedientia
415 3188 559 3248 Caesarei
594 3187 687 3249 edicti
717 3187 756 3248 de
784 3186 944 3248 referenda
974 3203 1126 3250 causano

289 3468 318 3531 1)
337 3468 396 3522 llos
414 3473 520 3524 textum
537 3470 716 3538 repetivimus
735 3486 769 3526 ex
787 3470 858 3540 Epp.
876 3469 961 3526 Luth.
981 3471 1028 3527 ed.
1048 3472 1086 3528 ab
1102 3472 1131 3527 lo

217 3537 369 3594 Aurilabro
388 3542 419 3594 T.
440 3541 465 3594 ll
483 3556 510 3609 p.
531 3543 599 3608 141,
618 3542 681 3596 coll.
700 3557 762 3596 cum
780 3542 868 3611 Epist.
894 3540 976 3598 Luth.
996 3543 1043 3599 cd.
1062 3559 1081 3599 a
1097 3543 1130 3597 de

216 3611 319 3666 Wettio
338 3610 371 3665 Τ.
390 3612 417 3665 ΙΙ
441 3629 468 3681 p.
488 3614 555 3679 3593
582 3614 740 3683 germanica
767 3613 891 3669 redditur
914 3629 932 3668 a
955 3616 1086 3672 Walchio
1110 3614 1129 3667 ir

216 3680 286 3750 Opp.
314 3681 393 3736 Luth.
419 3685 452 3739 T.
478 3685 545 3740 XlV
568 3701 596 3754 p.
615 3687 677 3743 225.
714 3688 747 3755 2)
778 3685 919 3743 deWette:
947 3686 1128 3755 uescitur‚b

216 3767 287 3823 quas
306 3754 437 3824 Assyrias
454 3764 504 3812 aut
513 3757 685 3828 Babylonius
703 3773 753 3827 par
769 3757 911 3828 sophistas
922 3761 1082 3818 translatus
1096 3758 1127 3815 sit
