2348 4162
195 266 260 335 266
438 268 874 330 commenticiarum

194 440 270 522 quid
293 440 452 517 voluntas,
485 448 539 503 aut
569 441 692 523 dequo
714 441 873 522 loquatur,
908 461 978 503 cnm
1000 441 1117 504 dallei

195 525 353 585 voluntate
386 525 546 605 loquitur?
589 526 771 587 Caecutiaut
805 545 883 588 sane
918 526 970 587 bic
1000 525 1118 587 induite

195 608 290 669 millia
311 608 480 670 Doctorum
502 608 800 689 probatissimorum,
822 616 854 669 et
866 607 1042 691 Scriptum
1062 608 1117 670 dn·

194 699 269 773 gant
289 691 438 753 dilucidas
466 712 527 752 non
556 712 640 771 esse,
672 700 704 753 et
724 695 937 773 quaestionem
960 692 1115 753 difficilem

194 782 337 855 paveant.
380 776 445 837 lios
471 776 621 837 habemus
644 775 736 837 rerba
759 776 945 855 clarissima,
972 796 1055 857 qnae
1075 777 1118 837 sic

193 866 320 920 sonant:
357 858 450 920 Cuius
472 860 552 935 vult,
573 861 749 935 miseretur,
771 879 862 939 quem
884 860 959 937 vult,
979 859 1116 935 indnrst3

193 944 284 1003 item:
316 942 402 1002 Dicis
424 946 529 1022 itaque
550 943 634 1021 mihi,
655 942 736 1018 Quid
759 942 916 1022 queritur?
957 942 1117 1005 Voluntati

195 1027 261 1087 eius
284 1027 351 1103 quia
372 1026 521 1087 resistet?
756 1044 769 1063 ·

275 1108 342 1169 lieo
373 1116 420 1170 eat
447 1109 588 1190 quaestio
618 1107 764 1185 difficilis,
796 1110 860 1172 imo
892 1108 969 1169 nihil
996 1109 1116 1170 facilius

193 1194 285 1254 etiam
308 1194 464 1253 communi
486 1213 595 1263 seusu,
630 1211 721 1271 quam
759 1192 839 1254 haue
867 1193 1027 1273 sequelam
1049 1210 1116 1254 essa

192 1284 317 1347 certam,
339 1275 487 1356 solidam,
522 1295 642 1339 veram:
679 1275 712 1336 si
733 1275 817 1337 Deus
838 1278 989 1356 praescit,
1011 1294 1116 1337 neces·

192 1361 275 1421 sario
297 1358 346 1433 tit,
368 1359 420 1420 ubi
442 1359 503 1421 boo
524 1380 564 1421 ex
577 1358 740 1438 Scripturis
761 1361 1032 1441 praesuppositum
1054 1359 1115 1420 lue·

192 1445 241 1523 rit,
263 1442 345 1522 quod
367 1443 450 1504 [teus
473 1462 573 1523 neque
595 1448 685 1521 errat,
709 1462 811 1520 neque
836 1442 960 1508 fallitur.
1002 1441 1115 1504 Diffici-

191 1526 252 1586 lem
276 1525 399 1605 quidem
432 1546 502 1587 esse
522 1526 736 1606 quaestionem
757 1526 867 1598 fateor,
888 1527 952 1587 imo
975 1525 1115 1608 impossi-

193 1609 294 1686 bilem,
316 1611 342 1669 si
363 1610 453 1670 simul
475 1618 637 1689 utrumque
658 1609 746 1670 voles
769 1616 903 1671 statuere
930 1614 963 1671 et
982 1610 1114 1689 praesci-

196 1694 309 1754 entiam
331 1693 388 1754 Dei
418 1700 449 1753 et
470 1693 644 1755 libertatem
664 1691 808 1754 hominia.
852 1692 933 1768 Quid
956 1693 1040 1753 enim
1062 1691 1114 1753 dil·

192 1774 311 1847 dcilim,
333 1778 395 1836 imo
418 1778 516 1856 magis
538 1774 748 1857 impossibile,
775 1794 868 1855 quam
889 1782 924 1836 ut
944 1774 1113 1837 contradic

193 1861 272 1921 toria
292 1864 346 1920 ant
369 1862 522 1920 contraria
544 1878 607 1920 non
628 1878 767 1939 pugnare
789 1858 976 1937 contendas,
1009 1864 1065 1920 aut
1083 1864 1114 1918 ut

192 1942 281 2003 simul
304 1943 413 2022 aliquis
435 1963 579 2004 numerus
601 1944 641 2003 sit
662 1941 784 2023 decem,
807 1950 839 2002 et
860 1941 952 2004 simul
972 1940 1057 2003 idem
1077 1941 1114 2001 sit

188 2022 330 2087 'novenni
371 2026 441 2087 Non
476 2033 524 2087 est
555 2025 717 2087 difficultas
738 2027 769 2086 in
791 2032 899 2087 nostra
920 2026 1112 2105 quaestions,

193 2107 247 2169 sed
270 2110 424 2188 quaeritur
455 2116 486 2171 et
506 2109 707 2170 introducitur
747 2129 809 2170 non
841 2127 931 2169 secus
963 2127 1003 2168 ac
1024 2106 1114 2169 ambi·

193 2194 294 2273 guitas
316 2198 348 2253 et
377 2192 548 2253 obscuritas
577 2194 607 2252 in
630 2191 797 2276 Scripturis
819 2192 975 2271 quaeritur
996 2198 1029 2251 et
1054 2191 1111 2251 rio

193 2275 292 2336 lenter
318 2275 531 2338 introducitur.
576 2276 753 2354 Compescit
780 2277 884 2353 itaque
909 2275 1026 2355 impios
1052 2273 1113 2334 istis

194 2358 294 2420 verbis
316 2359 492 2420 clarissimis
514 2358 666 2434 offensos,
699 2357 783 2436 quod
805 2365 910 2419 nostra
932 2357 1115 2418 necessitato

194 2442 382 2504 voluntatem
411 2441 545 2503 divinam
567 2442 687 2522 impleri
710 2443 861 2502 sentirent
890 2458 928 2502 so
960 2440 1114 2500 delinitum

193 2532 277 2586 certo
302 2527 464 2603 sentirent,
501 2525 557 2586 sibi
591 2525 665 2586 nihil
688 2524 836 2585 libertatis
854 2532 908 2584 aut
928 2522 1017 2584 liberi
1039 2521 1113 2585 arbi·

117 2604 123 2611 '
193 2609 241 2669 trii
262 2609 411 2685 relictum,
433 2609 488 2670 sed
511 2610 615 2670 omnia
635 2610 666 2668 in
689 2609 784 2668 solius
795 2608 850 2668 Dei
872 2606 1114 2685 voluntatepen·

194 2691 277 2753 dere.
320 2693 500 2770 compescit
520 2700 621 2753 autem
645 2692 706 2766 sic,
743 2697 775 2750 ut
801 2690 907 2752 iubeat
941 2708 998 2751 eos
1019 2696 1116 2750 tacere

194 2781 225 2835 et
246 2776 377 2836 revereri
401 2777 592 2837 maiestatem
615 2775 773 2854 potentiae
801 2782 832 2834 et
855 2773 1024 2834 voluntatis
1046 2770 1117 2832 diri·

193 2878 263 2939 nae,
285 2860 315 2917 in
338 2876 430 2937 quam
452 2878 510 2919 nos
533 2859 649 2918 nullum
671 2858 729 2932 ius,
750 2858 819 2936 ipsa
841 2875 914 2917 vero
936 2856 969 2916 in
992 2874 1051 2917 nos
1066 2853 1116 2916 ba·

194 2940 245 3001 bet
267 2941 391 3020 plenum
429 2942 474 3001 ius
504 2940 635 3002 faciendi
658 2940 803 3019 quicquid
838 2939 986 3013 voluerit,
1020 2953 1116 3017 neque

194 3021 258 3083 fieri
281 3022 372 3084 uobis
393 3025 551 3102 iniuriam,
582 3043 649 3084 cum
672 3022 746 3083 nihil
768 3021 858 3083 nobis
881 3021 1012 3101 debeat,
1047 3018 1118 3081 nibil

194 3125 213 3165 a
235 3104 324 3167 nobis
345 3109 510 3188 acceperit,
532 3106 607 3168 nibil
628 3107 812 3186 promiserit,
835 3106 894 3165 nisi
907 3112 1117 3185 quantumve·

197 3190 253 3250 luit
275 3196 306 3249 et
327 3186 449 3270 placuit.

278 3272 336 3332 Hic
357 3275 447 3355 igitur
470 3273 567 3350 locus,
588 3271 639 3331 hic
661 3276 780 3351 tempus
803 3278 865 3348 est,
887 3289 951 3332 non
970 3270 1117 3352 Corycios

194 3355 264 3416 illos
286 3375 417 3437 specus,
449 3355 502 3417 sed
539 3374 643 3415 veram
675 3358 866 3416 maiestatem
894 3355 926 3414 in
949 3351 1118 3414 metuendis

196 3437 384 3499 mirabilibus
408 3446 439 3501 et
459 3438 579 3499 indiciis
602 3440 665 3498 suis
686 3435 1050 3518 incomprehensibilibus
1072 3433 1117 3497 ad·

197 3521 305 3582 orandi
328 3529 359 3583 et
381 3520 518 3584 dicendi:
541 3520 762 3583 Fiatvoluntas
784 3529 847 3598 tua,
867 3522 946 3581 sicut
966 3521 1000 3580 in
1022 3518 1116 3595 coslo,

197 3611 227 3664 et
248 3605 278 3664 in
303 3611 392 3669 terra.
435 3605 478 3665 At
498 3623 554 3665 nos
572 3603 677 3665 nullibi
701 3625 805 3665 sumus
827 3605 925 3683 magis
954 3603 1115 3665 irreveren-

197 3693 243 3746 tes
268 3694 300 3748 et
322 3689 484 3761 temerarii,
506 3706 596 3766 quam
619 3688 648 3746 in
671 3689 732 3748 illis
754 3689 829 3768 ipsis
851 3687 1006 3768 mysteriis
1028 3694 1061 3747 et
1079 3685 1116 3745 iu·

198 3768 285 3831 diciis
306 3769 637 3854 impervestigabilibus
671 3771 853 3834 invadendis
881 3776 912 3833 et
939 3766 1118 3852 urguendis3
