2348 4162
126 244 192 311 200
375 246 418 302 Dc
435 258 518 302 servo
536 242 652 301 arbitrio
670 242 705 300 D.
723 240 759 300 u
778 242 822 299 ta·
883 242 891 257 ”

126 414 301 476 manebunt.
344 415 428 476 idem
448 415 564 476 dicetur
585 414 661 493 illis,
695 416 746 493 qni
783 418 950 493 quaerunt:
992 412 1053 476 cur

124 499 263 580 permisit
284 498 382 559 Adam
404 518 504 577 ruere,
525 508 556 560 et
577 517 630 558 cur
651 516 709 558 nos
731 516 840 559 omnes
857 497 969 560 eodem
982 516 1052 578 pec

125 588 195 642 cato
218 582 347 642 infectos
370 581 490 660 condit,
527 601 596 642 cum
628 581 782 661 potuisset
812 580 897 642 illum
928 598 1052 641 servare

125 671 157 725 et
178 682 235 725 nos
258 663 381 725 aliunde
403 665 453 726 vel
473 664 603 745 primum
631 670 762 745 purgato
788 666 907 725 semine
936 682 1052 728 creare.

126 748 209 808 Dens
230 754 287 828 est,
310 750 396 808 cuins
411 747 576 809 voluntatis
598 746 682 808 nulla
703 755 751 807 est
768 765 863 808 causa
883 764 943 807 nec
963 748 1052 829 ratio,

126 849 206 911 quae
227 831 269 890 illi
292 849 348 891 ceu
369 832 476 912 regula
499 839 531 891 et
551 848 694 891 mensura
716 831 959 910 praescribatur,
981 848 1052 891 cunr

125 914 200 975 nihil
224 915 264 972 sit
283 914 327 974 illi
342 914 471 993 aequale
481 923 535 974 ant
547 914 698 993 superins,
720 912 774 973 sed
796 915 865 993 ipsa
885 913 1053 993 astraguls

125 999 271 1059 omniurn.
315 994 349 1058 Si
371 998 451 1057 enim
474 1004 558 1057 esset
578 997 622 1057 illi
643 996 748 1075 aliqua
768 997 876 1076 regula
897 996 946 1056 vel
968 1014 1051 1056 men·

125 1100 206 1157 sura,
228 1090 282 1140 aut
304 1097 398 1140 causa
418 1086 471 1139 ant
484 1081 573 1158 ratio,
594 1081 654 1139 iam
678 1079 804 1140 necDei
827 1079 1053 1140 voluntasease

124 1168 241 1245 posset.
283 1162 353 1223 Non
376 1164 457 1223 enim
490 1165 562 1242 quia
583 1163 628 1223 sic
650 1162 742 1224 debet
762 1163 811 1223 vel
833 1161 939 1224 debuit
960 1162 1051 1236 vella,

124 1246 196 1306 ideo
218 1252 334 1305 rectum
357 1253 413 1324 est,
434 1246 519 1325 quod
541 1246 622 1325 vult,
655 1245 710 1327 sed
731 1253 854 1324 conba,
880 1246 954 1325 qnia
984 1246 1053 1327 ipae

125 1331 171 1390 sic
192 1328 273 1405 vult,
300 1329 370 1390 ideo
394 1327 485 1390 debet
505 1337 622 1390 rectum
645 1347 714 1389 esse
737 1327 819 1408 quod
841 1327 885 1392 fit.
929 1328 1053 1390 Oreatn·

124 1431 178 1473 rae
200 1411 352 1473 voluntati
373 1430 468 1473 cansa
490 1421 521 1472 et
542 1413 621 1473 ratio
644 1412 874 1492 praescribitur,
911 1410 1053 1473 sednon

126 1495 272 1555 creatoris
294 1495 460 1574 voluntati,
493 1496 553 1556 nisi
584 1496 678 1555 alium
700 1495 744 1555 illi
766 1495 949 1575 praefeceris
971 1512 1053 1557 crea

125 1587 235 1640 torem.

206 1661 261 1722 His
282 1668 357 1742 puto
378 1662 453 1722 satis
475 1661 663 1722 confutatam
685 1679 754 1722 esse
774 1660 970 1743 tropologam
992 1660 1054 1723 dia·

38 1782 42 1787 -
126 1742 224 1805 triben
248 1763 317 1804 cnm
341 1763 397 1805 suo
421 1752 527 1826 tropo,
549 1750 653 1806 tamen
675 1743 836 1825 adipsum
859 1751 978 1805 textum
1003 1762 1053 1807 ve·

125 1830 260 1907 niamus,
285 1829 405 1905 visuri,
425 1846 516 1908 quarn
538 1828 704 1889 conveniat
724 1828 919 1909 interipsum
941 1834 974 1888 et
993 1832 1053 1888 tro

126 1930 209 1992 pum.
252 1911 321 1971 Mos
350 1918 398 1971 est
429 1912 512 1972 enim
535 1913 686 1989 omnium,
721 1912 772 1991 qui
803 1910 901 1991 tropis
923 1909 1051 1971 eludunt

125 1999 315 2074 argumenta,
339 2001 372 2053 ut
392 2001 479 2057 textu
499 1996 568 2075 ipsc
591 1994 707 2055 fortiter
722 1999 901 2074 mntemptn
923 1992 985 2055 hoc
1002 2010 1052 2055 so·

126 2079 187 2137 lum
208 2076 360 2154 laborent,
381 2087 415 2137 ut
435 2084 615 2157 excerptum
637 2076 820 2138 vocabulum
844 2075 969 2157 aliquod
988 2082 1051 2138 tro

125 2162 172 2240 pis
205 2167 369 2238 torqueant
405 2180 443 2221 ac
475 2179 531 2221 suo
564 2179 656 2221 sensu
679 2158 875 2240 crucifigant,
897 2159 1051 2234 nnllo're·

86 2252 92 2263 “
124 2249 229 2323 spectu
252 2243 357 2303 habito
390 2244 440 2305 vel
461 2244 767 2321 circumstantiarum,
788 2244 836 2303 vel
858 2243 1051 2323 sequentinm

125 2333 156 2387 et
177 2325 435 2407 praecedentium,
459 2326 507 2386 vel
523 2328 701 2387 intentionis
724 2333 777 2386 aut
790 2344 904 2387 causae
916 2327 1050 2387 autoris.

125 2409 175 2470 Sic
197 2410 326 2469 diatriba
358 2411 419 2470 hoc
441 2410 521 2489 loco,
543 2410 618 2471 nihil
642 2417 770 2486 morata,
793 2408 865 2489 quid
887 2418 962 2489 agat
983 2409 1051 2470 tic-

125 2511 184 2570 see,
207 2499 260 2553 aut
282 2511 426 2573 quorsum
449 2494 555 2553 tendat
575 2495 640 2553 eius
664 2493 774 2571 oratio,
796 2491 939 2553 voculam
963 2492 1052 2572 hanc,

125 2575 193 2656 Ego
215 2575 374 2654 indurabo,
402 2573 673 2659 (quaoffenditur)
695 2596 712 2636 s
734 2582 819 2635 textu
842 2577 931 2656 rapit,
953 2574 1052 2655 fingit·

125 2677 184 2738 que
206 2678 262 2739 pro
285 2658 428 2737 libidine,
464 2661 586 2720 interim
615 2659 690 2718 nihil
712 2660 869 2739 cogitans,
893 2657 1050 2737 quomodo

124 2744 163 2802 sit
184 2762 286 2803 rursus
321 2741 486 2803 inserenda
507 2749 538 2803 et
559 2741 749 2822 coaptanda,
778 2748 811 2802 ut
833 2742 965 2821 quadret
987 2758 1051 2803 nor·

124 2826 191 2905 pori
214 2833 322 2887 textus.
367 2830 468 2905 Atque
497 2826 576 2885 haec
610 2832 657 2886 est
676 2825 730 2886 illa
751 2825 845 2902 ratio,
876 2843 930 2885 cnr
953 2823 1052 2906 Scrip-

123 2918 192 2969 tura
212 2928 273 2969 non
299 2910 338 2969 sit
359 2910 433 2970 satis
454 2907 588 2969 dilucida
611 2908 692 2990 apud
715 2914 761 2969 tot
781 2906 892 2968 seculis
905 2908 1051 2989 receptis·

124 2994 219 3052 simos
241 3011 279 3052 ac
302 2991 498 3053 doctissimos
522 2992 613 3069 viros,
639 3009 698 3051 nec
714 2992 833 3066 mirum,
855 2990 1052 3070 quandonec

123 3074 171 3135 sol
194 3074 304 3136 talibus
325 3075 440 3136 artibus
462 3075 574 3155 petitus
597 3076 699 3136 lucere
721 3079 836 3154 posset.

206 3158 266 3219 Sed
288 3166 322 3219 ιιι
343 3160 491 3237 omittam,
514 3158 596 3236 quod
619 3159 757 3238 superins
779 3158 959 3237 monstravi,
973 3156 1049 3218 Pha·

123 3260 249 3302 raonem
288 3261 351 3302 non
379 3248 463 3301 recte
499 3240 558 3301 dici
591 3240 782 3322 induratum,
818 3239 902 3319 quod
924 3239 1050 3301 lenitate

124 3325 179 3385 Dei
202 3326 349 3387 toleratus
371 3343 433 3385 non
457 3326 495 3384 sit
517 3325 619 3385 statim
643 3323 776 3405 punitus,
795 3342 864 3383 cum
887 3328 934 3384 tot
950 3323 1049 3404 plagia

123 3410 291 3489 castigatus
315 3410 363 3473 sit,
407 3405 488 3482 Quid
505 3426 583 3487 opus
605 3408 845 3485 erat,ut1)eus
867 3407 960 3468 toties
982 3424 1049 3487 pro

124 3493 256 3552 mitteret
277 3511 345 3552 sese
366 3491 576 3551 induratorum
600 3509 654 3552 cor
675 3490 860 3568 Pharaonis,
884 3497 959 3550 tune
980 3506 1047 3549 cnm

122 3576 211 3655 signa
232 3573 350 3655 flerent,
372 3575 423 3653 qui
445 3575 505 3634 iam
528 3580 600 3634 ante
621 3575 710 3655 signa
732 3580 763 3634 et
784 3579 856 3634 ante
873 3591 943 3633 eam
966 3571 1047 3633 indu·

122 3658 271 3718 rationem
294 3658 363 3719 talis
385 3657 456 3737 fnit,
494 3664 528 3717 nt
556 3658 607 3736 qui
628 3657 754 3717 lenitate
776 3655 879 3716 divina
901 3655 1045 3718 toleratus

122 3759 181 3801 nec
201 3742 324 3823 punitus
346 3745 394 3802 tot
424 3741 506 3801 mala
525 3740 662 3819 intulerit
682 3740 753 3801 flliia
775 3738 880 3823 lsrael,
902 3755 1043 3803 successu
