2348 4162
253 231 307 315 ‘ad
324 232 360 291 D.
377 233 522 291 uranum
538 233 764 302 Roterodamum.
917 233 980 301 275

52 406 140 463 esset
160 397 349 488 recepturus,
381 404 513 485 scilicet,
549 411 582 467 ut
602 405 656 466 ills
677 404 819 483 serviret,
851 405 904 466 hic
926 403 978 465 do-

53 487 232 548 minaretur.
255 484 399 548 Praemia
420 488 634 572 deeernuntur,
659 495 823 567 antequam
847 488 980 569 operarii

52 574 223 629 nascantur
246 576 277 631 et
298 578 472 651 operentur.
500 571 558 632 Hic
580 571 684 634 debuit
706 571 895 652 respondere
919 571 981 641 dia·

54 650 145 730 tribe,
168 651 229 714 boc
250 656 340 735 urget
356 654 480 733 Paulus,
503 655 584 735 quod
607 654 681 716 nibil
704 653 788 735 boni,
810 654 886 715 nihil
908 654 979 715 mali

55 735 159 795 adbuc
179 735 323 816 fecerint,
351 743 382 798 et
404 744 507 800 tamen
529 739 683 800 sententia
705 737 808 800 divina
829 737 906 798 alter
926 736 979 799 do·

55 819 168 898 minus,
190 818 269 880 alter
290 839 396 881 servus
418 821 601 886 decernitur,
643 821 714 882 Non
736 821 797 882 boc
814 821 979 902 quaeritur,

54 920 96 961 an
118 902 249 963 servitus
270 903 325 964 illa
344 905 498 986 pertineat
518 905 557 966 ad
581 905 728 983 salutem,
758 903 814 966 sed
836 922 897 985 quo
919 923 980 965 me·

54 985 115 1045 rito
138 985 192 1047 illa
211 986 379 1067 imponitur
400 989 439 1070 ei,
462 990 595 1068 quinon
619 988 790 1050 meruerat?
833 987 895 1050 sed
916 1005 980 1049 mo·
1021 1036 1024 1041 .

55 1067 253 1129 lentissimum
276 1075 334 1149 est,
356 1090 424 1132 eum
445 1072 548 1152 prede
572 1073 637 1132 istis
659 1071 767 1133 studiis
790 1069 981 1151 torquendae

55 1157 87 1212 et
108 1150 280 1214 cludendae
302 1151 476 1234 Scripturae
497 1153 676 1217 conflictari.

138 1235 280 1316 Deinde,
312 1237 394 1315 quod
429 1257 490 1299 non
525 1238 564 1298 de
597 1239 744 1299 servitute
764 1236 885 1297 illorum
909 1235 978 1297 sola

56 1324 130 1399 agat
152 1319 282 1401 ldnses,
311 1328 341 1380 et
373 1321 464 1381 etiarn
496 1321 527 1381 in
558 1320 617 1382 hoo
638 1328 723 1382 recte
743 1314 835 1380 saciat
857 1319 979 1399 Paulus,

56 1401 143 1482 quod
174 1400 213 1463 de
246 1401 344 1464 salute
375 1409 502 1489 aeterna
522 1404 675 1485 intelligat
704 1401 897 1487 (quanquam
919 1402 981 1463 boc

56 1503 119 1547 non
141 1484 186 1546 ita
207 1484 300 1546 laniat
330 1485 472 1567 adrem,
506 1494 608 1548 tamen
641 1506 704 1547 non
732 1486 832 1566 patiar
853 1485 979 1546 Paulum

57 1568 220 1630 calumniis
252 1570 472 1650 sacrilegorum
506 1571 745 1647 contaminari),
789 1569 981 1629 convincitur
1056 1591 1063 1601 ²

57 1673 96 1712 ex
116 1654 187 1733 ipso
210 1658 306 1715 textu.
350 1652 402 1715 Sic
424 1653 504 1715 enim
527 1653 620 1714 habet
642 1651 800 1714 oraculum
821 1652 852 1710 in
875 1652 978 1712 ldose:

57 1735 124 1797 Duo
157 1735 264 1816 populi
298 1756 339 1797 ex
371 1743 458 1797 utero
489 1743 540 1798 tuo
564 1736 752 1814 dividentur,
786 1734 981 1816 populusque

56 1818 205 1899 populum
238 1818 409 1900 superabit,
443 1825 474 1880 et
506 1822 603 1880 maior
625 1821 738 1881 serviet
761 1818 880 1879 minori.
923 1817 981 1878 llio

58 1901 219 1981 manifeste
240 1901 301 1981 duo
327 1902 433 1984 populi
456 1902 677 1981 discernuntur,
700 1902 777 1963 alter
798 1901 978 1981 ingratiam
1027 1902 1030 1907 '

55 1985 112 2046 Dei
131 1985 286 2065 recipitur,
309 1985 382 2046 lieet
404 1987 513 2063 minor,
535 1993 568 2047 ut
593 1988 694 2046 vincat
718 1985 882 2061 maiorem,
916 2002 978 2044 nnn

57 2068 180 2148 quidem
204 2068 405 2150 vinbus,sed
426 2069 549 2131 invente
571 2071 654 2151 Deo,
682 2067 799 2148 alioqui
821 2065 978 2146 quomodo

57 2154 160 2213 vincat
183 2152 283 2213 minor
304 2152 463 2234 maiorem,
486 2153 543 2213 nisi
565 2153 648 2214 Deus
671 2153 710 2212 sit
731 2171 799 2213 curn
823 2150 882 2213 eol
903 2150 979 2212 Cum

57 2237 150 2317 igitur
171 2235 271 2297 minor
302 2237 342 2295 sit
362 2236 479 2297 futurus
500 2236 633 2318 populus
656 2234 731 2313 Dei,
765 2253 826 2295 non
849 2234 917 2295 sola
938 2234 979 2295 ibi

56 2318 228 2383 dominatio
251 2315 380 2380 externa
400 2325 546 2380 tractatur
567 2326 620 2380 aut
636 2319 776 2397 servitus,
797 2317 852 2379 sed
866 2319 980 2396 omnia,

58 2421 138 2485 quae
160 2403 317 2483 pertinent
338 2402 376 2463 ad
400 2401 547 2483 populum
569 2403 638 2477 Dei,
661 2401 692 2462 id
714 2406 771 2482 est,
794 2400 980 2480 benedictio,

57 2485 197 2564 verbum,
219 2486 353 2566 spiritus,
376 2486 540 2566 promissio
565 2485 674 2546 Christi
697 2489 868 2564 etregnum
884 2490 991 2544 aeter-⁴

58 2590 147 2650 num,
174 2566 207 2629 id
230 2568 424 2648 quodetiam
447 2568 539 2629 latius
559 2574 670 2649 postea
691 2566 848 2647 Scriptura
869 2564 978 2627 confir·

59 2659 131 2732 mat,
154 2648 317 2714 ubilacob
338 2652 480 2714 benedici
503 2659 533 2713 et
555 2652 778 2732 promissiones
800 2655 831 2711 ct
851 2669 980 2729 regnum

58 2737 202 2817 accipere
235 2734 386 2801 describit.
436 2735 524 2811 Quae
558 2735 663 2796 omnia
693 2733 804 2794 Paulus
847 2732 982 2794 breviter

59 2819 176 2881 indicat
207 2817 278 2878 dum
302 2819 392 2898 dicit,
415 2820 561 2880 maiorem
583 2818 763 2879 serviturum
778 2834 847 2878 esse
861 2816 983 2895 minori,
1086 2892 1088 2897 Ι

58 2923 126 2966 nos
140 2867 184 2964 ad
201 2901 310 2964 Mosen
332 2903 488 2964 remittens
511 2901 601 2963 latins
631 2902 710 2962 baec
731 2905 926 2961 tractantem:
950 2905 984 2959 ut

58 2987 178 3069 possis·
195 2991 304 3047 'contra
336 2986 517 3066 Hieronymi
549 2992 580 3046 et
621 2984 766 3046 diatribes
800 2984 982 3064 sacrilegam

58 3071 243 3141 sententiam
276 3069 394 3149 dicere,
428 3069 534 3133 lortius
573 3087 611 3129 ea
644 3086 782 3149 pugnare
808 3067 886 3128 loeis
909 3067 982 3146 suis,

59 3172 151 3235 quam
173 3151 254 3234 apud
277 3152 419 3232 Paulum,
446 3169 648 3233 quaecunque
669 3150 806 3222 adducit,
839 3150 870 3211 id
899 3149 983 3230 quod

59 3257 123 3299 non
145 3236 247 3298 solum
285 3235 324 3297 de
347 3237 441 3298 Paulo
475 3254 580 3296 verum
604 3240 669 3314 est,
701 3233 755 3294 scd
780 3232 819 3294 de
840 3232 983 3294 omnibus

59 3320 228 3402 apostolis,
262 3321 313 3400 qui
335 3319 508 3401 Scripturas
530 3316 688 3378 adducunt
709 3324 855 3396 tanquam
889 3321 984 3376 testes

60 3412 91 3465 et
113 3405 292 3467 assertrices
315 3405 361 3464 sui
394 3401 555 3465 sermonis.
599 3399 772 3461 Ridiculum
796 3403 984 3477 vernasset,

59 3487 89 3547 id
112 3506 170 3568 pro
192 3488 369 3549 testimonio
392 3485 555 3564 adducere,
578 3483 660 3564 quod
682 3483 755 3544 nibil
779 3484 908 3543 testetur
929 3500 982 3541 ne·
1043 3502 1046 3509 ·

60 3589 120 3651 que
135 3570 231 3632 faciat
251 3568 291 3630 ad
308 3589 383 3635 rem.
426 3568 458 3631 Si
481 3569 561 3629 enim
588 3570 669 3628 inter
689 3565 892 3649 philosophos
914 3564 1004 3626 ridi--

61 3654 122 3716 culi
143 3660 233 3736 sunt,
256 3654 309 3734 qni
330 3655 469 3735 ignotum
492 3670 547 3733 per
568 3652 702 3733 ignotius
724 3655 777 3711 aut
798 3668 854 3730 per
873 3650 984 3731 imper·

29 3748 34 3757 ‘
60 3739 161 3800 tinens
181 3738 328 3819 probant,
352 3757 412 3818 qua
433 3736 535 3799 fronte
555 3754 613 3797 nos
634 3735 695 3796 boo
717 3733 883 3855 tribuemus
905 3753 986 3797 sum·
