2348 4162
339 250 377 306 ad
394 250 428 308 b.
445 251 590 308 Emmum
608 252 833 309 Rotarodauruur.
988 251 1050 318 143

122 427 160 482 ιιι
179 420 283 503 legum
313 420 464 483 eiusmodi
495 424 617 504 tyranni
646 423 729 484 aliud
759 442 821 484 non
853 422 931 500 siut,
959 441 1050 503 quam

122 504 190 586 lupi
211 522 353 586 rapaoes,
372 504 454 566 sures
488 514 518 565 et
541 505 676 567 latrones
698 508 877 570 animarum.
921 506 961 566 ιιι
995 505 1052 569 hos

123 594 160 648 tu
181 586 282 648 bouus
309 589 480 649 animarum
504 589 614 650 consul
647 588 736 650 uobis
766 590 964 650 commendas
986 609 1053 650 rur·

123 689 188 747 sus,
211 670 272 731 boe
283 675 340 751 ast,
363 681 500 733 autores
516 672 796 733 crudelissimorum
809 673 1049 750 animiaidarum,

124 761 161 814 ut
181 755 327 815 muudum
350 755 539 836 bypooritis,
576 756 675 817 Deum
705 756 987 837 blasphemantibus
1020 763 1053 816 et

123 837 395 898 contemnentibus
417 839 447 897 in
471 838 566 899 eorde
591 839 756 919 repleant,
787 847 819 898 ut
840 838 914 900 foris
934 840 966 899 in
989 857 1051 900 mo·

124 919 198 982 diuo
221 928 444 1001 noeraesnturf
454 922 540 1000 quasi
563 922 640 983 alius
664 922 774 985 modus
795 921 958 983 ooeroeudi
988 940 1061 1018 uon,

124 1004 183 1099 sit,
213 1005 265 1083 qui
287 1003 388 1064 nullos
409 964 593 1084 hypocritas
615 1005 709 1082 fauit,
747 1012 778 1066 et
799 1006 867 1066 sine
890 1007 1048 1066 oonsaien-

124 1087 236 1147 tiarum
260 1087 433 1166 perditione
455 1086 499 1162 fit
520 1096 553 1147 ut
575 1087 648 1152 dixi

209 1169 268 1229 Hie
287 1169 405 1249 allegas
427 1132 656 1249 similitudines,
685 1170 793 1249 quibus
828 1171 874 1232 ιιι
895 1170 1053 1232 abundare

124 1258 159 1312 et
178 1253 338 1333 aptissime
360 1253 402 1313 uti
424 1253 542 1334 videri,
575 1273 643 1314 esse
678 1253 795 1313 soiliaet
817 1254 963 1333 morbos,
1001 1256 1051 1333 qui

125 1335 246 1396 minora
257 1336 340 1396 malo
357 1335 535 1416 tolerentur,
557 1356 648 1416 quam
666 1336 821 1413 tollantur,
834 1343 868 1397 ut
878 1338 965 1417 lepra
978 1345 1051 1414 eta3

123 1418 200 1480 itam
223 1417 311 1479 addis
343 1419 517 1499 exemplum
540 1419 647 1497 Pauli,
682 1421 732 1498 qui
766 1420 943 1481 dissuaserit
975 1422 1053 1481 iuter

124 1518 174 1581 aa,
198 1519 278 1581 qnae
300 1501 394 1563 liaent
422 1507 454 1562 et
489 1521 568 1582 qnae
595 1504 778 1582 expediunt,
812 1503 883 1564 linet
911 1504 1048 1585 (inquis)
1166 1514 1169 1521 '

123 1603 233 1644 verum
256 1584 368 1662 diuers,
391 1603 495 1644 verum
510 1603 573 1646 non
596 1585 721 1665 expedit
732 1584 813 1666 apud
836 1587 972 1664 quosvis,
995 1604 1053 1659 nea

124 1666 268 1746 quolibet
287 1674 437 1748 tempore,
463 1686 520 1728 nea
542 1670 652 1749 quovis
674 1667 779 1731 modo.

211 1749 311 1824 Quam
334 1751 480 1847 copiosus
511 1758 624 1833 orator,
648 1751 721 1811 nihil
744 1757 846 1811 tamen
867 1750 1052 1832 intelligens,

125 1832 200 1914 quid
223 1834 382 1913 loquaris
416 1834 446 1893 in
469 1853 588 1895 summa
623 1836 667 1894 sio
699 1835 766 1914 agis
802 1848 925 1894 eausam
962 1833 1052 1931 hapa,

125 1916 216 1996 qusai
253 1935 304 1977 ras
337 1915 390 1977 tibi
421 1935 540 1977 menum
574 1924 656 1979 esset
683 1918 720 1978 de
742 1918 879 2016 periculo
903 1918 1053 1998 peouniae

72 2004 78 2015 “
123 1999 306 2080 reparabilis
354 2006 406 2060 aut
438 2000 562 2061 alterius
591 2001 760 2081 cuiuspiam
793 2003 837 2062 rei
866 2000 1052 2082 levissimae,

126 2084 214 2143 ouius
237 2082 421 2161 dispendio,
444 2091 589 2162 tanquam
614 2084 707 2164 longe
730 2084 866 2162 vilioris,
902 2087 1055 2163 quamsit

125 2172 255 2227 externa
276 2165 331 2226 ille
350 2185 434 2245 pax,
458 2185 521 2226 non
556 2165 668 2228 debeat
704 2167 782 2227 ullus
820 2166 898 2228 adeo
927 2168 1054 2248 moveri,

125 2249 199 2329 quin
223 2248 323 2324 oedst,
347 2248 448 2329 faeiat,
471 2251 612 2330 patiatur,
635 2268 690 2330 pro
713 2250 794 2328 loeo,
817 2270 858 2312 ne
878 2253 923 2311 sio
946 2250 1054 2312 tumul·

126 2332 205 2393 tuari
227 2351 357 2392 neeesse
379 2334 420 2393 sit
441 2333 597 2394 mundum.
640 2333 735 2394 Plane
769 2334 860 2414 igitur
886 2332 1052 2415 siguifioas,

126 2433 236 2496 panem
265 2416 355 2475 istam
385 2422 416 2475 et
449 2416 696 2494 tranquillitatem
732 2419 831 2476 earnis
869 2417 921 2477 tibi
960 2417 1053 2497 longa

126 2499 383 2578 praestantiorem
407 2497 514 2572 videri
537 2518 628 2579 quam
651 2498 758 2578 fldem,
781 2518 872 2579 quam
895 2502 1054 2561 oonseien-

125 2581 211 2659 ιιιιιι,
235 2599 327 2660 quam
349 2580 488 2659 salutem,
517 2600 608 2660 quam
631 2581 756 2643 verbum
779 2582 853 2662 Dei,
876 2602 967 2661 quam
990 2584 1054 2663 glo

126 2665 202 2725 riam
227 2663 360 2742 Christi,
383 2680 474 2743 quam
499 2665 627 2725 Deum
618 2683 727 2745 ipsum
786 2663 861 2726 ldeo
896 2665 965 2726 dieo
990 2666 1052 2744 tibi,

126 2754 219 2826 atque
240 2746 301 2808 boa
322 2747 491 2808 sensibus
484 2749 552 2807 imis
574 2767 709 2828 reponas
733 2768 805 2846 oro,
828 2748 900 2808 mibi
921 2768 985 2810 rem
1006 2767 1052 2808 ae-

126 2831 202 2890 riam
225 2836 257 2890 et
272 2831 479 2891 neeessariam
502 2833 749 2910 aeternamque
741 2851 772 2892 m
791 2832 850 2892 hso
872 2851 966 2893 eausa
979 2834 1053 2913 peti,

126 2912 220 2974 talem
260 2931 298 2973 ao
320 2921 461 2994 tantam,
493 2922 526 2974 ut
554 2933 621 2974 eam
657 2921 805 2976 assertam
841 2922 872 2975 et
895 2915 1052 2977 defensam

126 3002 272 3076 oporteat
303 3015 358 3076 per
379 2961 508 3057 mort'em
532 3015 673 3077 quoque,
702 3000 822 3058 etiamsi
855 2998 986 3060 mundus
1008 2997 1053 3059 ιοέ

126 3084 173 3139 tus
197 3097 260 3139 non
284 3079 382 3139 solum
406 3078 574 3140 oontliotari
599 3089 628 3140 et
651 3082 827 3141 tumultuari
850 3081 981 3160 debeat,
1002 3101 1054 3143 va·

126 3180 194 3221 mm
218 3162 310 3222 etiam
333 3162 364 3221 in
394 3161 642 3237 unumehaos1)
678 3184 766 3225 ruere
801 3171 834 3227 et
865 3166 896 3225 iu
925 3165 1052 3229 nihilum

125 3243 254 3325 redigi.
280 3244 400 3306 Haeo
376 3264 402 3306 ιι
424 3253 456 3305 tu
478 3264 539 3306 nou
553 3247 638 3326 sapis
661 3247 710 3308 vel
737 3267 797 3308 uon
813 3247 954 3326 allideris,
970 3257 1051 3309 tuam

125 3345 197 3469 qerp
215 3346 284 3407 aga,
306 3337 338 3389 et
360 3329 425 3389 siue
447 3328 518 3390 illos
540 3348 653 3411 capere
674 3338 706 3392 et
727 3330 820 3411 allisi,
842 3331 952 3412 quibus
970 3332 1052 3391 Deus

146 3411 221 3472 eit.

210 3488 321 3572 Neque
342 3495 422 3555 enim
446 3514 527 3576 ego,
549 3460 607 3557 Dei
629 3498 750 3578 grstia,
790 3505 851 3557 tam
884 3498 993 3559 stultus
1023 3506 1054 3559 et

185 3761 232 3830 ·1)
252 3760 284 3815 ln
302 3759 346 3816 ed.
366 3761 449 3818 mas:
469 3759 564 3816 sabos.
