<?xml version="1.0" encoding="UTF-8"?>
<!DOCTYPE html PUBLIC "-//W3C//DTD XHTML 1.0 Transitional//EN"
    "http://www.w3.org/TR/xhtml1/DTD/xhtml1-transitional.dtd">
<html xmlns="http://www.w3.org/1999/xhtml" xml:lang="en" lang="en">
 <head>
  <title>
</title>
<meta http-equiv="Content-Type" content="text/html;charset=utf-8" />
  <meta name='ocr-system' content='tesseract 3.04.00' />
  <meta name='ocr-capabilities' content='ocr_page ocr_carea ocr_par ocr_line ocrx_word'/>
</head>
<body>
  <div class='ocr_page' id='page_1' title='image "./dmartinilutheri02luthgoog_0316.png"; bbox 0 0 2348 4162; ppageno 0'>
   <div class='ocr_carea' id='block_1_1' title="bbox 275 224 987 316">
    <p class='ocr_par' dir='ltr' id='par_1_1' title="bbox 275 224 987 316">
     <span class='ocr_line' id='line_1_1' title="bbox 275 224 987 316; baseline 0.004 -10"><span class='ocrx_word' id='word_1_1' title='bbox 275 251 312 306; x_wconf 88' lang='lat' dir='ltr'>ad</span> <span class='ocrx_word' id='word_1_2' title='bbox 331 252 368 309; x_wconf 85' lang='lat' dir='ltr'>D.</span> <span class='ocrx_word' id='word_1_3' title='bbox 386 251 529 308; x_wconf 80' lang='lat' dir='ltr'>liraamum</span> <span class='ocrx_word' id='word_1_4' title='bbox 547 224 776 308; x_wconf 86' lang='lat' dir='ltr'>Rotarodamunr.</span> <span class='ocrx_word' id='word_1_5' title='bbox 924 248 987 316; x_wconf 84' lang='lat'>303</span> 
     </span>
    </p>
   </div>
   <div class='ocr_carea' id='block_1_2' title="bbox 24 418 1045 3830">
    <p class='ocr_par' dir='ltr' id='par_1_2' title="bbox 24 418 988 667">
     <span class='ocr_line' id='line_1_2' title="bbox 65 418 988 500; baseline 0 -19"><span class='ocrx_word' id='word_1_6' title='bbox 65 420 162 500; x_wconf 88' lang='lat' dir='ltr'>bona,</span> <span class='ocrx_word' id='word_1_7' title='bbox 201 418 257 480; x_wconf 84' lang='lat' dir='ltr'>sed</span> <span class='ocrx_word' id='word_1_8' title='bbox 280 438 385 482; x_wconf 85' lang='lat' dir='ltr'>eoram</span> <span class='ocrx_word' id='word_1_9' title='bbox 403 422 470 483; x_wconf 88' lang='lat' dir='ltr'>Deo</span> <span class='ocrx_word' id='word_1_10' title='bbox 492 441 564 483; x_wconf 88' lang='lat' dir='ltr'>vers</span> <span class='ocrx_word' id='word_1_11' title='bbox 596 428 681 487; x_wconf 85' lang='lat' dir='ltr'>sunt</span> <span class='ocrx_word' id='word_1_12' title='bbox 700 438 772 482; x_wconf 87' lang='lat' dir='ltr'>earo</span> <span class='ocrx_word' id='word_1_13' title='bbox 803 427 834 482; x_wconf 94' lang='lat' dir='ltr'>et</span> <span class='ocrx_word' id='word_1_14' title='bbox 854 420 988 482; x_wconf 81' lang='lat' dir='ltr'>Satanae</span> 
     </span>
     <span class='ocr_line' id='line_1_3' title="bbox 24 503 987 587; baseline 0 -23"><span class='ocrx_word' id='word_1_15' title='bbox 24 568 27 573; x_wconf 71' lang='grc'><strong>,</strong></span> <span class='ocrx_word' id='word_1_16' title='bbox 64 522 160 584; x_wconf 87' lang='lat' dir='ltr'>regno</span> <span class='ocrx_word' id='word_1_17' title='bbox 173 505 348 587; x_wconf 84' lang='lat' dir='ltr'>servrentra</span> <span class='ocrx_word' id='word_1_18' title='bbox 370 503 401 564; x_wconf 95' lang='lat' dir='ltr'>id</span> <span class='ocrx_word' id='word_1_19' title='bbox 423 511 479 586; x_wconf 86' lang='lat' dir='ltr'>est,</span> <span class='ocrx_word' id='word_1_20' title='bbox 502 524 597 587; x_wconf 89' lang='lat' dir='ltr'>rmpra</span> <span class='ocrx_word' id='word_1_21' title='bbox 610 510 641 567; x_wconf 91' lang='lat' dir='ltr'>et</span> <span class='ocrx_word' id='word_1_22' title='bbox 653 505 813 586; x_wconf 83' lang='lat' dir='ltr'>saonlega,</span> <span class='ocrx_word' id='word_1_23' title='bbox 835 504 987 566; x_wconf 89' lang='lat' dir='ltr'>omnibus-</span> 
     </span>
     <span class='ocr_line' id='line_1_4' title="bbox 65 553 433 667; baseline 0.006 -21"><span class='ocrx_word' id='word_1_24' title='bbox 65 605 123 667; x_wconf 85' lang='lat' dir='ltr'>que</span> <span class='ocrx_word' id='word_1_25' title='bbox 145 587 322 648; x_wconf 82' lang='lat' dir='ltr'><strong>nominibus</strong></span> <span class='ocrx_word' id='word_1_26' title='bbox 339 553 433 649; x_wconf 83' lang='lat' dir='ltr'>mals.</span> 
     </span>
    </p>

    <p class='ocr_par' dir='ltr' id='par_1_3' title="bbox 63 669 1045 2079">
     <span class='ocr_line' id='line_1_5' title="bbox 146 669 1045 752; baseline -0.003 -21"><span class='ocrx_word' id='word_1_27' title='bbox 146 669 209 731; x_wconf 78' lang='lat' dir='ltr'>aed</span> <span class='ocrx_word' id='word_1_28' title='bbox 225 669 377 750; x_wconf 83' lang='lat' dir='ltr'>fingamus</span> <span class='ocrx_word' id='word_1_29' title='bbox 391 689 517 752; x_wconf 85' lang='lat' dir='ltr'>quaeso,</span> <span class='ocrx_word' id='word_1_30' title='bbox 542 671 605 730; x_wconf 90' lang='lat' dir='ltr'>diat</span> <span class='ocrx_word' id='word_1_31' title='bbox 606 670 685 732; x_wconf 86' lang='lat' dir='ltr'>ribes</span> <span class='ocrx_word' id='word_1_32' title='bbox 699 671 880 731; x_wconf 79' lang='lat' dir='ltr'>sententiam</span> <span class='ocrx_word' id='word_1_33' title='bbox 895 676 986 749; x_wconf 87' lang='lat' dir='ltr'>stare,</span> <span class='ocrx_word' id='word_1_34' title='bbox 1040 740 1045 747; x_wconf 29' lang='grc' dir='ltr'>ι</span> 
     </span>
     <span class='ocr_line' id='line_1_6' title="bbox 65 751 987 833; baseline 0 -21"><span class='ocrx_word' id='word_1_35' title='bbox 65 751 147 832; x_wconf 86' lang='lat' dir='ltr'>qnod</span> <span class='ocrx_word' id='word_1_36' title='bbox 169 772 232 814; x_wconf 91' lang='lat' dir='ltr'>nou</span> <span class='ocrx_word' id='word_1_37' title='bbox 256 756 356 814; x_wconf 87' lang='lat' dir='ltr'>omnis</span> <span class='ocrx_word' id='word_1_38' title='bbox 378 753 505 814; x_wconf 83' lang='lat' dir='ltr'>effeetus</span> <span class='ocrx_word' id='word_1_39' title='bbox 527 755 567 814; x_wconf 88' lang='lat' dir='ltr'>sit</span> <span class='ocrx_word' id='word_1_40' title='bbox 588 773 679 832; x_wconf 85' lang='lat' dir='ltr'>earo,</span> <span class='ocrx_word' id='word_1_41' title='bbox 713 753 744 815; x_wconf 90' lang='lat' dir='ltr'>id</span> <span class='ocrx_word' id='word_1_42' title='bbox 767 760 828 833; x_wconf 88' lang='lat' dir='ltr'>est,</span> <span class='ocrx_word' id='word_1_43' title='bbox 862 754 987 833; x_wconf 86' lang='lat' dir='ltr'>impius,</span> 
     </span>
     <span class='ocr_line' id='line_1_7' title="bbox 65 836 987 917; baseline -0.001 -22"><span class='ocrx_word' id='word_1_44' title='bbox 65 837 117 896; x_wconf 89' lang='lat' dir='ltr'>sed</span> <span class='ocrx_word' id='word_1_45' title='bbox 142 837 211 896; x_wconf 86' lang='lat' dir='ltr'>sit</span> <span class='ocrx_word' id='word_1_46' title='bbox 203 856 246 916; x_wconf 86' lang='lat' dir='ltr'>rs,</span> <span class='ocrx_word' id='word_1_47' title='bbox 270 839 327 916; x_wconf 92' lang='lat' dir='ltr'>qui</span> <span class='ocrx_word' id='word_1_48' title='bbox 355 838 477 916; x_wconf 88' lang='lat' dir='ltr'>spiritus</span> <span class='ocrx_word' id='word_1_49' title='bbox 505 836 630 917; x_wconf 87' lang='lat' dir='ltr'>dieitur,</span> <span class='ocrx_word' id='word_1_50' title='bbox 662 839 809 898; x_wconf 88' lang='lat' dir='ltr'>honestus</span> <span class='ocrx_word' id='word_1_51' title='bbox 833 841 863 898; x_wconf 91' lang='lat' dir='ltr'>et</span> <span class='ocrx_word' id='word_1_52' title='bbox 885 854 987 914; x_wconf 86' lang='lat' dir='ltr'>sanus,</span> 
     </span>
     <span class='ocr_line' id='line_1_8' title="bbox 65 919 988 1016; baseline 0.001 -38"><span class='ocrx_word' id='word_1_53' title='bbox 65 919 134 979; x_wconf 83' lang='lat' dir='ltr'>vide</span> <span class='ocrx_word' id='word_1_54' title='bbox 162 926 310 998; x_wconf 90' lang='lat' dir='ltr'>quantum</span> <span class='ocrx_word' id='word_1_55' title='bbox 344 921 540 980; x_wconf 71' lang='lat' dir='ltr'><strong>absurditatis</strong></span> <span class='ocrx_word' id='word_1_56' title='bbox 561 921 632 980; x_wconf 90' lang='lat' dir='ltr'>hino</span> <span class='ocrx_word' id='word_1_57' title='bbox 654 928 812 1016; x_wconf 83' lang='lat' dir='ltr'>sequatur,</span> <span class='ocrx_word' id='word_1_58' title='bbox 839 937 902 979; x_wconf 92' lang='lat' dir='ltr'>non</span> <span class='ocrx_word' id='word_1_59' title='bbox 926 920 988 997; x_wconf 92' lang='lat' dir='ltr'>qui-</span> 
     </span>
     <span class='ocr_line' id='line_1_9' title="bbox 65 1001 987 1098; baseline -0.001 -37"><span class='ocrx_word' id='word_1_60' title='bbox 65 1002 133 1063; x_wconf 90' lang='lat' dir='ltr'>dem</span> <span class='ocrx_word' id='word_1_61' title='bbox 156 1002 238 1081; x_wconf 92' lang='lat' dir='ltr'>apud</span> <span class='ocrx_word' id='word_1_62' title='bbox 260 1003 410 1063; x_wconf 86' lang='lat' dir='ltr'>rationem</span> <span class='ocrx_word' id='word_1_63' title='bbox 433 1003 614 1098; x_wconf 78' lang='lat' dir='ltr'>humanam,</span> <span class='ocrx_word' id='word_1_64' title='bbox 643 1005 727 1063; x_wconf 87' lang='lat' dir='ltr'>sed</span> <span class='ocrx_word' id='word_1_65' title='bbox 719 1023 750 1064; x_wconf 90' lang='grc' dir='ltr'>ιιι</span> <span class='ocrx_word' id='word_1_66' title='bbox 773 1009 839 1063; x_wconf 89' lang='lat' dir='ltr'>tota</span> <span class='ocrx_word' id='word_1_67' title='bbox 862 1001 987 1063; x_wconf 82' lang='lat' dir='ltr'>Christi·</span> 
     </span>
     <span class='ocr_line' id='line_1_10' title="bbox 65 1080 987 1165; baseline -0.003 -19"><span class='ocrx_word' id='word_1_68' title='bbox 65 1105 123 1146; x_wconf 88' lang='lat' dir='ltr'>ana</span> <span class='ocrx_word' id='word_1_69' title='bbox 144 1085 296 1165; x_wconf 78' lang='lat' dir='ltr'>religione</span> <span class='ocrx_word' id='word_1_70' title='bbox 330 1091 362 1146; x_wconf 91' lang='lat' dir='ltr'>et</span> <span class='ocrx_word' id='word_1_71' title='bbox 392 1087 519 1145; x_wconf 86' lang='lat' dir='ltr'>summis</span> <span class='ocrx_word' id='word_1_72' title='bbox 550 1085 621 1146; x_wconf 82' lang='lat' dir='ltr'>fidei</span> <span class='ocrx_word' id='word_1_73' title='bbox 655 1086 799 1148; x_wconf 78' lang='lat' dir='ltr'>articulis.</span> <span class='ocrx_word' id='word_1_74' title='bbox 833 1080 873 1146; x_wconf 82' lang='lat' dir='ltr'>Si</span> <span class='ocrx_word' id='word_1_75' title='bbox 906 1085 987 1144; x_wconf 91' lang='lat' dir='ltr'>enim</span> 
     </span>
     <span class='ocr_line' id='line_1_11' title="bbox 65 1168 989 1249; baseline -0.001 -20"><span class='ocrx_word' id='word_1_76' title='bbox 65 1168 359 1249; x_wconf 83' lang='lat' dir='ltr'>praestantissimum</span> <span class='ocrx_word' id='word_1_77' title='bbox 382 1169 411 1227; x_wconf 92' lang='lat' dir='ltr'>iu</span> <span class='ocrx_word' id='word_1_78' title='bbox 435 1169 559 1228; x_wconf 92' lang='lat' dir='ltr'>homine</span> <span class='ocrx_word' id='word_1_79' title='bbox 581 1177 708 1229; x_wconf 87' lang='lat' dir='ltr'>nonest</span> <span class='ocrx_word' id='word_1_80' title='bbox 729 1170 865 1248; x_wconf 87' lang='lat' dir='ltr'>impium,</span> <span class='ocrx_word' id='word_1_81' title='bbox 888 1186 989 1248; x_wconf 91' lang='lat' dir='ltr'>neque</span> 
     </span>
     <span class='ocr_line' id='line_1_12' title="bbox 65 1250 988 1332; baseline -0.003 -20"><span class='ocrx_word' id='word_1_82' title='bbox 65 1250 216 1332; x_wconf 85' lang='lat' dir='ltr'>perditum</span> <span class='ocrx_word' id='word_1_83' title='bbox 251 1257 305 1311; x_wconf 88' lang='lat' dir='ltr'>aut</span> <span class='ocrx_word' id='word_1_84' title='bbox 329 1250 523 1327; x_wconf 88' lang='lat' dir='ltr'>damnatum,</span> <span class='ocrx_word' id='word_1_85' title='bbox 554 1251 608 1311; x_wconf 89' lang='lat' dir='ltr'>sed</span> <span class='ocrx_word' id='word_1_86' title='bbox 636 1254 734 1312; x_wconf 85' lang='lat' dir='ltr'>sotum</span> <span class='ocrx_word' id='word_1_87' title='bbox 758 1271 845 1330; x_wconf 81' lang='lat' dir='ltr'>earo,</span> <span class='ocrx_word' id='word_1_88' title='bbox 878 1250 988 1329; x_wconf 89' lang='lat' dir='ltr'>idest,</span> 
     </span>
     <span class='ocr_line' id='line_1_13' title="bbox 64 1333 988 1413; baseline -0.002 -19"><span class='ocrx_word' id='word_1_89' title='bbox 64 1335 231 1394; x_wconf 75' lang='lat' dir='ltr'>crassiores</span> <span class='ocrx_word' id='word_1_90' title='bbox 253 1334 460 1394; x_wconf 83' lang='lat' dir='ltr'>etinferiores</span> <span class='ocrx_word' id='word_1_91' title='bbox 484 1333 626 1410; x_wconf 79' lang='lat' dir='ltr'>affectus,</span> <span class='ocrx_word' id='word_1_92' title='bbox 658 1335 779 1412; x_wconf 85' lang='lat' dir='ltr'>quatern</span> <span class='ocrx_word' id='word_1_93' title='bbox 797 1353 874 1413; x_wconf 89' lang='lat' dir='ltr'>rogo</span> <span class='ocrx_word' id='word_1_94' title='bbox 897 1333 988 1394; x_wconf 85' lang='lat' dir='ltr'>faeie·</span> 
     </span>
     <span class='ocr_line' id='line_1_14' title="bbox 66 1417 987 1497; baseline -0.003 -19"><span class='ocrx_word' id='word_1_95' title='bbox 66 1436 132 1478; x_wconf 90' lang='lat' dir='ltr'>mus</span> <span class='ocrx_word' id='word_1_96' title='bbox 150 1417 302 1478; x_wconf 80' lang='lat' dir='ltr'>Christum</span> <span class='ocrx_word' id='word_1_97' title='bbox 325 1417 574 1496; x_wconf 82' lang='lat' dir='ltr'>redemptorem?</span> <span class='ocrx_word' id='word_1_98' title='bbox 603 1418 650 1476; x_wconf 88' lang='lat' dir='ltr'>Au</span> <span class='ocrx_word' id='word_1_99' title='bbox 674 1418 805 1497; x_wconf 87' lang='lat' dir='ltr'>pretium</span> <span class='ocrx_word' id='word_1_100' title='bbox 830 1418 987 1496; x_wconf 88' lang='lat' dir='ltr'>sanguinis</span> 
     </span>
     <span class='ocr_line' id='line_1_15' title="bbox 64 1498 987 1579; baseline -0.001 -19"><span class='ocrx_word' id='word_1_101' title='bbox 64 1503 129 1561; x_wconf 87' lang='lat' dir='ltr'>eiua</span> <span class='ocrx_word' id='word_1_102' title='bbox 153 1508 215 1560; x_wconf 88' lang='lat' dir='ltr'>tam</span> <span class='ocrx_word' id='word_1_103' title='bbox 240 1500 298 1559; x_wconf 83' lang='lat' dir='ltr'>vile</span> <span class='ocrx_word' id='word_1_104' title='bbox 320 1500 483 1576; x_wconf 77' lang='lat' dir='ltr'>faciemus,</span> <span class='ocrx_word' id='word_1_105' title='bbox 518 1501 670 1560; x_wconf 80' lang='lat' dir='ltr'>utentum</span> <span class='ocrx_word' id='word_1_106' title='bbox 691 1499 738 1579; x_wconf 88' lang='lat' dir='ltr'>id,</span> <span class='ocrx_word' id='word_1_107' title='bbox 775 1498 858 1578; x_wconf 90' lang='lat' dir='ltr'>quod</span> <span class='ocrx_word' id='word_1_108' title='bbox 881 1498 987 1559; x_wconf 88' lang='lat' dir='ltr'>vilissi-</span> 
     </span>
     <span class='ocr_line' id='line_1_16' title="bbox 65 1580 987 1663; baseline -0.003 -20"><span class='ocrx_word' id='word_1_109' title='bbox 65 1602 147 1643; x_wconf 88' lang='lat' dir='ltr'>mum</span> <span class='ocrx_word' id='word_1_110' title='bbox 169 1589 218 1643; x_wconf 86' lang='lat' dir='ltr'>est</span> <span class='ocrx_word' id='word_1_111' title='bbox 245 1584 276 1642; x_wconf 93' lang='lat' dir='ltr'>in</span> <span class='ocrx_word' id='word_1_112' title='bbox 302 1580 445 1660; x_wconf 80' lang='lat' dir='ltr'>homine,</span> <span class='ocrx_word' id='word_1_113' title='bbox 476 1582 656 1662; x_wconf 81' lang='lat' dir='ltr'>redemerit,</span> <span class='ocrx_word' id='word_1_114' title='bbox 693 1583 987 1663; x_wconf 87' lang='lat' dir='ltr'>praestantissimum</span> 
     </span>
     <span class='ocr_line' id='line_1_17' title="bbox 64 1664 987 1745; baseline -0.004 -18"><span class='ocrx_word' id='word_1_115' title='bbox 64 1684 138 1727; x_wconf 84' lang='lat' dir='ltr'>vero</span> <span class='ocrx_word' id='word_1_116' title='bbox 161 1667 191 1726; x_wconf 88' lang='lat' dir='ltr'>in</span> <span class='ocrx_word' id='word_1_117' title='bbox 214 1665 340 1726; x_wconf 92' lang='lat' dir='ltr'>homine</span> <span class='ocrx_word' id='word_1_118' title='bbox 363 1685 417 1745; x_wconf 94' lang='lat' dir='ltr'>per</span> <span class='ocrx_word' id='word_1_119' title='bbox 439 1685 509 1726; x_wconf 89' lang='lat' dir='ltr'>sese</span> <span class='ocrx_word' id='word_1_120' title='bbox 532 1666 633 1726; x_wconf 87' lang='lat' dir='ltr'>valeat</span> <span class='ocrx_word' id='word_1_121' title='bbox 661 1674 691 1727; x_wconf 87' lang='lat' dir='ltr'>et</span> <span class='ocrx_word' id='word_1_122' title='bbox 714 1665 835 1727; x_wconf 83' lang='lat' dir='ltr'>Christo</span> <span class='ocrx_word' id='word_1_123' title='bbox 858 1683 920 1725; x_wconf 93' lang='lat' dir='ltr'>non</span> <span class='ocrx_word' id='word_1_124' title='bbox 936 1664 987 1724; x_wconf 90' lang='lat' dir='ltr'>ha-</span> 
     </span>
     <span class='ocr_line' id='line_1_18' title="bbox 65 1746 988 1831; baseline -0.003 -21"><span class='ocrx_word' id='word_1_125' title='bbox 65 1750 134 1810; x_wconf 87' lang='lat' dir='ltr'>heat</span> <span class='ocrx_word' id='word_1_126' title='bbox 157 1749 258 1829; x_wconf 81' lang='lat' dir='ltr'>opus?</span> <span class='ocrx_word' id='word_1_127' title='bbox 280 1748 321 1810; x_wconf 91' lang='lat' dir='ltr'>Ut</span> <span class='ocrx_word' id='word_1_128' title='bbox 343 1749 494 1811; x_wconf 77' lang='lat' dir='ltr'>Christum</span> <span class='ocrx_word' id='word_1_129' title='bbox 523 1748 669 1829; x_wconf 83' lang='lat' dir='ltr'>deinceps</span> <span class='ocrx_word' id='word_1_130' title='bbox 690 1748 902 1831; x_wconf 76' lang='lat' dir='ltr'>praedicemus</span> <span class='ocrx_word' id='word_1_131' title='bbox 923 1746 988 1808; x_wconf 89' lang='lat' dir='ltr'>red·</span> 
     </span>
     <span class='ocr_line' id='line_1_19' title="bbox 63 1831 988 1914; baseline -0.003 -22"><span class='ocrx_word' id='word_1_132' title='bbox 63 1846 233 1914; x_wconf 79' lang='lat' dir='ltr'>emptorem</span> <span class='ocrx_word' id='word_1_133' title='bbox 257 1850 319 1892; x_wconf 90' lang='lat' dir='ltr'>non</span> <span class='ocrx_word' id='word_1_134' title='bbox 342 1834 435 1893; x_wconf 88' lang='lat' dir='ltr'>totius</span> <span class='ocrx_word' id='word_1_135' title='bbox 456 1832 598 1910; x_wconf 89' lang='lat' dir='ltr'>hominis,</span> <span class='ocrx_word' id='word_1_136' title='bbox 619 1832 672 1892; x_wconf 87' lang='lat' dir='ltr'>sed</span> <span class='ocrx_word' id='word_1_137' title='bbox 696 1834 790 1912; x_wconf 86' lang='lat' dir='ltr'>partis</span> <span class='ocrx_word' id='word_1_138' title='bbox 812 1833 877 1891; x_wconf 87' lang='lat' dir='ltr'>eiua</span> <span class='ocrx_word' id='word_1_139' title='bbox 909 1831 988 1890; x_wconf 85' lang='lat' dir='ltr'>vilis·</span> 
     </span>
     <span class='ocr_line' id='line_1_20' title="bbox 64 1914 988 1996; baseline -0.003 -21"><span class='ocrx_word' id='word_1_140' title='bbox 64 1918 176 1996; x_wconf 83' lang='lat' dir='ltr'>timae,</span> <span class='ocrx_word' id='word_1_141' title='bbox 199 1916 318 1976; x_wconf 86' lang='lat' dir='ltr'>soiiioet</span> <span class='ocrx_word' id='word_1_142' title='bbox 340 1916 457 1992; x_wconf 87' lang='lat' dir='ltr'>earnis,</span> <span class='ocrx_word' id='word_1_143' title='bbox 479 1915 634 1975; x_wconf 92' lang='lat' dir='ltr'>hominem</span> <span class='ocrx_word' id='word_1_144' title='bbox 658 1933 731 1976; x_wconf 90' lang='lat' dir='ltr'>vero</span> <span class='ocrx_word' id='word_1_145' title='bbox 754 1917 919 1995; x_wconf 90' lang='lat' dir='ltr'>ipsummet</span> <span class='ocrx_word' id='word_1_146' title='bbox 941 1914 988 1973; x_wconf 84' lang='lat' dir='ltr'>sui</span> 
     </span>
     <span class='ocr_line' id='line_1_21' title="bbox 64 1998 794 2079; baseline 0.003 -21"><span class='ocrx_word' id='word_1_147' title='bbox 64 2000 159 2079; x_wconf 85' lang='lat' dir='ltr'>ipsius</span> <span class='ocrx_word' id='word_1_148' title='bbox 182 1998 408 2078; x_wconf 85' lang='lat' dir='ltr'>redemptorem</span> <span class='ocrx_word' id='word_1_149' title='bbox 432 2000 462 2057; x_wconf 92' lang='lat' dir='ltr'>in</span> <span class='ocrx_word' id='word_1_150' title='bbox 486 2000 606 2078; x_wconf 88' lang='lat' dir='ltr'>potiore</span> <span class='ocrx_word' id='word_1_151' title='bbox 630 1999 676 2059; x_wconf 89' lang='lat' dir='ltr'>sui</span> <span class='ocrx_word' id='word_1_152' title='bbox 699 2008 794 2079; x_wconf 87' lang='lat' dir='ltr'>parte.</span> 
     </span>
    </p>

    <p class='ocr_par' dir='ltr' id='par_1_4' title="bbox 57 2080 989 3325">
     <span class='ocr_line' id='line_1_22' title="bbox 146 2080 988 2162; baseline 0 -22"><span class='ocrx_word' id='word_1_153' title='bbox 146 2080 236 2161; x_wconf 78' lang='lat' dir='ltr'>Elige</span> <span class='ocrx_word' id='word_1_154' title='bbox 255 2087 359 2142; x_wconf 56' lang='lat' dir='ltr'>&lt;utrum</span> <span class='ocrx_word' id='word_1_155' title='bbox 383 2082 535 2160; x_wconf 84' lang='lat' dir='ltr'>volueris,</span> <span class='ocrx_word' id='word_1_156' title='bbox 575 2083 600 2141; x_wconf 90' lang='lat' dir='ltr'>si</span> <span class='ocrx_word' id='word_1_157' title='bbox 623 2102 699 2142; x_wconf 89' lang='lat' dir='ltr'>sana</span> <span class='ocrx_word' id='word_1_158' title='bbox 726 2090 772 2142; x_wconf 86' lang='lat' dir='ltr'>est</span> <span class='ocrx_word' id='word_1_159' title='bbox 793 2081 896 2162; x_wconf 91' lang='lat' dir='ltr'>potior</span> <span class='ocrx_word' id='word_1_160' title='bbox 917 2098 988 2160; x_wconf 86' lang='lat' dir='ltr'>para</span> 
     </span>
     <span class='ocr_line' id='line_1_23' title="bbox 64 2130 986 2262; baseline -0.002 -36"><span class='ocrx_word' id='word_1_161' title='bbox 64 2163 216 2242; x_wconf 85' lang='lat' dir='ltr'>hominis,</span> <span class='ocrx_word' id='word_1_162' title='bbox 239 2164 435 2262; x_wconf 84' lang='lat' dir='ltr'>redemptore</span> <span class='ocrx_word' id='word_1_163' title='bbox 457 2130 577 2225; x_wconf 61' lang='lat' dir='ltr'>Christo</span> <span class='ocrx_word' id='word_1_164' title='bbox 601 2185 661 2226; x_wconf 90' lang='lat' dir='ltr'>non</span> <span class='ocrx_word' id='word_1_165' title='bbox 686 2173 766 2245; x_wconf 84' lang='lat' dir='ltr'>eget.</span> <span class='ocrx_word' id='word_1_166' title='bbox 745 2163 842 2225; x_wconf 81' lang='lat' dir='ltr'>tsi</span> <span class='ocrx_word' id='word_1_167' title='bbox 865 2163 986 2225; x_wconf 81' lang='lat' dir='ltr'>Christo</span> 
     </span>
     <span class='ocr_line' id='line_1_24' title="bbox 64 2246 987 2328; baseline -0.003 -20"><span class='ocrx_word' id='word_1_168' title='bbox 64 2267 124 2308; x_wconf 91' lang='lat' dir='ltr'>non</span> <span class='ocrx_word' id='word_1_169' title='bbox 153 2254 241 2328; x_wconf 87' lang='lat' dir='ltr'>eget,</span> <span class='ocrx_word' id='word_1_170' title='bbox 263 2249 379 2308; x_wconf 92' lang='lat' dir='ltr'>maiore</span> <span class='ocrx_word' id='word_1_171' title='bbox 402 2248 501 2328; x_wconf 89' lang='lat' dir='ltr'>gloria</span> <span class='ocrx_word' id='word_1_172' title='bbox 522 2266 614 2328; x_wconf 87' lang='lat' dir='ltr'>super</span> <span class='ocrx_word' id='word_1_173' title='bbox 636 2248 788 2309; x_wconf 81' lang='lat' dir='ltr'>Christum</span> <span class='ocrx_word' id='word_1_174' title='bbox 811 2246 987 2326; x_wconf 89' lang='lat' dir='ltr'>triumphat</span> 
     </span>
     <span class='ocr_line' id='line_1_25' title="bbox 64 2326 988 2411; baseline -0.003 -21"><span class='ocrx_word' id='word_1_175' title='bbox 64 2337 96 2391; x_wconf 90' lang='lat' dir='ltr'>nt</span> <span class='ocrx_word' id='word_1_176' title='bbox 117 2349 200 2411; x_wconf 90' lang='lat' dir='ltr'>quae</span> <span class='ocrx_word' id='word_1_177' title='bbox 221 2349 292 2390; x_wconf 87' lang='lat' dir='ltr'>sese</span> <span class='ocrx_word' id='word_1_178' title='bbox 313 2333 463 2410; x_wconf 90' lang='lat' dir='ltr'>potiorem</span> <span class='ocrx_word' id='word_1_179' title='bbox 487 2339 605 2410; x_wconf 85' lang='lat' dir='ltr'>partem</span> <span class='ocrx_word' id='word_1_180' title='bbox 627 2338 727 2408; x_wconf 87' lang='lat' dir='ltr'>euret,</span> <span class='ocrx_word' id='word_1_181' title='bbox 758 2349 825 2397; x_wconf 89' lang='lat' dir='ltr'>eum</span> <span class='ocrx_word' id='word_1_182' title='bbox 850 2326 988 2389; x_wconf 83' lang='lat' dir='ltr'>Christus</span> 
     </span>
     <span class='ocr_line' id='line_1_26' title="bbox 66 2411 988 2499; baseline -0.002 -25"><span class='ocrx_word' id='word_1_183' title='bbox 66 2413 204 2474; x_wconf 83' lang='lat' dir='ltr'>viliorem</span> <span class='ocrx_word' id='word_1_184' title='bbox 239 2419 356 2473; x_wconf 90' lang='lat' dir='ltr'>tantum</span> <span class='ocrx_word' id='word_1_185' title='bbox 395 2419 488 2475; x_wconf 89' lang='lat' dir='ltr'>euret.</span> <span class='ocrx_word' id='word_1_186' title='bbox 541 2412 661 2474; x_wconf 91' lang='lat' dir='ltr'>Deinde</span> <span class='ocrx_word' id='word_1_187' title='bbox 695 2432 822 2499; x_wconf 85' lang='lat' dir='ltr'>reguum</span> <span class='ocrx_word' id='word_1_188' title='bbox 853 2411 988 2472; x_wconf 82' lang='lat' dir='ltr'>Stenae</span> 
     </span>
     <span class='ocr_line' id='line_1_27' title="bbox 64 2495 987 2577; baseline -0.004 -20"><span class='ocrx_word' id='word_1_189' title='bbox 64 2514 188 2576; x_wconf 89' lang='lat' dir='ltr'>quoque</span> <span class='ocrx_word' id='word_1_190' title='bbox 211 2496 284 2556; x_wconf 85' lang='lat' dir='ltr'>nihii</span> <span class='ocrx_word' id='word_1_191' title='bbox 303 2497 412 2574; x_wconf 89' lang='lat' dir='ltr'>eritu,</span> <span class='ocrx_word' id='word_1_192' title='bbox 394 2495 530 2576; x_wconf 92' lang='lat' dir='ltr'>utqnod</span> <span class='ocrx_word' id='word_1_193' title='bbox 543 2496 649 2557; x_wconf 87' lang='lat' dir='ltr'>viliore</span> <span class='ocrx_word' id='word_1_194' title='bbox 669 2508 756 2577; x_wconf 87' lang='lat' dir='ltr'>parte</span> <span class='ocrx_word' id='word_1_195' title='bbox 779 2496 911 2556; x_wconf 89' lang='lat' dir='ltr'>homrnrs</span> <span class='ocrx_word' id='word_1_196' title='bbox 920 2513 987 2574; x_wconf 90' lang='lat' dir='ltr'>reg</span> 
     </span>
     <span class='ocr_line' id='line_1_28' title="bbox 64 2579 987 2660; baseline -0.002 -22"><span class='ocrx_word' id='word_1_197' title='bbox 64 2586 126 2658; x_wconf 86' lang='lat' dir='ltr'>net,</span> <span class='ocrx_word' id='word_1_198' title='bbox 148 2598 168 2639; x_wconf 88' lang='lat' dir='ltr'>a</span> <span class='ocrx_word' id='word_1_199' title='bbox 189 2579 310 2660; x_wconf 92' lang='lat' dir='ltr'>potiore</span> <span class='ocrx_word' id='word_1_200' title='bbox 332 2598 406 2639; x_wconf 89' lang='lat' dir='ltr'>vero</span> <span class='ocrx_word' id='word_1_201' title='bbox 433 2586 519 2659; x_wconf 90' lang='lat' dir='ltr'>parte</span> <span class='ocrx_word' id='word_1_202' title='bbox 541 2599 595 2660; x_wconf 91' lang='lat' dir='ltr'>per</span> <span class='ocrx_word' id='word_1_203' title='bbox 616 2580 772 2641; x_wconf 90' lang='lat' dir='ltr'>hominem</span> <span class='ocrx_word' id='word_1_204' title='bbox 795 2579 897 2658; x_wconf 88' lang='lat' dir='ltr'>potius</span> <span class='ocrx_word' id='word_1_205' title='bbox 920 2596 987 2657; x_wconf 88' lang='lat' dir='ltr'>reg-</span> 
     </span>
     <span class='ocr_line' id='line_1_29' title="bbox 65 2660 987 2743; baseline -0.001 -22"><span class='ocrx_word' id='word_1_206' title='bbox 65 2672 161 2726; x_wconf 86' lang='lat' dir='ltr'>netur.</span> <span class='ocrx_word' id='word_1_207' title='bbox 204 2662 251 2723; x_wconf 87' lang='lat' dir='ltr'>lta</span> <span class='ocrx_word' id='word_1_208' title='bbox 271 2661 324 2722; x_wconf 86' lang='lat' dir='ltr'>fiet</span> <span class='ocrx_word' id='word_1_209' title='bbox 346 2681 400 2742; x_wconf 90' lang='lat' dir='ltr'>per</span> <span class='ocrx_word' id='word_1_210' title='bbox 421 2664 536 2743; x_wconf 84' lang='lat' dir='ltr'>dogma</span> <span class='ocrx_word' id='word_1_211' title='bbox 557 2662 636 2723; x_wconf 86' lang='lat' dir='ltr'>istud</span> <span class='ocrx_word' id='word_1_212' title='bbox 660 2663 698 2724; x_wconf 89' lang='lat' dir='ltr'>de</span> <span class='ocrx_word' id='word_1_213' title='bbox 714 2660 874 2743; x_wconf 77' lang='lat' dir='ltr'>principali</span> <span class='ocrx_word' id='word_1_214' title='bbox 897 2671 987 2739; x_wconf 90' lang='lat' dir='ltr'>parte</span> 
     </span>
     <span class='ocr_line' id='line_1_30' title="bbox 64 2744 986 2826; baseline -0.003 -21"><span class='ocrx_word' id='word_1_215' title='bbox 64 2745 214 2825; x_wconf 89' lang='lat' dir='ltr'>hominis,</span> <span class='ocrx_word' id='word_1_216' title='bbox 240 2752 273 2805; x_wconf 88' lang='lat' dir='ltr'>ut</span> <span class='ocrx_word' id='word_1_217' title='bbox 294 2745 388 2809; x_wconf 90' lang='lat' dir='ltr'>horno</span> <span class='ocrx_word' id='word_1_218' title='bbox 411 2765 503 2826; x_wconf 89' lang='lat' dir='ltr'>supra</span> <span class='ocrx_word' id='word_1_219' title='bbox 526 2745 678 2807; x_wconf 82' lang='lat' dir='ltr'>Christum</span> <span class='ocrx_word' id='word_1_220' title='bbox 702 2754 733 2807; x_wconf 88' lang='lat' dir='ltr'>et</span> <span class='ocrx_word' id='word_1_221' title='bbox 754 2744 910 2806; x_wconf 88' lang='lat' dir='ltr'>diabolum</span> <span class='ocrx_word' id='word_1_222' title='bbox 934 2762 986 2803; x_wconf 86' lang='lat' dir='ltr'>ex·</span> 
     </span>
     <span class='ocr_line' id='line_1_31' title="bbox 57 2826 988 2906; baseline -0.001 -19"><span class='ocrx_word' id='word_1_223' title='bbox 57 2828 200 2903; x_wconf 79' lang='lat' dir='ltr'>tollatur,</span> <span class='ocrx_word' id='word_1_224' title='bbox 222 2826 283 2888; x_wconf 87' lang='lat' dir='ltr'>hoo</span> <span class='ocrx_word' id='word_1_225' title='bbox 304 2838 359 2906; x_wconf 88' lang='lat' dir='ltr'>est,</span> <span class='ocrx_word' id='word_1_226' title='bbox 381 2827 436 2889; x_wconf 86' lang='lat' dir='ltr'>fiet</span> <span class='ocrx_word' id='word_1_227' title='bbox 457 2829 539 2889; x_wconf 85' lang='lat' dir='ltr'>Deus</span> <span class='ocrx_word' id='word_1_228' title='bbox 561 2830 694 2891; x_wconf 90' lang='lat' dir='ltr'>Deorum</span> <span class='ocrx_word' id='word_1_229' title='bbox 718 2836 749 2889; x_wconf 91' lang='lat' dir='ltr'>et</span> <span class='ocrx_word' id='word_1_230' title='bbox 769 2828 911 2888; x_wconf 88' lang='lat' dir='ltr'>domiuus</span> <span class='ocrx_word' id='word_1_231' title='bbox 935 2826 988 2887; x_wconf 92' lang='lat' dir='ltr'>do·</span> 
     </span>
     <span class='ocr_line' id='line_1_32' title="bbox 64 2909 987 2993; baseline -0.001 -23"><span class='ocrx_word' id='word_1_232' title='bbox 64 2910 254 2972; x_wconf 89' lang='lat' dir='ltr'>minantium.</span> <span class='ocrx_word' id='word_1_233' title='bbox 299 2910 355 2972; x_wconf 90' lang='lat' dir='ltr'>Ubi</span> <span class='ocrx_word' id='word_1_234' title='bbox 386 2930 468 2971; x_wconf 87' lang='lat' dir='ltr'>nuno</span> <span class='ocrx_word' id='word_1_235' title='bbox 503 2921 550 2973; x_wconf 87' lang='lat' dir='ltr'>est</span> <span class='ocrx_word' id='word_1_236' title='bbox 581 2913 635 2973; x_wconf 91' lang='lat' dir='ltr'>illa</span> <span class='ocrx_word' id='word_1_237' title='bbox 669 2913 774 2993; x_wconf 91' lang='lat' dir='ltr'>opinio</span> <span class='ocrx_word' id='word_1_238' title='bbox 809 2909 987 2990; x_wconf 88' lang='lat' dir='ltr'>probabilis,</span> 
     </span>
     <span class='ocr_line' id='line_1_33' title="bbox 65 2993 989 3075; baseline -0.003 -20"><span class='ocrx_word' id='word_1_239' title='bbox 65 3011 144 3073; x_wconf 89' lang='lat' dir='ltr'>quae</span> <span class='ocrx_word' id='word_1_240' title='bbox 166 2993 252 3075; x_wconf 82' lang='lat' dir='ltr'>dixit,</span> <span class='ocrx_word' id='word_1_241' title='bbox 274 2994 402 3055; x_wconf 88' lang='lat' dir='ltr'>liberum</span> <span class='ocrx_word' id='word_1_242' title='bbox 420 2994 576 3055; x_wconf 88' lang='lat' dir='ltr'>arbitrium</span> <span class='ocrx_word' id='word_1_243' title='bbox 600 2995 674 3056; x_wconf 88' lang='lat' dir='ltr'>nihil</span> <span class='ocrx_word' id='word_1_244' title='bbox 697 2997 768 3056; x_wconf 92' lang='lat' dir='ltr'>boni</span> <span class='ocrx_word' id='word_1_245' title='bbox 783 2993 863 3054; x_wconf 88' lang='lat' dir='ltr'>velie</span> <span class='ocrx_word' id='word_1_246' title='bbox 884 3011 989 3074; x_wconf 84' lang='lat' dir='ltr'>posse,</span> 
     </span>
     <span class='ocr_line' id='line_1_34' title="bbox 63 3076 988 3159; baseline -0.001 -23"><span class='ocrx_word' id='word_1_247' title='bbox 63 3076 207 3138; x_wconf 83' lang='lat' dir='ltr'>hisvero</span> <span class='ocrx_word' id='word_1_248' title='bbox 232 3079 406 3156; x_wconf 77' lang='lat' dir='ltr'>contendit,</span> <span class='ocrx_word' id='word_1_249' title='bbox 431 3097 499 3138; x_wconf 88' lang='lat' dir='ltr'>esse</span> <span class='ocrx_word' id='word_1_250' title='bbox 523 3079 722 3159; x_wconf 87' lang='lat' dir='ltr'>prineipalem</span> <span class='ocrx_word' id='word_1_251' title='bbox 746 3083 863 3158; x_wconf 88' lang='lat' dir='ltr'>partem</span> <span class='ocrx_word' id='word_1_252' title='bbox 887 3084 918 3136; x_wconf 89' lang='lat' dir='ltr'>et</span> <span class='ocrx_word' id='word_1_253' title='bbox 939 3096 988 3136; x_wconf 88' lang='lat' dir='ltr'>sa-</span> 
     </span>
     <span class='ocr_line' id='line_1_35' title="bbox 64 3159 988 3240; baseline -0.001 -20"><span class='ocrx_word' id='word_1_254' title='bbox 64 3180 133 3222; x_wconf 89' lang='lat' dir='ltr'>nam</span> <span class='ocrx_word' id='word_1_255' title='bbox 156 3160 391 3240; x_wconf 78' lang='lat' dir='ltr'>honestamque,</span> <span class='ocrx_word' id='word_1_256' title='bbox 413 3181 453 3222; x_wconf 92' lang='lat' dir='ltr'>ne</span> <span class='ocrx_word' id='word_1_257' title='bbox 475 3162 596 3222; x_wconf 79' lang='lat' dir='ltr'>Christo</span> <span class='ocrx_word' id='word_1_258' title='bbox 619 3162 741 3240; x_wconf 90' lang='lat' dir='ltr'>quidem</span> <span class='ocrx_word' id='word_1_259' title='bbox 764 3161 911 3240; x_wconf 87' lang='lat' dir='ltr'>indigere,</span> <span class='ocrx_word' id='word_1_260' title='bbox 933 3159 988 3220; x_wconf 91' lang='lat' dir='ltr'>sed</span> 
     </span>
     <span class='ocr_line' id='line_1_36' title="bbox 63 3243 954 3325; baseline -0.001 -22"><span class='ocrx_word' id='word_1_261' title='bbox 63 3243 152 3324; x_wconf 86' lang='lat' dir='ltr'>plura</span> <span class='ocrx_word' id='word_1_262' title='bbox 172 3262 268 3323; x_wconf 84' lang='lat' dir='ltr'>posse</span> <span class='ocrx_word' id='word_1_263' title='bbox 289 3262 380 3323; x_wconf 89' lang='lat' dir='ltr'>quam</span> <span class='ocrx_word' id='word_1_264' title='bbox 404 3246 486 3305; x_wconf 89' lang='lat' dir='ltr'>Deus</span> <span class='ocrx_word' id='word_1_265' title='bbox 508 3247 574 3325; x_wconf 89' lang='lat' dir='ltr'>ipse</span> <span class='ocrx_word' id='word_1_266' title='bbox 598 3254 628 3304; x_wconf 91' lang='lat' dir='ltr'>et</span> <span class='ocrx_word' id='word_1_267' title='bbox 650 3244 791 3306; x_wconf 89' lang='lat' dir='ltr'>diabolus</span> <span class='ocrx_word' id='word_1_268' title='bbox 814 3250 954 3325; x_wconf 88' lang='lat' dir='ltr'>possunt.</span> 
     </span>
    </p>

    <p class='ocr_par' dir='ltr' id='par_1_5' title="bbox 30 3325 990 3830">
     <span class='ocr_line' id='line_1_37' title="bbox 30 3325 987 3408; baseline -0.008 -15"><span class='ocrx_word' id='word_1_269' title='bbox 30 3388 34 3393; x_wconf 90' lang='lat'><em>.</em></span> <span class='ocrx_word' id='word_1_270' title='bbox 146 3326 215 3387; x_wconf 79' lang='lat' dir='ltr'>Eoo</span> <span class='ocrx_word' id='word_1_271' title='bbox 236 3325 317 3406; x_wconf 84' lang='lat' dir='ltr'>dieo,</span> <span class='ocrx_word' id='word_1_272' title='bbox 339 3330 500 3390; x_wconf 87' lang='lat' dir='ltr'>utiterum</span> <span class='ocrx_word' id='word_1_273' title='bbox 523 3328 639 3405; x_wconf 86' lang='lat' dir='ltr'>videas,</span> <span class='ocrx_word' id='word_1_274' title='bbox 662 3329 766 3408; x_wconf 89' lang='lat' dir='ltr'>quanti</span> <span class='ocrx_word' id='word_1_275' title='bbox 788 3326 914 3408; x_wconf 86' lang='lat' dir='ltr'>periouli</span> <span class='ocrx_word' id='word_1_276' title='bbox 939 3344 987 3385; x_wconf 83' lang='lat' dir='ltr'>res</span> 
     </span>
     <span class='ocr_line' id='line_1_38' title="bbox 62 3408 990 3509; baseline -0.002 -39"><span class='ocrx_word' id='word_1_277' title='bbox 62 3411 111 3488; x_wconf 86' lang='lat' dir='ltr'>sit,</span> <span class='ocrx_word' id='word_1_278' title='bbox 134 3426 225 3470; x_wconf 78' lang='lat' dir='ltr'>soora</span> <span class='ocrx_word' id='word_1_279' title='bbox 245 3428 284 3470; x_wconf 85' lang='lat' dir='ltr'>aa</span> <span class='ocrx_word' id='word_1_280' title='bbox 313 3409 416 3471; x_wconf 88' lang='lat' dir='ltr'>divina</span> <span class='ocrx_word' id='word_1_281' title='bbox 437 3418 555 3472; x_wconf 89' lang='lat' dir='ltr'>tentare</span> <span class='ocrx_word' id='word_1_282' title='bbox 577 3413 644 3472; x_wconf 84' lang='lat' dir='ltr'>sine</span> <span class='ocrx_word' id='word_1_283' title='bbox 666 3413 773 3509; x_wconf 88' lang='lat' dir='ltr'>spiritu</span> <span class='ocrx_word' id='word_1_284' title='bbox 795 3408 871 3488; x_wconf 92' lang='lat' dir='ltr'>Dei,</span> <span class='ocrx_word' id='word_1_285' title='bbox 895 3415 990 3469; x_wconf 89' lang='lat' dir='ltr'>teme-</span> 
     </span>
     <span class='ocr_line' id='line_1_39' title="bbox 61 3492 988 3576; baseline -0.002 -23"><span class='ocrx_word' id='word_1_286' title='bbox 61 3495 152 3554; x_wconf 84' lang='lat' dir='ltr'>ritate</span> <span class='ocrx_word' id='word_1_287' title='bbox 173 3493 300 3553; x_wconf 86' lang='lat' dir='ltr'>rationis</span> <span class='ocrx_word' id='word_1_288' title='bbox 331 3494 491 3555; x_wconf 91' lang='lat' dir='ltr'>humanae</span> <span class='ocrx_word' id='word_1_289' title='bbox 535 3492 631 3576; x_wconf 80' lang='lat' dir='ltr'>igitur</span> <span class='ocrx_word' id='word_1_290' title='bbox 660 3496 684 3554; x_wconf 90' lang='lat' dir='ltr'>si</span> <span class='ocrx_word' id='word_1_291' title='bbox 709 3494 809 3555; x_wconf 81' lang='lat' dir='ltr'>Christ</span> <span class='ocrx_word' id='word_1_292' title='bbox 797 3500 844 3554; x_wconf 89' lang='lat' dir='ltr'>tus</span> <span class='ocrx_word' id='word_1_293' title='bbox 868 3499 915 3553; x_wconf 88' lang='lat' dir='ltr'>est</span> <span class='ocrx_word' id='word_1_294' title='bbox 935 3510 988 3572; x_wconf 88' lang='lat' dir='ltr'>ag-</span> 
     </span>
     <span class='ocr_line' id='line_1_40' title="bbox 62 3575 987 3658; baseline -0.002 -22"><span class='ocrx_word' id='word_1_295' title='bbox 62 3595 119 3637; x_wconf 84' lang='lat' dir='ltr'>nus</span> <span class='ocrx_word' id='word_1_296' title='bbox 144 3576 211 3655; x_wconf 88' lang='lat' dir='ltr'>Dei,</span> <span class='ocrx_word' id='word_1_297' title='bbox 234 3577 286 3655; x_wconf 88' lang='lat' dir='ltr'>qui</span> <span class='ocrx_word' id='word_1_298' title='bbox 307 3577 386 3638; x_wconf 85' lang='lat' dir='ltr'>tollit</span> <span class='ocrx_word' id='word_1_299' title='bbox 407 3583 568 3657; x_wconf 78' lang='lat' dir='ltr'>peecatum</span> <span class='ocrx_word' id='word_1_300' title='bbox 583 3578 698 3658; x_wconf 90' lang='lat' dir='ltr'>mundi,</span> <span class='ocrx_word' id='word_1_301' title='bbox 722 3575 866 3636; x_wconf 91' lang='lat' dir='ltr'>mundum</span> <span class='ocrx_word' id='word_1_302' title='bbox 889 3581 987 3635; x_wconf 92' lang='lat' dir='ltr'>totum</span> 
     </span>
     <span class='ocr_line' id='line_1_41' title="bbox 63 3659 985 3742; baseline -0.005 -20"><span class='ocrx_word' id='word_1_303' title='bbox 63 3661 118 3725; x_wconf 88' lang='lat' dir='ltr'>sub</span> <span class='ocrx_word' id='word_1_304' title='bbox 140 3668 289 3742; x_wconf 87' lang='lat' dir='ltr'>peooato,</span> <span class='ocrx_word' id='word_1_305' title='bbox 317 3661 519 3722; x_wconf 89' lang='lat' dir='ltr'>damnatione</span> <span class='ocrx_word' id='word_1_306' title='bbox 543 3667 574 3722; x_wconf 93' lang='lat' dir='ltr'>et</span> <span class='ocrx_word' id='word_1_307' title='bbox 595 3661 720 3723; x_wconf 86' lang='lat' dir='ltr'>diaholo</span> <span class='ocrx_word' id='word_1_308' title='bbox 748 3679 817 3721; x_wconf 86' lang='lat' dir='ltr'>ease</span> <span class='ocrx_word' id='word_1_309' title='bbox 839 3659 985 3738; x_wconf 88' lang='lat' dir='ltr'>sequitur,</span> 
     </span>
     <span class='ocr_line' id='line_1_42' title="bbox 63 3742 988 3830; baseline -0.004 -24"><span class='ocrx_word' id='word_1_310' title='bbox 63 3745 199 3825; x_wconf 78' lang='lat' dir='ltr'>nihilque</span> <span class='ocrx_word' id='word_1_311' title='bbox 219 3744 349 3830; x_wconf 85' lang='lat' dir='ltr'>prodest</span> <span class='ocrx_word' id='word_1_312' title='bbox 384 3745 543 3807; x_wconf 85' lang='lat' dir='ltr'>distinotio</span> <span class='ocrx_word' id='word_1_313' title='bbox 561 3747 690 3825; x_wconf 89' lang='lat' dir='ltr'>partium</span> <span class='ocrx_word' id='word_1_314' title='bbox 720 3742 933 3825; x_wconf 87' lang='lat' dir='ltr'>prinoipalium</span> <span class='ocrx_word' id='word_1_315' title='bbox 956 3750 988 3802; x_wconf 87' lang='lat' dir='ltr'>et</span> 
     </span>
    </p>
   </div>
   <div class='ocr_carea' id='block_1_3' title="bbox 0 0 1178 4162">
    <p class='ocr_par' dir='ltr' id='par_1_6' title="bbox 0 0 1178 4162">
     <span class='ocr_line' id='line_1_43' title="bbox 0 0 1178 4162; baseline 0 0"><span class='ocrx_word' id='word_1_316' title='bbox 0 0 1178 4162; x_wconf 95' lang='lat' dir='ltr'> </span> 
     </span>
    </p>
   </div>
  </div>
 </body>
</html>
