2348 4162
207 280 271 348 220
457 284 498 339 De
516 299 597 340 servo
615 283 729 340 arbitrio
747 286 781 339 D.
800 284 835 340 td.
853 264 884 341 L.

207 451 239 507 et
261 444 476 526 desperatione
498 448 586 530 erigit
607 453 638 509 et
660 447 848 527 consolatur,
871 466 910 509 ns
931 447 1027 509 linum
1043 447 1132 509 furni·

207 548 283 608 gans
302 531 478 610 exstinguat
510 537 540 591 et
562 531 714 592 calamum
727 528 757 611 ¹)
781 537 958 610 quassatum
980 536 1132 608 conterat,

206 611 260 673 sed
283 633 368 693 spem
393 615 501 675 reniae
523 621 553 675 et
575 614 681 675 salutis
702 614 806 694 faciat,
828 621 860 674 ut
881 615 980 694 magis
1002 631 1132 674 conver·

196 701 296 771 tatur,
318 697 436 758 scilicet
459 699 662 759 conversione
685 697 789 757 salutis
811 698 1076 778 apoenamortis,
1101 705 1132 759 st

204 779 304 919 ¹vivat,
338 780 398 840 hoc
419 787 480 862 est,
503 781 582 841 bene
604 780 731 858 habeat,
753 786 785 841 et
807 799 916 841 secura
937 780 1132 842 conscientia

216 868 343 924 astetur.

287 945 355 1007 Hoc
376 947 456 1006 enim
479 945 704 1008 observandum
729 965 853 1025 quoque
876 953 940 1006 est:
964 946 1044 1006 sicut
1066 964 1131 1008 vox

205 1028 282 1108 legis
310 1048 372 1090 non
396 1029 489 1090 iertur
517 1030 577 1089 nisi
598 1047 691 1109 super
712 1048 784 1105 eos,
807 1030 857 1107 qni
879 1036 1042 1110 peccatum
1064 1048 1129 1090 non

205 1112 420 1173 sentiunt-nec
440 1120 628 1192 agnoscunt,
652 1113 730 1172 sieut
751 1111 862 1172 Paulus
883 1111 957 1172 dicit
976 1111 1067 1175 Rom.
1092 1114 1129 1177 3:

204 1194 262 1254 Per
282 1194 383 1272 legem
407 1196 542 1276 cognitio
565 1196 695 1275 peccati,
717 1195 760 1255 ita
782 1195 907 1256 verbum
930 1194 1048 1273 gratiae
1065 1214 1129 1256 non

204 1278 289 1337 venit
309 1276 368 1338 nisi
390 1277 428 1339 ad
452 1298 516 1353 eos,
540 1280 589 1357 qui
611 1283 772 1358 peecatum
795 1279 963 1338 sentientes
983 1276 1129 1357 affligun-

204 1366 252 1418 tur
274 1363 480 1423 attentantur
502 1361 726 1441 desperatione.
749 1358 826 1422 Ideo
847 1363 876 1421 in
900 1359 1043 1421 omnibus
1063 1380 1131 1423 ver·

205 1441 250 1502 bis
272 1443 349 1523 legis
373 1444 458 1504 vides
480 1443 610 1505 indicari
640 1450 817 1523 peccatum,
850 1444 921 1504 dnm
945 1442 1131 1523 ostenditur,

205 1524 275 1604 quid
308 1526 484 1591 debeamus.
529 1527 613 1588 Sient
646 1535 753 1587 contra
787 1527 816 1584 in
848 1524 988 1588 omnibus
1025 1526 1130 1589 verbis

204 1610 420 1689 promissionis
442 1609 528 1670 vides
551 1609 664 1670 malum
687 1608 868 1689 significari,
903 1628 963 1688 quo
986 1608 1133 1671 laborant

202 1697 400 1771 peccatores,
425 1691 474 1754 vel
497 1694 533 1771 ii,
558 1694 609 1772 qni
632 1692 769 1773 erigendi
791 1700 875 1772 sunt,
904 1696 938 1751 ut
958 1691 1023 1769 hie,
1045 1691 1130 1755 Nolo

204 1783 334 1836 mortem
357 1777 538 1855 peccatoris,
560 1776 641 1836 clara
663 1781 791 1836 mortem
815 1783 845 1836 et
860 1781 1056 1855 peccatorem
1074 1795 1129 1837 no-

203 1859 311 1936 minat,
335 1865 396 1918 tarn
419 1859 518 1939 ipsum
543 1859 669 1939 malum,
693 1857 774 1937 quod
798 1858 942 1937 sentitur,
965 1877 1058 1937 quam
1081 1860 1131 1939 ip-

203 1959 268 1999 sum
292 1941 458 2020 homiuem,
481 1942 530 2020 qui
554 1942 661 2018 sentit3
684 1947 714 2000 at
736 1941 794 2020 hic,
817 1940 917 2020 Dilige
939 1940 1038 2001 Deum
1062 1946 1131 2004 toto

80 2022 84 2031 '
203 2023 313 2103 corde,
346 2022 515 2101 indicatur,
552 2023 623 2103 qnid
647 2022 813 2084 debeamus
846 2022 935 2103 boni,
968 2042 1030 2085 non
1055 2024 1129 2105 quid

202 2107 370 2166 sentiamus
393 2107 476 2186 mali,
499 2112 533 2168 ut
549 2125 765 2187 agnoscamus,
788 2125 879 2186 quam
893 2126 956 2168 uon
971 2107 1130 2188 possimus

201 2187 232 2248 id
254 2187 337 2253 boni.

284 2272 365 2332 Nihil
388 2272 492 2351 itaque
514 2271 615 2352 potuit
636 2272 769 2352 ineptius
791 2290 848 2351 pro
871 2271 969 2333 libero
998 2271 1128 2335 arbitrio

201 2352 327 2434 adduci,
367 2374 458 2434 quam
480 2354 531 2414 hic
554 2357 640 2415 locus
662 2354 851 2430 Ezechielis,
878 2356 941 2415 imo
963 2354 1130 2418 fortissime

203 2444 311 2497 contra
331 2437 458 2499 liberum
483 2437 637 2498 arbitrium
660 2443 785 2516 pugnat.
830 2437 1025 2518 significatur
1048 2440 1129 2500 enim

202 2519 252 2580 hie
273 2520 401 2581 liberum
425 2520 595 2600 arbitrium,
631 2520 760 2598 qualiter
786 2539 820 2580 se
840 2519 967 2601 habeat,
1003 2520 1129 2602 etquid

200 2605 299 2681 possit
320 2605 349 2663 in
380 2609 509 2685 peccato
541 2603 646 2681 agnito
675 2604 780 2662 autin
805 2622 875 2664 sesa
904 2604 1128 2683 convertendo,

202 2686 330 2763 scilieet,
353 2686 434 2766 quod
458 2705 518 2747 non
542 2686 600 2745 nisi
622 2686 653 2744 in
674 2685 762 2764 peius
783 2685 945 2761 laberetur,
967 2692 1000 2747 et
1021 2685 1129 2769 despe-

200 2770 350 2830 rationem
363 2776 393 2829 et
403 2769 665 2850 impoenitentiam
679 2767 805 2829 adderet
815 2771 960 2849 peccatis,
972 2771 1032 2831 nisi
1044 2771 1127 2833 Deus

200 2860 391 2911 succurreret
413 2870 496 2932 mox,
520 2857 551 2911 at
572 2852 784 2931 promissionis
807 2851 901 2913 verbo
923 2859 1127 2915 revocaretet

159 2974 161 2979 -
201 2935 340 3013 erigeret.
364 2933 544 2995 Sollicitudo
559 2935 638 2993 enirn
647 2932 705 2994 Dei
718 2935 1065 3015 promittentisgratiam
1087 2936 1124 2997 ad

200 3016 406 3077 revocandum
421 3025 452 3078 et
461 3016 638 3097 erigendum
651 3024 845 3096 peccatorem
859 3018 1089 3099 satismagnum
1098 3026 1125 3080 at

199 3098 292 3160 fidele
314 3112 525 3181 argumentum
549 3107 611 3181 est,
646 3099 789 3160 liberum·
806 3100 963 3161 arbitrium
999 3120 1034 3163 se
1057 3102 1122 3164 solo

200 3201 262 3242 non
286 3202 377 3262 possa
398 3184 457 3243 nisi
480 3183 517 3243 ad
540 3183 627 3261 peius
661 3189 691 3241 et
727 3184 777 3262 (ut
799 3183 955 3262 Scriptura
977 3183 1067 3266 dicit)
1089 3183 1122 3245 ad

199 3265 313 3325 inferos
347 3265 425 3341 labi,
458 3266 517 3325 nisi
539 3265 637 3324 Deum
674 3265 739 3325 eius
763 3266 895 3327 levitatis
917 3286 987 3328 esse
1010 3268 1123 3339 eredas,

200 3347 282 3427 quod
305 3349 388 3409 nulla
409 3349 594 3409 necessitate
617 3346 723 3408 salutis
747 3356 881 3426 nostrae,
904 3350 958 3410 sed
973 3369 1120 3413 merare·

200 3422 315 3511 lu'ptate
337 3431 532 3511 loquacitatis
556 3429 649 3491 verba
669 3432 882 3509 promissionis
905 3432 1044 3495 effundat
1064 3440 1120 3494 tam

199 3515 338 3593 copiose,
361 3523 393 3574 ut
415 3515 459 3575 sie
481 3513 598 3589 videas,
620 3530 682 3573 non
706 3515 806 3575 solum
824 3516 1119 3597 omniaserbalegis

199 3603 307 3657 contra
341 3596 468 3657 liberum
501 3596 658 3657 arbitrium
696 3603 793 3677 stare,
827 3597 998 3660 sedetiam
1022 3600 1119 3661 omnic

271 3772 302 3839 1)
323 3772 350 3827 ln
368 3772 410 3829 ed.
434 3774 515 3831 1525:
535 3788 642 3833 canum.
