<?xml version="1.0" encoding="UTF-8"?>
<!DOCTYPE html PUBLIC "-//W3C//DTD XHTML 1.0 Transitional//EN"
    "http://www.w3.org/TR/xhtml1/DTD/xhtml1-transitional.dtd">
<html xmlns="http://www.w3.org/1999/xhtml" xml:lang="en" lang="en">
 <head>
  <title>
</title>
<meta http-equiv="Content-Type" content="text/html;charset=utf-8" />
  <meta name='ocr-system' content='tesseract 3.04.00' />
  <meta name='ocr-capabilities' content='ocr_page ocr_carea ocr_par ocr_line ocrx_word'/>
</head>
<body>
  <div class='ocr_page' id='page_1' title='image "./dmartinilutheri02luthgoog_0491.png"; bbox 0 0 2348 4162; ppageno 0'>
   <div class='ocr_carea' id='block_1_1' title="bbox 134 260 782 335">
    <p class='ocr_par' dir='ltr' id='par_1_1' title="bbox 134 260 782 335">
     <span class='ocr_line' id='line_1_1' title="bbox 134 260 782 335; baseline -0.012 -6"><span class='ocrx_word' id='word_1_1' title='bbox 134 263 199 329; x_wconf 75' lang='grc'><strong>478</strong></span> <span class='ocrx_word' id='word_1_2' title='bbox 411 262 513 335; x_wconf 79' lang='lat' dir='ltr'><strong>capita</strong></span> <span class='ocrx_word' id='word_1_3' title='bbox 529 260 595 321; x_wconf 88' lang='lat' dir='ltr'><strong>fidei</strong></span> <span class='ocrx_word' id='word_1_4' title='bbox 615 263 782 321; x_wconf 72' lang='lat' dir='ltr'><strong>christianae</strong></span> 
     </span>
    </p>
   </div>
   <div class='ocr_carea' id='block_1_2' title="bbox 134 433 1058 3590">
    <p class='ocr_par' dir='ltr' id='par_1_2' title="bbox 134 433 1058 3590">
     <span class='ocr_line' id='line_1_2' title="bbox 134 433 1057 516; baseline 0 -22"><span class='ocrx_word' id='word_1_5' title='bbox 134 434 492 515; x_wconf 87' lang='lat' dir='ltr'><strong>assentiebanturimpiis</strong></span> <span class='ocrx_word' id='word_1_6' title='bbox 505 435 764 516; x_wconf 80' lang='lat' dir='ltr'><strong>cogitationibus?</strong></span> <span class='ocrx_word' id='word_1_7' title='bbox 787 434 860 515; x_wconf 88' lang='lat' dir='ltr'><strong>quid</strong></span> <span class='ocrx_word' id='word_1_8' title='bbox 883 433 1057 495; x_wconf 82' lang='lat' dir='ltr'><strong>confiteren-</strong></span> 
     </span>
     <span class='ocr_line' id='line_1_3' title="bbox 136 517 1057 599; baseline 0 -22"><span class='ocrx_word' id='word_1_9' title='bbox 136 524 198 594; x_wconf 85' lang='lat' dir='ltr'><strong>tur,</strong></span> <span class='ocrx_word' id='word_1_10' title='bbox 229 517 478 598; x_wconf 88' lang='lat' dir='ltr'><strong>quandoquidem</strong></span> <span class='ocrx_word' id='word_1_11' title='bbox 507 519 601 580; x_wconf 86' lang='lat' dir='ltr'><strong>verba</strong></span> <span class='ocrx_word' id='word_1_12' title='bbox 621 520 772 596; x_wconf 78' lang='lat' dir='ltr'><strong>vitabant,</strong></span> <span class='ocrx_word' id='word_1_13' title='bbox 795 538 852 599; x_wconf 89' lang='lat' dir='ltr'><strong>pro</strong></span> <span class='ocrx_word' id='word_1_14' title='bbox 875 537 939 597; x_wconf 86' lang='lat' dir='ltr'><strong>qua</strong></span> <span class='ocrx_word' id='word_1_15' title='bbox 959 538 993 578; x_wconf 88' lang='lat' dir='ltr'><strong>re</strong></span> <span class='ocrx_word' id='word_1_16' title='bbox 1013 537 1057 578; x_wconf 88' lang='lat' dir='ltr'><strong>sa·</strong></span> 
     </span>
     <span class='ocr_line' id='line_1_4' title="bbox 135 600 1057 680; baseline 0.001 -20"><span class='ocrx_word' id='word_1_17' title='bbox 135 601 326 680; x_wconf 80' lang='lat' dir='ltr'><strong>tisfaoerent,</strong></span> <span class='ocrx_word' id='word_1_18' title='bbox 349 621 417 661; x_wconf 87' lang='lat' dir='ltr'><strong>cnm</strong></span> <span class='ocrx_word' id='word_1_19' title='bbox 440 602 514 662; x_wconf 85' lang='lat' dir='ltr'><strong>nulli</strong></span> <span class='ocrx_word' id='word_1_20' title='bbox 535 603 665 663; x_wconf 77' lang='lat' dir='ltr'><strong>facinori</strong></span> <span class='ocrx_word' id='word_1_21' title='bbox 687 611 791 663; x_wconf 90' lang='lat' dir='ltr'><strong>essent</strong></span> <span class='ocrx_word' id='word_1_22' title='bbox 813 601 961 678; x_wconf 89' lang='lat' dir='ltr'><strong>obnoxii,</strong></span> <span class='ocrx_word' id='word_1_23' title='bbox 984 600 1057 661; x_wconf 89' lang='lat' dir='ltr'><strong>adeo</strong></span> 
     </span>
     <span class='ocr_line' id='line_1_5' title="bbox 137 682 1057 764; baseline 0 -21"><span class='ocrx_word' id='word_1_24' title='bbox 137 690 172 743; x_wconf 91' lang='lat' dir='ltr'><strong>ut</strong></span> <span class='ocrx_word' id='word_1_25' title='bbox 193 682 260 742; x_wconf 91' lang='lat' dir='ltr'><strong>aliis</strong></span> <span class='ocrx_word' id='word_1_26' title='bbox 295 686 412 744; x_wconf 91' lang='lat' dir='ltr'><strong>miseris</strong></span> <span class='ocrx_word' id='word_1_27' title='bbox 446 686 661 764; x_wconf 86' lang='lat' dir='ltr'><strong>peccatoribus</strong></span> <span class='ocrx_word' id='word_1_28' title='bbox 696 683 882 764; x_wconf 88' lang='lat' dir='ltr'><strong>superfluam</strong></span> <span class='ocrx_word' id='word_1_29' title='bbox 916 685 1057 744; x_wconf 87' lang='lat' dir='ltr'><strong>iustitiam</strong></span> 
     </span>
     <span class='ocr_line' id='line_1_6' title="bbox 136 764 1058 829; baseline 0 -3"><span class='ocrx_word' id='word_1_30' title='bbox 136 764 325 826; x_wconf 81' lang='lat' dir='ltr'><strong>venderent?</strong></span> <span class='ocrx_word' id='word_1_31' title='bbox 363 766 455 827; x_wconf 82' lang='lat' dir='ltr'><strong>Tales</strong></span> <span class='ocrx_word' id='word_1_32' title='bbox 485 770 582 828; x_wconf 87' lang='lat' dir='ltr'><strong>sancti</strong></span> <span class='ocrx_word' id='word_1_33' title='bbox 606 776 694 829; x_wconf 89' lang='lat' dir='ltr'><strong>erant</strong></span> <span class='ocrx_word' id='word_1_34' title='bbox 713 769 869 828; x_wconf 81' lang='lat' dir='ltr'>Pharisaei</span> <span class='ocrx_word' id='word_1_35' title='bbox 891 775 925 827; x_wconf 91' lang='lat' dir='ltr'><strong>et</strong></span> <span class='ocrx_word' id='word_1_36' title='bbox 947 767 1058 828; x_wconf 87' lang='lat' dir='ltr'><strong>scribac</strong></span> 
     </span>
     <span class='ocr_line' id='line_1_7' title="bbox 136 849 1058 932; baseline 0.001 -21"><span class='ocrx_word' id='word_1_37' title='bbox 136 850 325 929; x_wconf 81' lang='lat' dir='ltr'>temporibus</span> <span class='ocrx_word' id='word_1_38' title='bbox 355 849 477 911; x_wconf 79' lang='lat' dir='ltr'><strong>Christi.</strong></span> <span class='ocrx_word' id='word_1_39' title='bbox 520 851 577 910; x_wconf 89' lang='lat' dir='ltr'><strong>Hic</strong></span> <span class='ocrx_word' id='word_1_40' title='bbox 607 853 691 912; x_wconf 87' lang='lat' dir='ltr'><strong>venit</strong></span> <span class='ocrx_word' id='word_1_41' title='bbox 721 853 831 932; x_wconf 83' lang='lat' dir='ltr'><strong>igneus</strong></span> <span class='ocrx_word' id='word_1_42' title='bbox 866 850 997 930; x_wconf 87' lang='lat' dir='ltr'><strong>angelus</strong></span> <span class='ocrx_word' id='word_1_43' title='bbox 1030 849 1058 912; x_wconf 79' lang='lat' dir='ltr'><strong>S.</strong></span> 
     </span>
     <span class='ocr_line' id='line_1_8' title="bbox 135 930 1058 1014; baseline -0.002 -19"><span class='ocrx_word' id='word_1_44' title='bbox 135 930 288 1011; x_wconf 89' lang='lat' dir='ltr'><strong>Ioannes,</strong></span> <span class='ocrx_word' id='word_1_45' title='bbox 310 933 506 1013; x_wconf 84' lang='lat' dir='ltr'><strong>praedicator</strong></span> <span class='ocrx_word' id='word_1_46' title='bbox 527 954 618 994; x_wconf 90' lang='lat' dir='ltr'><strong>verae</strong></span> <span class='ocrx_word' id='word_1_47' title='bbox 639 936 863 1014; x_wconf 87' lang='lat' dir='ltr'><strong>poenitentiae,</strong></span> <span class='ocrx_word' id='word_1_48' title='bbox 885 944 982 1012; x_wconf 90' lang='lat' dir='ltr'><strong>atque</strong></span> <span class='ocrx_word' id='word_1_49' title='bbox 1003 952 1058 993; x_wconf 92' lang='lat' dir='ltr'><strong>uno</strong></span> 
     </span>
     <span class='ocr_line' id='line_1_9' title="bbox 134 1016 1057 1097; baseline 0 -20"><span class='ocrx_word' id='word_1_50' title='bbox 134 1016 262 1077; x_wconf 78' lang='lat' dir='ltr'><strong>fulmine</strong></span> <span class='ocrx_word' id='word_1_51' title='bbox 290 1018 358 1076; x_wconf 81' lang='lat' dir='ltr'><strong>terit</strong></span> <span class='ocrx_word' id='word_1_52' title='bbox 384 1026 529 1096; x_wconf 90' lang='lat' dir='ltr'><strong>utrosque</strong></span> <span class='ocrx_word' id='word_1_53' title='bbox 559 1017 679 1077; x_wconf 90' lang='lat' dir='ltr'><strong>dicens:</strong></span> <span class='ocrx_word' id='word_1_54' title='bbox 714 1020 805 1097; x_wconf 84' lang='lat' dir='ltr'><strong>Agite</strong></span> <span class='ocrx_word' id='word_1_55' title='bbox 827 1018 1057 1096; x_wconf 88' lang='lat' dir='ltr'><strong>poenitentiam.</strong></span> 
     </span>
     <span class='ocr_line' id='line_1_10' title="bbox 135 1099 1057 1180; baseline -0.001 -21"><span class='ocrx_word' id='word_1_56' title='bbox 135 1099 183 1160; x_wconf 81' lang='lat' dir='ltr'><strong>liti</strong></span> <span class='ocrx_word' id='word_1_57' title='bbox 215 1101 369 1179; x_wconf 86' lang='lat' dir='ltr'><strong>cogitant:</strong></span> <span class='ocrx_word' id='word_1_58' title='bbox 402 1100 529 1178; x_wconf 83' lang='lat' dir='ltr'><strong>Egimus</strong></span> <span class='ocrx_word' id='word_1_59' title='bbox 565 1103 801 1180; x_wconf 90' lang='lat' dir='ltr'><strong>poenitentiam,</strong></span> <span class='ocrx_word' id='word_1_60' title='bbox 843 1099 874 1158; x_wconf 89' lang='lat' dir='ltr'><strong>hi</strong></span> <span class='ocrx_word' id='word_1_61' title='bbox 907 1102 1057 1179; x_wconf 81' lang='lat' dir='ltr'><strong>cogitant:</strong></span> 
     </span>
     <span class='ocr_line' id='line_1_11' title="bbox 134 1181 1057 1262; baseline 0.001 -20"><span class='ocrx_word' id='word_1_62' title='bbox 134 1181 232 1242; x_wconf 85' lang='lat' dir='ltr'><strong>Nobis</strong></span> <span class='ocrx_word' id='word_1_63' title='bbox 254 1201 317 1242; x_wconf 92' lang='lat' dir='ltr'><strong>uon</strong></span> <span class='ocrx_word' id='word_1_64' title='bbox 340 1189 386 1241; x_wconf 89' lang='lat' dir='ltr'><strong>est</strong></span> <span class='ocrx_word' id='word_1_65' title='bbox 402 1185 690 1262; x_wconf 88' lang='lat' dir='ltr'><strong>opuspoeniteutia,</strong></span> <span class='ocrx_word' id='word_1_66' title='bbox 715 1187 842 1245; x_wconf 85' lang='lat' dir='ltr'><strong>ioannes</strong></span> <span class='ocrx_word' id='word_1_67' title='bbox 857 1183 947 1242; x_wconf 86' lang='lat' dir='ltr'><strong>dicit:</strong></span> <span class='ocrx_word' id='word_1_68' title='bbox 972 1182 1057 1262; x_wconf 82' lang='lat' dir='ltr'><strong>Agite</strong></span> 
     </span>
     <span class='ocr_line' id='line_1_12' title="bbox 136 1266 1057 1346; baseline 0 -22"><span class='ocrx_word' id='word_1_69' title='bbox 136 1266 256 1344; x_wconf 88' lang='lat' dir='ltr'><strong>utrique</strong></span> <span class='ocrx_word' id='word_1_70' title='bbox 278 1267 513 1344; x_wconf 86' lang='lat' dir='ltr'><strong>poenitentiam,</strong></span> <span class='ocrx_word' id='word_1_71' title='bbox 549 1287 618 1327; x_wconf 89' lang='lat' dir='ltr'><strong>nam</strong></span> <span class='ocrx_word' id='word_1_72' title='bbox 642 1286 698 1326; x_wconf 84' lang='lat' dir='ltr'><strong>vos</strong></span> <span class='ocrx_word' id='word_1_73' title='bbox 728 1286 789 1326; x_wconf 92' lang='lat' dir='ltr'><strong>uon</strong></span> <span class='ocrx_word' id='word_1_74' title='bbox 819 1268 928 1346; x_wconf 85' lang='lat' dir='ltr'><strong>egistis</strong></span> <span class='ocrx_word' id='word_1_75' title='bbox 960 1283 1057 1325; x_wconf 85' lang='lat' dir='ltr'><strong>veram</strong></span> 
     </span>
     <span class='ocr_line' id='line_1_13' title="bbox 139 1349 1057 1430; baseline -0.001 -23"><span class='ocrx_word' id='word_1_76' title='bbox 139 1350 371 1428; x_wconf 89' lang='lat' dir='ltr'><strong>poenitentiam,</strong></span> <span class='ocrx_word' id='word_1_77' title='bbox 393 1349 447 1408; x_wconf 89' lang='lat' dir='ltr'><strong>sed</strong></span> <span class='ocrx_word' id='word_1_78' title='bbox 471 1352 543 1408; x_wconf 89' lang='lat' dir='ltr'><strong>estis</strong></span> <span class='ocrx_word' id='word_1_79' title='bbox 566 1350 755 1430; x_wconf 76' lang='lat' dir='ltr'><strong>hypocritae,</strong></span> <span class='ocrx_word' id='word_1_80' title='bbox 779 1352 900 1428; x_wconf 85' lang='lat' dir='ltr'><strong>utrique.</strong></span> <span class='ocrx_word' id='word_1_81' title='bbox 919 1350 1057 1430; x_wconf 77' lang='lat' dir='ltr'><strong>indigetis</strong></span> 
     </span>
     <span class='ocr_line' id='line_1_14' title="bbox 135 1430 1055 1512; baseline -0.001 -21"><span class='ocrx_word' id='word_1_82' title='bbox 135 1433 319 1491; x_wconf 82' lang='lat' dir='ltr'><strong>remissione</strong></span> <span class='ocrx_word' id='word_1_83' title='bbox 342 1440 555 1512; x_wconf 89' lang='lat' dir='ltr'><strong>peccatorum,</strong></span> <span class='ocrx_word' id='word_1_84' title='bbox 590 1435 662 1511; x_wconf 87' lang='lat' dir='ltr'><strong>quia</strong></span> <span class='ocrx_word' id='word_1_85' title='bbox 685 1435 803 1511; x_wconf 87' lang='lat' dir='ltr'><strong>utrique</strong></span> <span class='ocrx_word' id='word_1_86' title='bbox 835 1434 988 1511; x_wconf 86' lang='lat' dir='ltr'><strong>ignoratis</strong></span> <span class='ocrx_word' id='word_1_87' title='bbox 1010 1430 1055 1491; x_wconf 88' lang='lat' dir='ltr'><strong>ad·</strong></span> 
     </span>
     <span class='ocr_line' id='line_1_15' title="bbox 135 1513 1056 1595; baseline -0.002 -21"><span class='ocrx_word' id='word_1_88' title='bbox 135 1513 212 1591; x_wconf 88' lang='lat' dir='ltr'><strong>huc,</strong></span> <span class='ocrx_word' id='word_1_89' title='bbox 248 1515 319 1594; x_wconf 90' lang='lat' dir='ltr'><strong>quid</strong></span> <span class='ocrx_word' id='word_1_90' title='bbox 343 1517 381 1574; x_wconf 90' lang='lat' dir='ltr'><strong>sit</strong></span> <span class='ocrx_word' id='word_1_91' title='bbox 403 1535 507 1574; x_wconf 89' lang='lat' dir='ltr'><strong>verum</strong></span> <span class='ocrx_word' id='word_1_92' title='bbox 538 1526 714 1594; x_wconf 88' lang='lat' dir='ltr'><strong>peccatum,</strong></span> <span class='ocrx_word' id='word_1_93' title='bbox 748 1524 865 1575; x_wconf 91' lang='lat' dir='ltr'><strong>tantum</strong></span> <span class='ocrx_word' id='word_1_94' title='bbox 889 1514 1056 1595; x_wconf 86' lang='lat' dir='ltr'><strong>abest,.ut</strong></span> 
     </span>
     <span class='ocr_line' id='line_1_16' title="bbox 136 1597 1054 1679; baseline -0.001 -20"><span class='ocrx_word' id='word_1_95' title='bbox 136 1599 355 1678; x_wconf 87' lang='lat' dir='ltr'><strong>poenitentiam</strong></span> <span class='ocrx_word' id='word_1_96' title='bbox 380 1597 419 1657; x_wconf 90' lang='lat' dir='ltr'><strong>de</strong></span> <span class='ocrx_word' id='word_1_97' title='bbox 440 1605 570 1676; x_wconf 88' lang='lat' dir='ltr'><strong>peccato</strong></span> <span class='ocrx_word' id='word_1_98' title='bbox 594 1619 686 1679; x_wconf 84' lang='lat' dir='ltr'><strong>agere</strong></span> <span class='ocrx_word' id='word_1_99' title='bbox 708 1598 847 1658; x_wconf 87' lang='lat' dir='ltr'><strong>autillud</strong></span> <span class='ocrx_word' id='word_1_100' title='bbox 860 1600 979 1658; x_wconf 88' lang='lat' dir='ltr'><strong>avitare</strong></span> <span class='ocrx_word' id='word_1_101' title='bbox 994 1616 1054 1677; x_wconf 78' lang='lat' dir='ltr'><strong>poe</strong></span> 
     </span>
     <span class='ocr_line' id='line_1_17' title="bbox 135 1679 1054 1760; baseline 0.001 -20"><span class='ocrx_word' id='word_1_102' title='bbox 135 1682 211 1744; x_wconf 86' lang='lat' dir='ltr'><strong>sitis.</strong></span> <span class='ocrx_word' id='word_1_103' title='bbox 238 1679 338 1742; x_wconf 90' lang='lat' dir='ltr'><strong>Nemo</strong></span> <span class='ocrx_word' id='word_1_104' title='bbox 363 1690 494 1740; x_wconf 88' lang='lat' dir='ltr'><strong>vestrum</strong></span> <span class='ocrx_word' id='word_1_105' title='bbox 518 1681 700 1758; x_wconf 88' lang='lat' dir='ltr'><strong>bonusest,</strong></span> <span class='ocrx_word' id='word_1_106' title='bbox 725 1683 804 1760; x_wconf 84' lang='lat' dir='ltr'><strong>pieni</strong></span> <span class='ocrx_word' id='word_1_107' title='bbox 827 1683 903 1742; x_wconf 87' lang='lat' dir='ltr'><strong>estis</strong></span> <span class='ocrx_word' id='word_1_108' title='bbox 924 1682 1054 1741; x_wconf 89' lang='lat' dir='ltr'><strong>incredu·</strong></span> 
     </span>
     <span class='ocr_line' id='line_1_18' title="bbox 135 1764 1054 1844; baseline -0.001 -21"><span class='ocrx_word' id='word_1_109' title='bbox 135 1764 245 1843; x_wconf 88' lang='lat' dir='ltr'><strong>litatis,</strong></span> <span class='ocrx_word' id='word_1_110' title='bbox 277 1765 416 1824; x_wconf 80' lang='lat' dir='ltr'><strong>inscitiae</strong></span> <span class='ocrx_word' id='word_1_111' title='bbox 444 1769 475 1824; x_wconf 90' lang='lat' dir='ltr'><strong>et</strong></span> <span class='ocrx_word' id='word_1_112' title='bbox 501 1765 693 1844; x_wconf 88' lang='lat' dir='ltr'><strong>ignorantiae</strong></span> <span class='ocrx_word' id='word_1_113' title='bbox 716 1766 770 1824; x_wconf 90' lang='lat' dir='ltr'><strong>Dei</strong></span> <span class='ocrx_word' id='word_1_114' title='bbox 800 1772 832 1824; x_wconf 92' lang='lat' dir='ltr'><strong>et</strong></span> <span class='ocrx_word' id='word_1_115' title='bbox 864 1764 988 1823; x_wconf 86' lang='lat' dir='ltr'><strong>divinae</strong></span> <span class='ocrx_word' id='word_1_116' title='bbox 1009 1782 1054 1822; x_wconf 83' lang='lat' dir='ltr'><strong>vo·</strong></span> 
     </span>
     <span class='ocr_line' id='line_1_19' title="bbox 135 1847 1054 1927; baseline -0.001 -21"><span class='ocrx_word' id='word_1_117' title='bbox 135 1847 271 1911; x_wconf 83' lang='lat' dir='ltr'><strong>luntatis.</strong></span> <span class='ocrx_word' id='word_1_118' title='bbox 313 1847 411 1907; x_wconf 83' lang='lat' dir='ltr'><strong>Adest</strong></span> <span class='ocrx_word' id='word_1_119' title='bbox 432 1849 512 1906; x_wconf 91' lang='lat' dir='ltr'><strong>enim</strong></span> <span class='ocrx_word' id='word_1_120' title='bbox 531 1850 566 1925; x_wconf 86' lang='lat' dir='ltr'><strong>is,</strong></span> <span class='ocrx_word' id='word_1_121' title='bbox 590 1847 628 1906; x_wconf 92' lang='lat' dir='ltr'><strong>de</strong></span> <span class='ocrx_word' id='word_1_122' title='bbox 650 1850 734 1907; x_wconf 87' lang='lat' dir='ltr'><strong>cuius</strong></span> <span class='ocrx_word' id='word_1_123' title='bbox 757 1847 951 1926; x_wconf 82' lang='lat' dir='ltr'><strong>plenitudine</strong></span> <span class='ocrx_word' id='word_1_124' title='bbox 973 1864 1054 1927; x_wconf 70' lang='lat' dir='ltr'><strong>opor</strong></span> 
     </span>
     <span class='ocr_line' id='line_1_20' title="bbox 136 1930 1055 2010; baseline -0.004 -19"><span class='ocrx_word' id='word_1_125' title='bbox 136 1936 180 1991; x_wconf 88' lang='lat' dir='ltr'><strong>tet</strong></span> <span class='ocrx_word' id='word_1_126' title='bbox 201 1950 258 1991; x_wconf 90' lang='lat' dir='ltr'><strong>nos</strong></span> <span class='ocrx_word' id='word_1_127' title='bbox 282 1950 389 1991; x_wconf 89' lang='lat' dir='ltr'><strong>omnes</strong></span> <span class='ocrx_word' id='word_1_128' title='bbox 412 1931 553 2009; x_wconf 90' lang='lat' dir='ltr'><strong>accipere</strong></span> <span class='ocrx_word' id='word_1_129' title='bbox 580 1933 709 2009; x_wconf 85' lang='lat' dir='ltr'><strong>gratiam</strong></span> <span class='ocrx_word' id='word_1_130' title='bbox 732 1949 788 2010; x_wconf 92' lang='lat' dir='ltr'><strong>pro</strong></span> <span class='ocrx_word' id='word_1_131' title='bbox 806 1936 923 2009; x_wconf 87' lang='lat' dir='ltr'><strong>gratia,</strong></span> <span class='ocrx_word' id='word_1_132' title='bbox 946 1938 977 1989; x_wconf 89' lang='lat' dir='ltr'><strong>et</strong></span> <span class='ocrx_word' id='word_1_133' title='bbox 996 1930 1055 1988; x_wconf 85' lang='lat' dir='ltr'><strong>sine</strong></span> 
     </span>
     <span class='ocr_line' id='line_1_21' title="bbox 136 2011 1053 2093; baseline -0.001 -21"><span class='ocrx_word' id='word_1_134' title='bbox 136 2031 198 2091; x_wconf 90' lang='lat' dir='ltr'><strong>quo</strong></span> <span class='ocrx_word' id='word_1_135' title='bbox 228 2032 319 2073; x_wconf 90' lang='lat' dir='ltr'><strong>nemo</strong></span> <span class='ocrx_word' id='word_1_136' title='bbox 349 2013 505 2073; x_wconf 89' lang='lat' dir='ltr'><strong>hominum</strong></span> <span class='ocrx_word' id='word_1_137' title='bbox 534 2032 637 2073; x_wconf 90' lang='lat' dir='ltr'><strong>coram</strong></span> <span class='ocrx_word' id='word_1_138' title='bbox 662 2015 728 2073; x_wconf 87' lang='lat' dir='ltr'><strong>Deo</strong></span> <span class='ocrx_word' id='word_1_139' title='bbox 760 2011 918 2072; x_wconf 85' lang='lat' dir='ltr'><strong>iustificari</strong></span> <span class='ocrx_word' id='word_1_140' title='bbox 950 2020 1053 2093; x_wconf 88' lang='lat' dir='ltr'><strong>potest</strong></span> 
     </span>
     <span class='ocr_line' id='line_1_22' title="bbox 136 2095 1053 2176; baseline -0.003 -18"><span class='ocrx_word' id='word_1_141' title='bbox 136 2095 169 2158; x_wconf 77' lang='lat' dir='ltr'><strong>st</strong></span> <span class='ocrx_word' id='word_1_142' title='bbox 192 2097 282 2156; x_wconf 85' lang='lat' dir='ltr'><strong>vultis</strong></span> <span class='ocrx_word' id='word_1_143' title='bbox 304 2097 395 2175; x_wconf 84' lang='lat' dir='ltr'><strong>igitur</strong></span> <span class='ocrx_word' id='word_1_144' title='bbox 417 2098 637 2175; x_wconf 89' lang='lat' dir='ltr'><strong>poenitentiam</strong></span> <span class='ocrx_word' id='word_1_145' title='bbox 661 2116 770 2176; x_wconf 84' lang='lat' dir='ltr'><strong>agere,</strong></span> <span class='ocrx_word' id='word_1_146' title='bbox 799 2104 884 2156; x_wconf 88' lang='lat' dir='ltr'><strong>recte</strong></span> <span class='ocrx_word' id='word_1_147' title='bbox 906 2098 937 2155; x_wconf 90' lang='lat' dir='ltr'><strong>id</strong></span> <span class='ocrx_word' id='word_1_148' title='bbox 959 2096 1053 2155; x_wconf 82' lang='lat' dir='ltr'><strong>facite.</strong></span> 
     </span>
     <span class='ocr_line' id='line_1_23' title="bbox 135 2176 1054 2259; baseline -0.003 -18"><span class='ocrx_word' id='word_1_149' title='bbox 135 2176 246 2242; x_wconf 85' lang='lat' dir='ltr'><strong>Vestra</strong></span> <span class='ocrx_word' id='word_1_150' title='bbox 268 2181 459 2258; x_wconf 90' lang='lat' dir='ltr'><strong>poenitentia</strong></span> <span class='ocrx_word' id='word_1_151' title='bbox 488 2179 560 2238; x_wconf 87' lang='lat' dir='ltr'><strong>nihil</strong></span> <span class='ocrx_word' id='word_1_152' title='bbox 584 2189 639 2241; x_wconf 85' lang='lat' dir='ltr'><strong>est.</strong></span> <span class='ocrx_word' id='word_1_153' title='bbox 684 2179 758 2254; x_wconf 79' lang='lat' dir='ltr'><strong>Quis</strong></span> <span class='ocrx_word' id='word_1_154' title='bbox 782 2179 888 2255; x_wconf 89' lang='lat' dir='ltr'><strong>vobis,</strong></span> <span class='ocrx_word' id='word_1_155' title='bbox 923 2178 1054 2259; x_wconf 77' lang='lat' dir='ltr'><strong>hypocri-</strong></span> 
     </span>
     <span class='ocr_line' id='line_1_24' title="bbox 136 2261 1053 2342; baseline -0.005 -20"><span class='ocrx_word' id='word_1_156' title='bbox 136 2269 201 2338; x_wconf 87' lang='lat' dir='ltr'><strong>tae,</strong></span> <span class='ocrx_word' id='word_1_157' title='bbox 235 2263 343 2341; x_wconf 90' lang='lat' dir='ltr'><strong>quibus</strong></span> <span class='ocrx_word' id='word_1_158' title='bbox 366 2262 448 2322; x_wconf 83' lang='lat' dir='ltr'><strong>nulia</strong></span> <span class='ocrx_word' id='word_1_159' title='bbox 477 2264 666 2341; x_wconf 88' lang='lat' dir='ltr'><strong>poenitentia</strong></span> <span class='ocrx_word' id='word_1_160' title='bbox 694 2283 771 2342; x_wconf 87' lang='lat' dir='ltr'><strong>opus</strong></span> <span class='ocrx_word' id='word_1_161' title='bbox 796 2271 860 2339; x_wconf 87' lang='lat' dir='ltr'><strong>est,</strong></span> <span class='ocrx_word' id='word_1_162' title='bbox 895 2261 1053 2342; x_wconf 88' lang='lat' dir='ltr'><strong>progenies</strong></span> 
     </span>
     <span class='ocr_line' id='line_1_25' title="bbox 135 2345 1052 2425; baseline -0.002 -21"><span class='ocrx_word' id='word_1_163' title='bbox 135 2350 319 2425; x_wconf 70' lang='lat' dir='ltr'><strong>viperarum,</strong></span> <span class='ocrx_word' id='word_1_164' title='bbox 341 2346 496 2423; x_wconf 88' lang='lat' dir='ltr'><strong>indicavit,</strong></span> <span class='ocrx_word' id='word_1_165' title='bbox 520 2345 601 2424; x_wconf 87' lang='lat' dir='ltr'><strong>quod</strong></span> <span class='ocrx_word' id='word_1_166' title='bbox 615 2345 749 2425; x_wconf 82' lang='lat' dir='ltr'><strong>effugere</strong></span> <span class='ocrx_word' id='word_1_167' title='bbox 764 2347 888 2425; x_wconf 90' lang='lat' dir='ltr'><strong>possitis</strong></span> <span class='ocrx_word' id='word_1_168' title='bbox 903 2353 1052 2405; x_wconf 88' lang='lat' dir='ltr'><strong>venturam</strong></span> 
     </span>
     <span class='ocr_line' id='line_1_26' title="bbox 135 2426 1053 2490; baseline 0 -2"><span class='ocrx_word' id='word_1_169' title='bbox 135 2430 210 2489; x_wconf 90' lang='lat' dir='ltr'><strong>iram</strong></span> <span class='ocrx_word' id='word_1_170' title='bbox 236 2429 314 2488; x_wconf 78' lang='lat' dir='ltr'><strong>eta?</strong></span> <span class='ocrx_word' id='word_1_171' title='bbox 336 2428 386 2488; x_wconf 80' lang='lat' dir='ltr'><strong>Sic</strong></span> <span class='ocrx_word' id='word_1_172' title='bbox 408 2430 608 2488; x_wconf 90' lang='lat' dir='ltr'><strong>concionatur</strong></span> <span class='ocrx_word' id='word_1_173' title='bbox 629 2432 719 2489; x_wconf 88' lang='lat' dir='ltr'><strong>etiam</strong></span> <span class='ocrx_word' id='word_1_174' title='bbox 744 2426 775 2490; x_wconf 80' lang='lat' dir='ltr'><strong>S.</strong></span> <span class='ocrx_word' id='word_1_175' title='bbox 800 2429 910 2487; x_wconf 83' lang='lat' dir='ltr'><strong>Paulus</strong></span> <span class='ocrx_word' id='word_1_176' title='bbox 936 2427 1053 2489; x_wconf 69' lang='lat' dir='ltr'><strong>Rome</strong></span> 
     </span>
     <span class='ocr_line' id='line_1_27' title="bbox 137 2511 1052 2592; baseline -0.002 -21"><span class='ocrx_word' id='word_1_177' title='bbox 137 2511 253 2573; x_wconf 87' lang='lat' dir='ltr'><strong>dicens:</strong></span> <span class='ocrx_word' id='word_1_178' title='bbox 284 2512 353 2572; x_wconf 87' lang='lat' dir='ltr'><strong>Non</strong></span> <span class='ocrx_word' id='word_1_179' title='bbox 377 2523 432 2588; x_wconf 90' lang='lat' dir='ltr'><strong>est,</strong></span> <span class='ocrx_word' id='word_1_180' title='bbox 456 2515 507 2590; x_wconf 91' lang='lat' dir='ltr'><strong>qui</strong></span> <span class='ocrx_word' id='word_1_181' title='bbox 529 2513 693 2592; x_wconf 82' lang='lat' dir='ltr'><strong>intelligat,</strong></span> <span class='ocrx_word' id='word_1_182' title='bbox 716 2531 777 2572; x_wconf 91' lang='lat' dir='ltr'><strong>non</strong></span> <span class='ocrx_word' id='word_1_183' title='bbox 801 2521 857 2586; x_wconf 89' lang='lat' dir='ltr'><strong>est,</strong></span> <span class='ocrx_word' id='word_1_184' title='bbox 881 2515 932 2591; x_wconf 89' lang='lat' dir='ltr'><strong>qui</strong></span> <span class='ocrx_word' id='word_1_185' title='bbox 956 2511 1052 2590; x_wconf 88' lang='lat' dir='ltr'><strong>exqui-</strong></span> 
     </span>
     <span class='ocr_line' id='line_1_28' title="bbox 137 2596 1054 2675; baseline -0.003 -21"><span class='ocrx_word' id='word_1_186' title='bbox 137 2601 184 2655; x_wconf 89' lang='lat' dir='ltr'><strong>rat</strong></span> <span class='ocrx_word' id='word_1_187' title='bbox 204 2596 317 2672; x_wconf 89' lang='lat' dir='ltr'><strong>Deum,</strong></span> <span class='ocrx_word' id='word_1_188' title='bbox 342 2614 402 2655; x_wconf 93' lang='lat' dir='ltr'><strong>non</strong></span> <span class='ocrx_word' id='word_1_189' title='bbox 426 2605 486 2675; x_wconf 90' lang='lat' dir='ltr'><strong>est,</strong></span> <span class='ocrx_word' id='word_1_190' title='bbox 509 2596 560 2674; x_wconf 94' lang='lat' dir='ltr'><strong>qui</strong></span> <span class='ocrx_word' id='word_1_191' title='bbox 583 2596 675 2655; x_wconf 86' lang='lat' dir='ltr'><strong>faciat</strong></span> <span class='ocrx_word' id='word_1_192' title='bbox 698 2596 827 2674; x_wconf 88' lang='lat' dir='ltr'><strong>bonum,</strong></span> <span class='ocrx_word' id='word_1_193' title='bbox 850 2614 914 2655; x_wconf 93' lang='lat' dir='ltr'><strong>non</strong></span> <span class='ocrx_word' id='word_1_194' title='bbox 939 2608 1000 2670; x_wconf 91' lang='lat' dir='ltr'><strong>est,</strong></span> <span class='ocrx_word' id='word_1_195' title='bbox 1022 2612 1054 2652; x_wconf 90' lang='lat' dir='ltr'><strong>ne</strong></span> 
     </span>
     <span class='ocr_line' id='line_1_29' title="bbox 137 2676 1053 2757; baseline -0.002 -20"><span class='ocrx_word' id='word_1_196' title='bbox 137 2677 259 2757; x_wconf 91' lang='lat' dir='ltr'><strong>quidem</strong></span> <span class='ocrx_word' id='word_1_197' title='bbox 284 2699 375 2757; x_wconf 89' lang='lat' dir='ltr'><strong>unus,</strong></span> <span class='ocrx_word' id='word_1_198' title='bbox 411 2698 518 2737; x_wconf 89' lang='lat' dir='ltr'><strong>omnes</strong></span> <span class='ocrx_word' id='word_1_199' title='bbox 540 2680 662 2738; x_wconf 78' lang='lat' dir='ltr'><strong>inutiles</strong></span> <span class='ocrx_word' id='word_1_200' title='bbox 685 2680 756 2739; x_wconf 85' lang='lat' dir='ltr'><strong>facti</strong></span> <span class='ocrx_word' id='word_1_201' title='bbox 785 2687 855 2737; x_wconf 88' lang='lat' dir='ltr'><strong>sunt</strong></span> <span class='ocrx_word' id='word_1_202' title='bbox 877 2687 909 2737; x_wconf 91' lang='lat' dir='ltr'><strong>et</strong></span> <span class='ocrx_word' id='word_1_203' title='bbox 931 2676 1053 2738; x_wconf 78' lang='lat' dir='ltr'><strong>deflere</strong></span> 
     </span>
     <span class='ocr_line' id='line_1_30' title="bbox 135 2759 1050 2838; baseline -0.003 -17"><span class='ocrx_word' id='word_1_204' title='bbox 135 2769 221 2838; x_wconf 90' lang='lat' dir='ltr'><strong>runt,</strong></span> <span class='ocrx_word' id='word_1_205' title='bbox 243 2769 273 2820; x_wconf 92' lang='lat' dir='ltr'><strong>et</strong></span> <span class='ocrx_word' id='word_1_206' title='bbox 296 2764 364 2822; x_wconf 89' lang='lat' dir='ltr'><strong>Act.</strong></span> <span class='ocrx_word' id='word_1_207' title='bbox 391 2765 444 2824; x_wconf 74' lang='lat' dir='ltr'><strong>tt:</strong></span> <span class='ocrx_word' id='word_1_208' title='bbox 467 2759 557 2822; x_wconf 89' lang='lat' dir='ltr'><strong>Nunc</strong></span> <span class='ocrx_word' id='word_1_209' title='bbox 580 2763 661 2822; x_wconf 90' lang='lat' dir='ltr'><strong>Deus</strong></span> <span class='ocrx_word' id='word_1_210' title='bbox 683 2763 850 2822; x_wconf 87' lang='lat' dir='ltr'><strong>annunciat</strong></span> <span class='ocrx_word' id='word_1_211' title='bbox 870 2761 1050 2829; x_wconf 82' lang='lat' dir='ltr'><strong>hominibus,</strong></span> 
     </span>
     <span class='ocr_line' id='line_1_31' title="bbox 136 2846 1052 2924; baseline -0.003 -19"><span class='ocrx_word' id='word_1_212' title='bbox 136 2853 169 2905; x_wconf 91' lang='lat' dir='ltr'><strong>nt</strong></span> <span class='ocrx_word' id='word_1_213' title='bbox 191 2865 299 2905; x_wconf 89' lang='lat' dir='ltr'><strong>omnes</strong></span> <span class='ocrx_word' id='word_1_214' title='bbox 321 2847 517 2924; x_wconf 76' lang='lat' dir='ltr'><strong>resipiscent,</strong></span> <span class='ocrx_word' id='word_1_215' title='bbox 541 2864 648 2905; x_wconf 91' lang='lat' dir='ltr'><strong>omnes</strong></span> <span class='ocrx_word' id='word_1_216' title='bbox 672 2846 826 2923; x_wconf 83' lang='lat' dir='ltr'><strong>homines,</strong></span> <span class='ocrx_word' id='word_1_217' title='bbox 849 2846 903 2919; x_wconf 86' lang='lat' dir='ltr'><strong>ait,</strong></span> <span class='ocrx_word' id='word_1_218' title='bbox 927 2846 1052 2917; x_wconf 86' lang='lat' dir='ltr'><strong>nemine,</strong></span> 
     </span>
     <span class='ocr_line' id='line_1_32' title="bbox 136 2927 1054 3007; baseline -0.007 -19"><span class='ocrx_word' id='word_1_219' title='bbox 136 2929 188 3007; x_wconf 93' lang='lat' dir='ltr'><strong>qui</strong></span> <span class='ocrx_word' id='word_1_220' title='bbox 218 2929 339 3006; x_wconf 85' lang='lat' dir='ltr'><strong>quidem</strong></span> <span class='ocrx_word' id='word_1_221' title='bbox 368 2928 462 2988; x_wconf 90' lang='lat' dir='ltr'><strong>homo</strong></span> <span class='ocrx_word' id='word_1_222' title='bbox 486 2929 538 3005; x_wconf 90' lang='lat' dir='ltr'><strong>sit,</strong></span> <span class='ocrx_word' id='word_1_223' title='bbox 572 2938 713 3007; x_wconf 85' lang='lat' dir='ltr'><strong>excepto.</strong></span> <span class='ocrx_word' id='word_1_224' title='bbox 757 2927 843 2987; x_wconf 88' lang='lat' dir='ltr'><strong>Haec</strong></span> <span class='ocrx_word' id='word_1_225' title='bbox 871 2927 1054 3007; x_wconf 82' lang='lat' dir='ltr'><strong>poenitentis</strong></span> 
     </span>
     <span class='ocr_line' id='line_1_33' title="bbox 136 3011 1053 3091; baseline -0.002 -21"><span class='ocrx_word' id='word_1_226' title='bbox 136 3011 229 3070; x_wconf 89' lang='lat' dir='ltr'><strong>docet</strong></span> <span class='ocrx_word' id='word_1_227' title='bbox 262 3030 317 3070; x_wconf 93' lang='lat' dir='ltr'><strong>nos</strong></span> <span class='ocrx_word' id='word_1_228' title='bbox 348 3030 516 3090; x_wconf 80' lang='lat' dir='ltr'><strong>agnoscere</strong></span> <span class='ocrx_word' id='word_1_229' title='bbox 546 3020 724 3091; x_wconf 88' lang='lat' dir='ltr'><strong>peceatum,</strong></span> <span class='ocrx_word' id='word_1_230' title='bbox 757 3018 857 3070; x_wconf 89' lang='lat' dir='ltr'><strong>actum</strong></span> <span class='ocrx_word' id='word_1_231' title='bbox 894 3029 964 3070; x_wconf 88' lang='lat' dir='ltr'><strong>esse</strong></span> <span class='ocrx_word' id='word_1_232' title='bbox 993 3026 1053 3069; x_wconf 88' lang='lat' dir='ltr'><strong>eunt</strong></span> 
     </span>
     <span class='ocr_line' id='line_1_34' title="bbox 137 3094 1054 3173; baseline -0.003 -19"><span class='ocrx_word' id='word_1_233' title='bbox 137 3095 278 3154; x_wconf 90' lang='lat' dir='ltr'><strong>omnibus</strong></span> <span class='ocrx_word' id='word_1_234' title='bbox 301 3095 399 3169; x_wconf 90' lang='lat' dir='ltr'><strong>nobis,</strong></span> <span class='ocrx_word' id='word_1_235' title='bbox 423 3094 496 3154; x_wconf 90' lang='lat' dir='ltr'><strong>nihil</strong></span> <span class='ocrx_word' id='word_1_236' title='bbox 519 3097 631 3154; x_wconf 89' lang='lat' dir='ltr'><strong>essein</strong></span> <span class='ocrx_word' id='word_1_237' title='bbox 656 3094 743 3153; x_wconf 92' lang='lat' dir='ltr'><strong>nobis</strong></span> <span class='ocrx_word' id='word_1_238' title='bbox 767 3094 895 3154; x_wconf 85' lang='lat' dir='ltr'><strong>boniet</strong></span> <span class='ocrx_word' id='word_1_239' title='bbox 919 3100 1054 3173; x_wconf 83' lang='lat' dir='ltr'><strong>oportere</strong></span> 
     </span>
     <span class='ocr_line' id='line_1_35' title="bbox 137 3177 1053 3257; baseline -0.005 -20"><span class='ocrx_word' id='word_1_240' title='bbox 137 3195 195 3237; x_wconf 91' lang='lat' dir='ltr'><strong>nos</strong></span> <span class='ocrx_word' id='word_1_241' title='bbox 218 3179 358 3237; x_wconf 88' lang='lat' dir='ltr'><strong>renovari</strong></span> <span class='ocrx_word' id='word_1_242' title='bbox 394 3184 426 3237; x_wconf 90' lang='lat' dir='ltr'><strong>et</strong></span> <span class='ocrx_word' id='word_1_243' title='bbox 452 3177 529 3237; x_wconf 90' lang='lat' dir='ltr'><strong>alios</strong></span> <span class='ocrx_word' id='word_1_244' title='bbox 559 3177 634 3240; x_wconf 85' lang='lat' dir='ltr'><strong>fieri.</strong></span> <span class='ocrx_word' id='word_1_245' title='bbox 679 3177 762 3236; x_wconf 88' lang='lat' dir='ltr'><strong>Haeo</strong></span> <span class='ocrx_word' id='word_1_246' title='bbox 784 3179 977 3257; x_wconf 88' lang='lat' dir='ltr'><strong>poenitentia</strong></span> <span class='ocrx_word' id='word_1_247' title='bbox 1000 3192 1053 3234; x_wconf 88' lang='lat' dir='ltr'><strong>non</strong></span> 
     </span>
     <span class='ocr_line' id='line_1_36' title="bbox 136 3260 1054 3340; baseline -0.004 -18"><span class='ocrx_word' id='word_1_248' title='bbox 136 3269 184 3322; x_wconf 89' lang='lat' dir='ltr'><strong>est</strong></span> <span class='ocrx_word' id='word_1_249' title='bbox 205 3262 392 3340; x_wconf 84' lang='lat' dir='ltr'><strong>imperfecta,</strong></span> <span class='ocrx_word' id='word_1_250' title='bbox 417 3260 513 3339; x_wconf 87' lang='lat' dir='ltr'><strong>qualis</strong></span> <span class='ocrx_word' id='word_1_251' title='bbox 538 3268 585 3321; x_wconf 89' lang='lat' dir='ltr'><strong>est</strong></span> <span class='ocrx_word' id='word_1_252' title='bbox 606 3262 669 3333; x_wconf 90' lang='lat' dir='ltr'><strong>illa,</strong></span> <span class='ocrx_word' id='word_1_253' title='bbox 692 3279 752 3339; x_wconf 90' lang='lat' dir='ltr'><strong>qua</strong></span> <span class='ocrx_word' id='word_1_254' title='bbox 775 3268 892 3319; x_wconf 90' lang='lat' dir='ltr'><strong>tantum</strong></span> <span class='ocrx_word' id='word_1_255' title='bbox 917 3260 956 3339; x_wconf 83' lang='lat' dir='ltr'><strong>de</strong></span> <span class='ocrx_word' id='word_1_256' title='bbox 978 3268 1054 3319; x_wconf 88' lang='lat' dir='ltr'><strong>aetu-</strong></span> 
     </span>
     <span class='ocr_line' id='line_1_37' title="bbox 137 3341 1052 3424; baseline -0.007 -18"><span class='ocrx_word' id='word_1_257' title='bbox 137 3344 235 3406; x_wconf 87' lang='lat' dir='ltr'><strong>alibus</strong></span> <span class='ocrx_word' id='word_1_258' title='bbox 259 3344 393 3424; x_wconf 86' lang='lat' dir='ltr'><strong>peccatis</strong></span> <span class='ocrx_word' id='word_1_259' title='bbox 427 3344 526 3422; x_wconf 87' lang='lat' dir='ltr'><strong>agitur</strong></span> <span class='ocrx_word' id='word_1_260' title='bbox 558 3347 756 3424; x_wconf 91' lang='lat' dir='ltr'><strong>poenitentia.</strong></span> <span class='ocrx_word' id='word_1_261' title='bbox 800 3341 871 3404; x_wconf 87' lang='lat' dir='ltr'><strong>Non</strong></span> <span class='ocrx_word' id='word_1_262' title='bbox 897 3352 948 3404; x_wconf 86' lang='lat' dir='ltr'><strong>est</strong></span> <span class='ocrx_word' id='word_1_263' title='bbox 969 3344 1052 3403; x_wconf 87' lang='lat' dir='ltr'><strong>etiam</strong></span> 
     </span>
     <span class='ocr_line' id='line_1_38' title="bbox 135 3425 1053 3507; baseline -0.008 -19"><span class='ocrx_word' id='word_1_264' title='bbox 135 3429 268 3507; x_wconf 89' lang='lat' dir='ltr'><strong>ineerta,</strong></span> <span class='ocrx_word' id='word_1_265' title='bbox 304 3430 382 3486; x_wconf 91' lang='lat' dir='ltr'><strong>sicut</strong></span> <span class='ocrx_word' id='word_1_266' title='bbox 412 3427 472 3485; x_wconf 87' lang='lat' dir='ltr'><strong>itta.</strong></span> <span class='ocrx_word' id='word_1_267' title='bbox 515 3428 583 3487; x_wconf 90' lang='lat' dir='ltr'><strong>Non</strong></span> <span class='ocrx_word' id='word_1_268' title='bbox 613 3428 692 3487; x_wconf 89' lang='lat' dir='ltr'><strong>enim</strong></span> <span class='ocrx_word' id='word_1_269' title='bbox 716 3426 868 3506; x_wconf 91' lang='lat' dir='ltr'><strong>disputat,</strong></span> <span class='ocrx_word' id='word_1_270' title='bbox 906 3425 1053 3505; x_wconf 82' lang='lat' dir='ltr'><strong>quodnam</strong></span> 
     </span>
     <span class='ocr_line' id='line_1_39' title="bbox 137 3509 1055 3590; baseline -0.008 -18"><span class='ocrx_word' id='word_1_271' title='bbox 137 3513 176 3572; x_wconf 89' lang='lat' dir='ltr'><strong>sit</strong></span> <span class='ocrx_word' id='word_1_272' title='bbox 195 3519 247 3570; x_wconf 91' lang='lat' dir='ltr'><strong>aut</strong></span> <span class='ocrx_word' id='word_1_273' title='bbox 276 3530 337 3570; x_wconf 91' lang='lat' dir='ltr'><strong>non</strong></span> <span class='ocrx_word' id='word_1_274' title='bbox 367 3512 404 3568; x_wconf 91' lang='lat' dir='ltr'><strong>sit</strong></span> <span class='ocrx_word' id='word_1_275' title='bbox 427 3519 607 3590; x_wconf 87' lang='lat' dir='ltr'><strong>peccatum,</strong></span> <span class='ocrx_word' id='word_1_276' title='bbox 643 3510 696 3569; x_wconf 91' lang='lat' dir='ltr'><strong>sed</strong></span> <span class='ocrx_word' id='word_1_277' title='bbox 726 3511 831 3569; x_wconf 90' lang='lat' dir='ltr'><strong>omnia</strong></span> <span class='ocrx_word' id='word_1_278' title='bbox 861 3509 1005 3588; x_wconf 87' lang='lat' dir='ltr'><strong>deprimit</strong></span> <span class='ocrx_word' id='word_1_279' title='bbox 1024 3523 1055 3566; x_wconf 84' lang='lat' dir='ltr'><strong>ae</strong></span> 
     </span>
    </p>
   </div>
   <div class='ocr_carea' id='block_1_3' title="bbox 63 3591 1054 3841">
    <p class='ocr_par' dir='ltr' id='par_1_3' title="bbox 63 3591 1054 3841">
     <span class='ocr_line' id='line_1_40' title="bbox 137 3591 1053 3673; baseline -0.008 -19"><span class='ocrx_word' id='word_1_280' title='bbox 137 3595 225 3654; x_wconf 88' lang='lat' dir='ltr'><strong>dicit:</strong></span> <span class='ocrx_word' id='word_1_281' title='bbox 258 3593 339 3653; x_wconf 89' lang='lat' dir='ltr'><strong>Nihil</strong></span> <span class='ocrx_word' id='word_1_282' title='bbox 361 3602 408 3652; x_wconf 89' lang='lat' dir='ltr'><strong>est</strong></span> <span class='ocrx_word' id='word_1_283' title='bbox 430 3595 460 3651; x_wconf 92' lang='lat' dir='ltr'><strong>in</strong></span> <span class='ocrx_word' id='word_1_284' title='bbox 484 3595 586 3672; x_wconf 89' lang='lat' dir='ltr'><strong>vobis,</strong></span> <span class='ocrx_word' id='word_1_285' title='bbox 610 3596 666 3652; x_wconf 90' lang='lat' dir='ltr'><strong>nisi</strong></span> <span class='ocrx_word' id='word_1_286' title='bbox 691 3602 862 3673; x_wconf 89' lang='lat' dir='ltr'><strong>peccatum.</strong></span> <span class='ocrx_word' id='word_1_287' title='bbox 907 3591 1053 3666; x_wconf 81' lang='lat' dir='ltr'><strong>Quorsum</strong></span> 
     </span>
     <span class='ocr_line' id='line_1_41' title="bbox 137 3670 1054 3757; baseline -0.008 -19"><span class='ocrx_word' id='word_1_288' title='bbox 137 3697 216 3757; x_wconf 88' lang='lat' dir='ltr'><strong>opus</strong></span> <span class='ocrx_word' id='word_1_289' title='bbox 253 3686 300 3736; x_wconf 92' lang='lat' dir='ltr'><strong>est</strong></span> <span class='ocrx_word' id='word_1_290' title='bbox 338 3677 549 3754; x_wconf 88' lang='lat' dir='ltr'><strong>inquisitione,</strong></span> <span class='ocrx_word' id='word_1_291' title='bbox 592 3677 756 3756; x_wconf 80' lang='lat' dir='ltr'><strong>partitione</strong></span> <span class='ocrx_word' id='word_1_292' title='bbox 795 3683 850 3736; x_wconf 87' lang='lat' dir='ltr'><strong>aut</strong></span> <span class='ocrx_word' id='word_1_293' title='bbox 889 3670 1054 3735; x_wconf 84' lang='lat' dir='ltr'><strong>divisione?</strong></span> 
     </span>
     <span class='ocr_line' id='line_1_42' title="bbox 63 3754 1052 3841; baseline -0.012 -16"><span class='ocrx_word' id='word_1_294' title='bbox 63 3818 68 3825; x_wconf 94' lang='lat'><em>.</em></span> <span class='ocrx_word' id='word_1_295' title='bbox 138 3759 292 3841; x_wconf 76' lang='lat' dir='ltr'><strong>Quocirca</strong></span> <span class='ocrx_word' id='word_1_296' title='bbox 313 3761 404 3820; x_wconf 86' lang='lat' dir='ltr'><strong>etiam</strong></span> <span class='ocrx_word' id='word_1_297' title='bbox 426 3762 568 3822; x_wconf 86' lang='lat' dir='ltr'><strong>contritio</strong></span> <span class='ocrx_word' id='word_1_298' title='bbox 591 3760 721 3821; x_wconf 86' lang='lat' dir='ltr'><strong>hicnon</strong></span> <span class='ocrx_word' id='word_1_299' title='bbox 745 3767 792 3819; x_wconf 87' lang='lat' dir='ltr'><strong>est</strong></span> <span class='ocrx_word' id='word_1_300' title='bbox 814 3760 942 3823; x_wconf 83' lang='lat' dir='ltr'><strong>incerta.</strong></span> <span class='ocrx_word' id='word_1_301' title='bbox 982 3754 1052 3819; x_wconf 82' lang='lat' dir='ltr'><strong>Nihil</strong></span> 
     </span>
    </p>
   </div>
   <div class='ocr_carea' id='block_1_4' title="bbox 0 0 1178 4162">
    <p class='ocr_par' dir='ltr' id='par_1_4' title="bbox 0 0 1178 4162">
     <span class='ocr_line' id='line_1_43' title="bbox 0 0 1178 4162; baseline 0 0"><span class='ocrx_word' id='word_1_302' title='bbox 0 0 1178 4162; x_wconf 95' lang='lat' dir='ltr'><strong> </strong></span> 
     </span>
    </p>
   </div>
  </div>
 </body>
</html>
