2348 4162
371 260 474 320 debeat
490 276 553 320 esse
570 258 719 343 liberum„
839 320 845 331 .
926 264 989 341 449

64 423 149 484 enim
171 420 260 483 abest
280 436 300 479 a
320 422 449 497 peccato
471 419 501 479 in
525 423 670 506 Spiritum
693 426 851 501 sanctum,
873 423 899 483 si
922 424 988 503 quie

64 505 287 585 Papistioarum
310 500 573 568 abominationum
596 528 658 570 non
691 510 816 590 ignarus
846 506 907 567 tale
946 514 989 567 ta·

65 607 137 732 huelp
161 589 361 730 iupamentum
390 586 491 648 sciens
521 598 552 652 et
582 592 716 673 prudens
748 595 905 673 praestare
926 609 988 651 non

88 672 186 733 uitat

149 754 250 815 Habet
268 761 369 816 autem
392 754 601 821 admirabilem
626 756 783 818 articulum
806 756 845 816 de
867 756 989 816 visitan-

65 836 114 897 dis
137 836 290 897 liminibus
315 838 536 917 apostolorum.
581 839 640 915 qui
658 841 839 922 primum-in
862 838 988 899 hocva-

64 920 119 998 let,
143 926 185 1000 ut,
209 921 233 981 si
257 921 393 1001 episcopi
418 923 542 982 nimium
565 925 688 984 viveoes
721 923 832 983 diutius
855 921 989 998 obstent,
1040 992 1043 997 ¹

65 1004 230 1083 quominus
260 1003 354 1083 pallia
376 1022 470 1084 saepe
491 1006 695 1084 redimantur,
730 1012 843 1086 uegeta
866 1006 989 1066 licentia

67 1086 258 1147 omittendae
287 1087 375 1146 buius
398 1088 581 1149 visitationis
605 1090 651 1150 vel
674 1091 704 1150 in
727 1089 834 1149 itinere
858 1088 987 1149 moriau-

65 1177 124 1246 tur,
146 1169 195 1230 vel
217 1169 339 1230 Rornae
362 1188 481 1230 veneno
504 1172 657 1253 tollantur,
680 1172 740 1251 vel,
764 1173 873 1232 sinon
899 1174 989 1232 vena·¹
1091 1190 1093 1195 ·

64 1253 135 1333 rint,
159 1257 193 1312 ut
213 1254 325 1332 periuri
348 1251 550 1332 deponantur.

150 1334 285 1415 Deinde,
321 1342 353 1394 ut
375 1336 533 1396 omittendi
556 1337 727 1417 licentiam,
763 1336 907 1417 quamdiu
928 1337 987 1398 Ro-

65 1417 264 1479 manensibus
288 1418 484 1479 commodum
507 1420 641 1498 videtur,
671 1423 835 1500 quotannis
858 1422 989 1501 pecunia

65 1507 226 1563 numerata
249 1500 422 1578 obtineant,
457 1521 513 1582 pro
547 1521 607 1582 que
627 1522 667 1563 ue
698 1503 795 1563 semel
817 1504 847 1562 in
871 1504 988 1563 nniver-

64 1604 132 1644 sum
155 1586 334 1665 transigant,
358 1584 411 1644 sed
434 1588 599 1663 quotannis
615 1605 696 1646 nova
718 1587 987 1666 pecuniamulten·

64 1677 125 1744 tur,
148 1668 240 1728 etiam
262 1687 318 1748 per
339 1669 468 1728 nuncios
493 1670 614 1729 visitare
627 1670 850 1749 permittuntur,
869 1688 908 1728 ex
924 1670 987 1747 qui·

24 1822 28 1829 ,
64 1750 122 1812 bus
147 1749 256 1810 deinde
278 1751 490 1811 Romanensea
504 1751 675 1813 nebulones
689 1753 792 1812 omnia
814 1751 988 1831 quaelubet

63 1833 273 1913 explebantur,
296 1834 431 1893 maxime
444 1837 576 1914 optimas
591 1835 794 1916 praebendas,
817 1854 903 1914 quas,
917 1853 985 1894 oum

11 1946 14 1953 ·
65 1918 251 1997 secaverint,
273 1916 358 1997 Papa
379 1919 442 1976 suis
464 1916 637 1978 stabulariis
660 1917 763 1978 donet.

148 1999 318 2078 Postremo,
341 1999 423 2079 quod
436 2007 482 2061 est
501 2003 634 2061 omnium
646 2001 901 2081 indignissimum,
925 2000 986 2060 boc

62 2082 236 2144 iuramento
258 2102 365 2143 omnes
388 2085 527 2165 episcopi
550 2085 759 2161 circumventi,
782 2085 863 2164 capti
887 2092 917 2144 et
939 2085 982 2143 in·

61 2165 173 2242 triceti,
195 2166 251 2226 sub
272 2166 478 2246 Antichristo,
511 2174 641 2248 tyranno
665 2170 799 2227 omnium
824 2166 984 2227 detestabi·
1012 2240 1015 2245 Ι

27 2324 34 2333 ι
62 2247 197 2328 lissimo,
227 2250 257 2308 in
280 2250 492 2329 gravissimam
522 2257 553 2311 et
580 2270 705 2330 prorsus
736 2250 983 2329 inexplicabilem

62 2333 239 2392 servitutem
271 2331 496 2411 pertrabuntur.
539 2333 617 2393 Nam
645 2333 746 2393 nullus
768 2335 984 2412 episcoporum

62 2413 145 2474 hunc
165 2415 323 2475 articulum
347 2415 474 2495 implere
497 2423 608 2494 potest,
630 2414 830 2475 retinentibus
853 2435 921 2475 eum
935 2414 985 2475 vel

62 2497 208 2577 gravibus
231 2499 379 2578 negotiis,
413 2497 461 2557 vel
491 2500 628 2578 corporis
662 2497 903 2576 infirmitatibus,
936 2497 984 2557 vel

62 2580 182 2641 itineris
204 2585 236 2641 et
265 2579 414 2641 bellorum
436 2582 588 2659 periculis.
632 2580 759 2660 Cogitur
782 2581 985 2660 ergorelaxa·

62 2664 178 2724 tionem
209 2666 370 2724 iuramenti
393 2683 411 2724 a
433 2664 517 2743 Papa
539 2671 660 2744 petere,
696 2663 778 2742 quod
808 2663 879 2723 dum
902 2664 984 2736 facit,

62 2766 127 2808 non
150 2746 244 2808 modo
267 2748 383 2824 verbis,
416 2757 520 2807 v'erum
554 2749 644 2807 etiem
668 2767 701 2807 re
723 2750 791 2827 ipse
812 2745 985 2825 confitetur,

61 2828 177 2910 Papam
209 2829 323 2890 hebere
357 2836 542 2910 potestatem
577 2829 736 2890 relaxandi
769 2831 873 2890 omnia
907 2832 985 2889 iura·

62 2920 184 2993 menta,
220 2912 281 2973 boc
311 2925 412 2975 autem
435 2913 592 2973 Romanus
615 2913 756 2974 Pontifex
793 2913 902 2992 cupide
922 2932 985 2974 am·

60 2996 214 3077 plectitur,
247 2995 361 3076 qnippe
383 2998 435 3075 qui
463 2998 543 3055 hunc
566 2998 722 3056 articulum
757 2998 788 3055 in
811 2996 871 3056 hoc
893 3014 983 3056 exco-

59 3081 180 3161 ¹gituvit.
209 3079 262 3139 -Et
284 3081 308 3138 si
346 3079 456 3139 deinde
490 3080 655 3159 episcopus
693 3080 801 3159 aliquis
824 3080 985 3140 Romanae

60 3161 231 3244 tyrannidi,
254 3181 314 3241 qua
345 3163 538 3245 opprimitur,
574 3163 778 3241 contradicat,
811 3167 842 3225 et
872 3164 900 3223 ei
922 3181 984 3223 mo·

61 3246 133 3307 dum
171 3246 303 3326 aliquem
340 3252 474 3306 statuere
520 3247 648 3323 nitatur,
692 3248 985 3324 excommunicatur,

60 3328 242 3410 deponitur,
275 3336 305 3390 et
326 3327 455 3388 subditis
478 3329 542 3388 eius
565 3330 765 3388 iuramentum
791 3327 985 3389 obedientiae

60 3412 229 3474 relaxatur.

135 3494 238 3559 Porro
268 3495 293 3553 si
329 3495 493 3574 episcopus
516 3492 704 3553 contendere
727 3493 811 3567 velit,
843 3493 984 3555 subditos

60 3597 124 3639 non
158 3596 252 3658 posse
282 3596 336 3656 per
360 3577 474 3656 Papam
510 3579 568 3636 rite
602 3576 680 3636 solvi
719 3576 756 3636 ab
789 3575 985 3638 obedientiae

58 3663 247 3740 iuramento,
282 3668 345 3719 tum
378 3659 435 3720 sibi
457 3661 525 3740 ipse
547 3657 744 3737 contradicit,
768 3678 863 3738 seque
884 3660 983 3739 ipsum
1089 3692 1098 3701 -

58 3745 214 3827 periurum
238 3743 412 3821 constituit,
435 3744 547 3824 qnippe
569 3742 621 3821 qui
642 3762 676 3802 se
697 3743 797 3823 ipsum
821 3763 943 3824 quoque
966 3764 985 3804 a

84 3862 178 3903 nunes
191 3872 245 3911 opp.
258 3862 285 3904 v.
299 3860 327 3901 s.
344 3861 372 3901 au
386 3860 426 3900 ror.
445 3860 495 3900 nur.
509 3861 524 3900 r.
539 3871 560 3910 p.
577 3859 626 3901 v01.
641 3860 690 3902 vu.
862 3830 901 3893 29
