2348 4162
201 243 262 311 190
438 226 582 302 uo'nrvo
601 243 716 302 arbitrio
733 245 769 303 D.
787 247 822 301 ll.
840 246 872 303 L.

197 432 265 475 oum
287 413 363 474 nihil
386 413 564 475 delinitione
586 417 721 491 apertius
744 417 898 477 etaerliua
918 413 968 476 edi
991 413 1122 496 debeat3

178 496 329 559 obscure
351 499 431 558 enim
454 497 582 558 definire
603 499 729 577 perinde
758 507 805 560 eat
826 517 864 559 ao
884 498 957 558 nihil
981 497 1120 562 delinire.

199 582 333 660 Aperlae
354 591 424 640 eunt
446 580 532 640 illae:
557 581 610 640 Vin
633 582 785 643 humanae
807 582 1001 662 voluntatis,
1034 583 1120 663 item,

199 683 260 742 qua
281 683 315 723 sa
338 670 440 743 potest
456 664 573 742 bomo,
606 665 700 745 ilem,
734 664 772 725 ad
795 675 951 725 aeternam
973 665 1120 725 salntem:

197 746 251 806 sed
265 747 447 808 Andabatae
458 755 529 807 aunt
540 749 627 826 istae,
639 748 804 828 applicare,
826 749 910 825 item,
932 746 1025 813 adea
1039 766 1120 828 quae

198 829 378 910 perducunt3
399 832 483 907 item,
505 839 653 894 avertere.
698 829 777 905 Quin
799 832 892 910 igitur
912 849 982 891 esse
1006 831 1121 893 divina·

199 914 296 973 bimus
329 912 404 973 illud
433 911 612 993 applicare?
644 916 715 974 item
742 914 817 974 illud
840 912 1001 975 avertere?
1035 914 1120 991 item,

198 997 270 1074 quid
292 1003 363 1056 eunt
384 997 445 1075 illa,
469 1015 548 1074 quae
561 996 599 1056 ad
614 1006 768 1056 aeternam
781 997 909 1058 salutem
928 996 1120 1077 perducunt?

198 1077 267 1154 Quo
290 1099 324 1138 se
346 1078 517 1159 proripiunt
540 1078 612 1138 illa?
654 1080 742 1149 Mihi,
766 1085 798 1138 ut
820 1079 926 1156 video,
948 1098 1018 1139 eum
1041 1098 1116 1141 vero

198 1161 293 1223 Seolo
316 1170 368 1222 aut
388 1161 543 1222 Heraelito
565 1181 614 1221 ree
636 1170 704 1240 eet,
737 1171 769 1223 ut
791 1161 902 1242 duplici
926 1161 1033 1223 labore
1054 1163 1119 1223 lati·

197 1264 261 1325 ger,
277 1246 405 1324 primum
415 1255 446 1304 ut
457 1245 664 1305 adversarium
676 1247 706 1305 in
720 1245 857 1321 invaiset
868 1247 1001 1306 tenebris
1017 1245 1119 1325 (quod

197 1329 314 1388 lacinus
338 1335 369 1388 et
390 1329 492 1388 audax
520 1338 551 1388 et
572 1329 776 1407 periculosum
805 1333 869 1406 eet)
900 1329 1056 1408 palpitans
1089 1336 1120 1389 et

197 1418 320 1472 tentans
341 1413 519 1490 quaeritem,
542 1431 588 1486 ao,
612 1413 669 1470 uisi
684 1414 841 1490 invenero,
864 1411 975 1471 frustra
996 1421 1029 1472 et
1050 1429 1118 1473 eum

197 1495 289 1554 larvis
301 1514 446 1576 pugnem,
469 1497 603 1572 ab'raque
618 1497 647 1554 in
670 1494 801 1555 tenebris
816 1495 983 1572 verberam,
1006 1494 1120 1556 deinde

196 1578 222 1638 ei
245 1577 418 1657 produxero
440 1580 470 1636 in
495 1579 604 1653 luoem,
627 1585 690 1637 tum
704 1578 825 1637 demum
848 1579 908 1638 iam
931 1578 1111 1657 quaerendo

197 1661 294 1720 feneus
317 1680 417 1739 aequo
440 1661 537 1721 Marte
558 1680 665 1720 manua
688 1678 859 1722 conseram.

281 1744 349 1804 Vim
372 1746 464 1823 igitur
486 1745 649 1806 voluntatis
671 1742 824 1803 humanae
847 1743 905 1803 diei
938 1742 1032 1805 oredo
1067 1762 1119 1825 po-

198 1829 336 1905 tentiam,
358 1830 406 1887 vel
428 1828 615 1904 fucultatem,
637 1828 685 1886 vel
709 1825 913 1902 habilitatem,
936 1826 984 1887 vel
1009 1830 1119 1907 aptitu-

199 1908 300 1970 dinem
324 1909 458 1990 rolendi,
481 1910 615 1983 nolendi,
638 1910 786 1989 eligendi,
809 1910 1043 1988 contemnendi,
1066 1928 1118 1990 ap·

198 1992 359 2072 probandi,
381 1992 545 2072 refutandi,
569 1999 600 2051 et
621 1994 646 2051 ai
670 2011 750 2072 quae
771 2000 843 2053 aunt
875 1993 954 2052 aliae
976 1994 1118 2053 volunta·

198 2077 236 2136 tia
258 2078 407 2136 notiones.
449 2074 514 2136 lam
538 2075 607 2154 quid
629 2077 669 2135 sit
690 2075 819 2136 eandem
846 2077 907 2137 vim
930 2093 1001 2135 neae
1021 2076 1119 2156 appli-

199 2177 270 2218 oure
291 2165 479 2232 elevertere,
501 2177 562 2218 non
577 2159 677 2238 video,
699 2161 756 2219 nini
768 2161 867 2238 ipsum
880 2157 960 2219 velle
972 2167 1004 2218 et
1025 2158 1118 2236 nolle,

199 2241 323 2320 eligere,
338 2250 544 2317 contemnere,
567 2241 706 2320 probare,
729 2243 871 2320 refutare,
891 2244 988 2320 ipram
1002 2241 1121 2302 scilieet

198 2328 350 2385 ontionem
374 2323 556 2402 voluntatis,
591 2335 624 2384 ut
655 2324 823 2403 tingamus,
851 2327 910 2384 vim
942 2323 1025 2384 illam
1050 2342 1120 2386 aare

199 2407 331 2468 medium
355 2407 498 2486 quiddam
528 2410 607 2466 inter
627 2409 816 2467 voluntatem
845 2410 943 2488 ipsam
972 2416 1001 2467 et
1025 2410 1119 2468 aetio·

198 2511 268 2550 nem
292 2509 396 2571 suam,
419 2499 451 2549 ut
472 2509 532 2569 qua
554 2490 695 2550 voluutas
718 2494 785 2570 ipsa
812 2493 964 2554 actionem
993 2489 1119 2551 volendi

200 2580 230 2633 el
252 2574 378 2634 nolendi
400 2572 506 2651 elidit,
534 2582 566 2632 et
587 2591 647 2652 qua
669 2577 737 2653 ipsa
758 2575 840 2634 aetio
864 2572 989 2634 volendi
1012 2580 1044 2634 et
1066 2591 1118 2633 no·

198 2657 283 2718 leudi
321 2657 447 2720 elioitur.
508 2656 598 2716 Aliud
636 2656 685 2715 hio
712 2676 770 2716 neo
802 2656 943 2736 lingere,
980 2676 1039 2718 neo
1067 2674 1118 2717 on·

199 2744 296 2820 gitare
318 2740 415 2801 datur.
459 2738 491 2800 Si
514 2738 624 2817 fallor,
647 2739 738 2819 eulpa
760 2742 799 2799 ait
819 2742 948 2818 amoris,
970 2741 1022 2818 qui
1048 2737 1120 2800 dell·

198 2825 284 2899 nivit,
306 2842 368 2882 non
393 2841 470 2898 mea,
492 2824 542 2901 qui
564 2823 728 2901 investigo,
781 2823 876 2883 Reote
905 2824 986 2882 euim
1010 2822 1120 2883 dieitur

198 2906 279 2986 apud
301 2905 441 2965 lurietae:
475 2904 574 2964 Verba
603 2907 732 2965 obseura
755 2905 935 2984 loquentis,
973 2924 1043 2965 oum
1066 2923 1119 2986 po·

198 2989 290 3049 tuerit
303 2987 413 3048 alarius
436 2987 547 3065 dicere,
570 2988 796 3068 interpretanda
810 3008 877 3049 ease
891 2990 1120 3069 eontraipeum.

198 3070 237 3130 Ει
258 3071 308 3130 hio
334 3069 455 3132 interim
483 3071 648 3131 Modernoa
677 3090 762 3131 meos
782 3072 926 3152 ignorare
947 3072 1022 3133 volo
1050 3089 1120 3132 oum

198 3156 261 3214 auia
284 3155 509 3228 subtilitatibus,
532 3173 635 3214 orasse
658 3156 737 3214 enim
755 3154 917 3215 dicendum
939 3163 998 3236 eet,
1019 3156 1121 3234 gratia

199 3237 330 3299 doeendi
355 3245 385 3298 et
405 3235 603 3314 intelligendi.
635 3236 682 3296 Ea
703 3257 788 3316 vero,
810 3257 890 3318 quae
903 3237 940 3300 ad
962 3250 1121 3299 aeternam

198 3322 328 3382 salutem
354 3321 540 3402 perducunt,
576 3318 707 3381 arbitror
739 3339 808 3381 enee
837 3322 930 3382 verba
965 3331 996 3382 et
1025 3340 1122 3403 opera

198 3404 283 3483 Dei,
318 3423 397 3484 quae
431 3402 598 3464 offeruntur
629 3404 779 3464 voluntati
813 3404 984 3482 humanae,
1007 3413 1041 3465 ut
1062 3404 1122 3465 eie·

198 3487 267 3548 dem
300 3506 370 3548 aene
411 3487 546 3567 applioet
586 3487 636 3546 vel
680 3492 808 3551 avertat.
877 3488 978 3548 Verba
1016 3496 1121 3549 autem

199 3571 256 3631 Dei
277 3570 347 3633 dieo
370 3578 430 3630 tam
453 3569 566 3650 Legem
592 3588 683 3648 quam
705 3569 926 3651 Evangelium,
953 3569 1038 3650 Lege
1059 3572 1122 3631 exi·

198 3662 310 3734 guntur
332 3673 440 3734 opera,
462 3653 633 3732 Evangelio
670 3651 755 3717 fides.
813 3650 907 3715 Nullo
941 3656 1022 3714 enim
1051 3660 1124 3714 aunt

198 3737 268 3821 alia,
291 3757 370 3818 quae
392 3737 440 3799 rel
452 3736 490 3798 ad
513 3738 642 3818 gratiam
665 3736 730 3817 Dei,
754 3737 800 3799 rel
823 3736 862 3798 ad
882 3736 1012 3801 salutem
1025 3744 1123 3801 aeter·
