2348 4162
190 243 233 310 co
515 192 793 313 omousius

191 407 302 468 certius
324 423 380 466 eos
402 411 516 486 manet,
537 424 629 485 quam
651 404 734 484 quud
746 405 845 485 gloria
864 423 972 466 eornm
993 403 1118 464 desinat

190 491 221 549 in
244 490 457 550 confusionem
480 499 512 549 et
532 509 588 570 pro
611 497 790 568 contempta
801 507 892 548 cruce
911 488 1115 568 ignominiam

191 574 360 632 sustineant
382 582 555 652 aeternam,
585 574 665 632 sicut
686 575 832 651 scriptum
854 578 916 632 est:
959 569 1117 645 Quantum

191 674 261 716 sese
281 655 467 736 glorificavit
486 664 519 716 et
538 658 570 716 in
591 656 710 715 deliciis
731 656 801 733 init,
837 663 954 715 tautum
976 654 1050 713 date
1069 654 1116 715 illi

190 746 375 799 tormentum
397 747 429 799 et
449 739 575 801 luctum.
618 741 730 798 Actum
752 747 809 817 est,
832 740 876 798 ait
895 737 1044 816 angelus,
1066 755 1117 797 ce·

190 820 274 900 cidit,
295 821 406 882 cecidit
426 822 480 883 illa
500 821 659 900 Babylon,
682 828 780 881 mater
800 822 1037 881 fornicationum
1058 828 1117 880 tar·

190 923 253 967 rae.
294 905 387 965 Dicat
407 907 507 966 omnis
528 907 659 984 spiritus,
682 907 792 979 Amen,
814 903 976 967 Hallelniu,
1008 903 1117 963 Hense

192 984 347 1065 Ianuario,
371 991 463 1049 Anno
485 986 655 1051 llDXXlV.

232 1213 430 1295 Georgius
452 1213 582 1274 solius
603 1211 675 1275 Dei
698 1212 827 1293 gratia
848 1213 1074 1295 Episcopus

531 1295 779 1358 Sambiensis.
1045 1320 1049 1324 ’

271 1484 469 1546 Homrandis
499 1482 590 1546 nobis
622 1485 653 1543 in
676 1483 799 1544 Christo
831 1483 952 1544 dilectis
973 1483 1115 1567 plebanis

190 1570 220 1628 in
242 1568 429 1628 ffischansen
451 1566 491 1627 ad
513 1566 757 1630 S.Adalbertum
780 1570 953 1647 ceterisque
975 1568 1116 1648 singulis,

190 1652 301 1731 quibus
331 1651 393 1712 boc
421 1650 598 1712 mandatum
621 1657 669 1712 est
690 1650 896 1731 offerendum,
924 1650 1062 1712 Salutem
1083 1653 1114 1712 in

190 1735 336 1796 Domino.

271 1818 360 1878 Haud
383 1835 536 1897 quaquam
560 1834 616 1876 vos
636 1817 780 1896 ignorare
800 1816 998 1897 arbitramur,
1020 1835 1114 1897 quam

176 1900 281 1962 'foede
310 1902 484 1978 misereque
518 1918 538 1958 a
560 1899 664 1958 multis
693 1901 781 1958 annis
809 1900 948 1980 collapsa
971 1902 1012 1961 sit
1030 1900 1115 1962 chri·

188 1986 288 2044 stiana
310 1982 547 2062 orthodoxisque
574 1982 698 2062 religio,
728 1980 979 2063 quandoquidem
1021 1985 1115 2045 etiam

187 2068 219 2146 ii,
242 2067 293 2146 qui
305 2066 479 2127 Christiano
503 2066 628 2126 nomine
642 2065 846 2144 appellantur,
868 2086 930 2128 non
944 2067 1013 2149 plus
1033 2085 1117 2128 nuno

189 2159 296 2211 tenent
326 2149 519 2210 Christianae
549 2148 787 2228 intelligentiae,
819 2167 912 2228 quum
939 2152 977 2229 ii,
1012 2153 1066 2229 qui
1095 2170 1116 2212 a

146 2282 155 2294 .
187 2232 309 2293 Christo
322 2240 392 2292 sunt
413 2232 602 2311 aliemssrmr,
624 2250 687 2292 imo
708 2232 787 2312 proh
809 2232 899 2294 dolor
919 2233 1006 2294 multi
1027 2252 1116 2314 repe·

188 2316 306 2376 riuntur
337 2315 531 2396 sexagenarii
567 2323 660 2394 atquc
687 2313 848 2394 decrepiti,
880 2317 931 2396 qui
962 2317 1114 2399 nesciunt,

188 2398 261 2479 quid
283 2401 314 2458 in
336 2417 372 2458 ss
393 2400 552 2459 contineat
573 2398 717 2478 baptismi
729 2398 893 2478 professio.
936 2398 1113 2480 Quamqui·

137 2552 143 2560 ,
188 2483 258 2542 dem
281 2483 486 2560 ignorantiam
508 2500 622 2561 magna
644 2500 685 2541 ex
706 2481 876 2560 partebnic
897 2482 1115 2544 consuetudini

186 2562 748 2709 lltlltltl“difficili
767 2565 1114 2729 lltltltlllttt

187 2739 286 2791 satum
309 2733 358 2794 sit.
401 2696 569 2811 Siquidem,
593 2731 666 2790 nihil
697 2717 827 2810 prosunt
846 2732 1115 2794 circumstantibus

187 2815 284 2874 sancti
306 2814 450 2894 baptismi
473 2820 504 2874 et
525 2815 689 2874 exorcismi
712 2813 816 2891 verba,
837 2816 946 2895 ignoto
967 2833 1114 2877 sermons

186 2896 323 2976 prolata,
351 2915 430 2976 quae
452 2898 544 2957 etiam
567 2896 706 2957 fortassis
738 2915 778 2957 ne
799 2899 866 2978 ipse
887 2896 1028 2977 quidem,
1061 2899 1115 2977 qui

187 2979 330 3060 baptisat,
353 2981 427 3040 satis
450 2987 560 3040 exacte
580 2980 732 3060 intelligit.
775 2978 856 3054 Quid
878 2982 960 3041 enim
974 2981 1115 3042 utilitatis

187 3071 239 3123 aut
260 3063 373 3123 fructus
395 3062 525 3124 accedat
535 3063 735 3143 auditoribus,
759 3081 827 3124 cum
844 3083 908 3124 non
930 3064 1115 3145 intelligant,

187 3146 259 3225 qnid
281 3146 338 3227 sit,
372 3147 455 3225 quod
487 3165 630 3207 sermone
663 3147 737 3226 ipsis
759 3147 918 3228 incognito
939 3148 1115 3227 protertur?

186 3227 252 3289 Nec
271 3229 370 3289 solum
392 3230 514 3308 inutile,
546 3249 651 3290 verum
675 3230 768 3289 etiam
793 3232 954 3291 molestum
977 3229 1036 3292 tuit
1058 3231 1115 3293 cir·

186 3312 407 3373 cumstantibus
442 3314 548 3374 audire
582 3313 793 3394 presbyterum
826 3313 921 3375 verba
949 3316 1025 3395 ipsis
1049 3332 1115 3376 non

184 3395 341 3456 intellecta
374 3403 547 3459 sonantem.
590 3396 650 3458 Par
671 3403 736 3472 est,
767 3416 830 3458 non
849 3399 1007 3477 ignorare,
1039 3397 1115 3477 qnid

186 3481 241 3556 sit,
270 3479 309 3541 ad
337 3479 420 3558 quod
443 3478 623 3559 respondes.
667 3478 747 3554 Quid
769 3482 861 3560 igitur
881 3479 1115 3562 respondebunt

186 3563 428 3639 circumstantes,
451 3563 476 3622 si
498 3564 646 3640 nesciunt,
668 3563 742 3642 quid
764 3565 934 3643 interroget
955 3571 1008 3624 aut
1030 3562 1114 3624 dicat

183 3643 366 3725 baptisans?
409 3645 537 3706 Accedit
558 3645 597 3706 ad
619 3645 696 3726 boc,
719 3666 778 3707 nec
796 3646 935 3708 defuisse
952 3666 1024 3726 eos,
1059 3648 1113 3726 qui

184 3727 214 3786 in
238 3748 270 3787 re
292 3730 354 3787 tum
377 3730 471 3805 seria,
494 3734 555 3788 tam
579 3729 639 3808 pia,
663 3737 724 3789 tum
747 3738 855 3791 sancta
878 3729 1045 3809 divinaque
1069 3729 1112 3791 ob
