2348 4162
196 276 261 344 462
477 276 580 349 caplta
596 273 664 335 fidei
682 277 853 335 obrtsttanas

196 442 274 510 alios
297 447 364 509 Deo
386 446 569 510 rsoonoiliat
591 468 628 511 ao
650 449 862 509 remissionem
875 456 1076 531 peecatorum
1092 456 1118 512 at

197 534 326 612 gratiam
359 532 504 613 impetrat
526 540 729 613 mereturque.
784 532 907 594 Etenim
945 553 1016 595 eum
1040 553 1118 595 sane

198 615 315 676 tissime
351 615 537 694 oeiebratur,
571 617 736 698 adgistum
775 614 899 676 modum
940 617 1117 680 celebratur.

198 696 273 772 Quis
296 698 376 757 enim
400 698 476 758 alius
500 701 564 758 eius
586 718 659 759 usus
682 698 751 758 est?
804 698 908 773 Quare
926 719 1058 762 neeesse
1080 706 1120 762 est

198 800 265 843 eam
290 781 426 841 damnari
449 802 485 841 ao
509 782 606 843 abiiei.
657 781 778 861 Pugnat
799 784 881 843 anim
916 784 1119 857 direoteonm

196 864 356 944 principaii
379 865 523 941 articulo,
546 866 677 945 qni'ait:
708 884 809 944 neque
840 866 990 947 probum,
1026 886 1120 948 nequa

195 948 370 1028 improbum
393 947 611 1026 sacrificaium,
634 947 687 1007 sed
711 968 823 1028 agnum
847 948 915 1026 Dei,
938 951 997 1011 Dei
1020 949 1120 1027 fliium,

198 1036 304 1090 nostra
326 1038 455 1110 peecata
477 1031 593 1091 tollere.
634 1032 729 1091 Porro
748 1033 773 1090 si
797 1033 864 1109 quis
888 1033 950 1093 boe
963 1041 1120 1113 praetextu

197 1133 306 1174 usurus
329 1118 427 1188 esset,
450 1121 484 1174 ut
506 1114 635 1191 dieeret,
666 1132 701 1174 se
722 1113 836 1175 ideireo
859 1115 916 1175 sibi
940 1117 1000 1196 ipsi
1025 1135 1119 1177 saera-

197 1205 333 1256 mentum
356 1195 499 1277 tribuere,
524 1204 557 1257 ut
577 1199 608 1257 in
632 1216 776 1257 eamrem
801 1200 898 1278 magis
919 1200 958 1258 sit
979 1200 1120 1277 intentus,

197 1281 273 1340 saiat
306 1280 336 1338 id
360 1298 423 1341 non
448 1278 512 1341 fieri
548 1296 588 1341 ex
610 1281 724 1341 animo.
781 1280 867 1341 Serio
901 1283 985 1341 enim
1016 1301 1120 1343 usurus

196 1361 255 1423 hae
277 1380 376 1423 eoena
398 1365 498 1442 magis
520 1383 554 1423 se
576 1362 770 1423 oonfirmobit
791 1369 822 1423 et
843 1366 957 1425 rectius
979 1366 1011 1426 id
1034 1366 1121 1426 faeiat

196 1446 227 1506 in
250 1464 324 1505 vero
345 1455 537 1507 sacramento
561 1447 649 1506 iuxta
670 1447 892 1507 institutionem
916 1447 1032 1509 Christi
1057 1468 1120 1529 por·

197 1536 291 1591 reato.
337 1527 477 1589 Ceterum
502 1528 559 1589 sibi
583 1530 640 1608 ipsi
663 1538 888 1590 sacramentum
910 1532 1048 1610 tradere,
1070 1532 1119 1591 bu·

197 1631 290 1672 mana
311 1613 469 1692 persuasio
497 1619 559 1691 eat,
590 1631 658 1672 oum
688 1614 804 1672 ineerta
833 1631 870 1672 ae
891 1614 1029 1696 inutilis,
1062 1620 1119 1675 tum

196 1696 288 1757 etiam
323 1695 485 1774 prohibita.
541 1697 588 1756 Ao
622 1697 720 1755 nesoit
751 1694 895 1775 quidnam
930 1704 1021 1779 agat,
1053 1697 1120 1757 dum

196 1778 340 1858 negleeto
374 1778 467 1839 verbo
491 1776 551 1839 Dei
584 1774 720 1856 sequitur
751 1778 859 1839 falsam
891 1782 1072 1860 opinionem
1093 1787 1121 1841 et

196 1860 375 1942 figmentum
390 1860 566 1925 humanum.
603 1862 660 1921 Est
680 1863 771 1922 etiam
793 1863 949 1944 iniustum,
973 1870 1008 1924 ut
1028 1865 1120 1925 maxi·

197 1963 248 2005 me
288 1952 389 2004 estere
418 1954 523 2006 essent
560 1944 705 2025 probata,
745 1947 899 2006 eommuni
928 1952 1119 2008 sacramento

198 2027 350 2088 eeoiesiae
373 2046 428 2108 pro
450 2047 507 2088 sua
524 2028 712 2107 cogitatione
735 2029 786 2108 uti,
809 2026 901 2106 idque
924 2049 980 2108 pro
1007 2048 1063 2092 sno
1080 2049 1119 2090 ar

199 2110 287 2170 bitrio
309 2111 375 2171 sino
398 2110 493 2171 verbo
516 2110 573 2170 Dei
596 2117 683 2170 extra
705 2111 855 2171 eooiesiae
873 2116 1119 2174 communionem

198 2199 343 2273 tanquam
366 2213 430 2253 rem
453 2193 600 2254 ludicram
624 2200 762 2254 traotare.

281 2276 338 2336 Hie
359 2277 503 2336 articulus
526 2276 565 2337 de
589 2277 682 2337 Missa
705 2279 870 2358 praecipue
891 2279 922 2338 in
946 2286 1120 2339 sont-rover-

199 2360 274 2420 siam
299 2361 401 2420 veniet
422 2362 452 2419 in
476 2359 614 2440 Synodo.
655 2360 787 2421 Facilius
810 2363 900 2441 enim,
923 2363 949 2421 si
971 2361 1037 2422 fleri
1053 2379 1119 2441 pos·

199 2450 256 2522 set,
278 2442 413 2522 reliquos
429 2462 536 2503 omnes
559 2444 808 2523 artiouiosqnam
831 2445 914 2504 huna
936 2444 1027 2506 nobis
1051 2462 1119 2505 oon·

198 2526 351 2588 aederent.
405 2524 451 2587 Ita
473 2528 630 2606 Augustae
653 2526 837 2607 Campegius
860 2526 950 2604 dixit,
983 2528 1120 2588 toleratu·

198 2628 263 2670 rum
289 2629 323 2670 sa
345 2611 464 2690 potius,
489 2617 521 2669 nt
544 2610 735 2669 membratim
759 2611 1002 2691 diseerperetur,
1034 2628 1119 2690 quarn

198 2694 322 2753 interire
357 2693 491 2753 Missam.
548 2690 649 2766 Quare
677 2700 707 2752 et
736 2713 794 2772 ego
818 2693 884 2753 Deo
919 2693 1014 2755 dante
1043 2694 1119 2774 prius

199 2795 249 2837 me
269 2778 299 2836 in
313 2777 444 2836 sinerem
468 2775 563 2855 redigi
587 2777 695 2855 patiar,
719 2795 808 2854 quam
827 2778 1014 2857 permittam,
1037 2777 1120 2837 seori

199 2859 322 2920 fieulum
345 2860 410 2919 sive
432 2858 578 2939 probum,
602 2859 667 2918 sive
690 2858 862 2939 improbum
885 2878 955 2920 eum
981 2859 1120 2941 operibus

199 2944 262 3002 suis
285 2962 389 3021 parem
422 2949 474 3002 aut
501 2944 689 3021 superiorem
712 2942 833 3004 Christo
866 2942 995 3004 domino
1019 2950 1050 3003 et
1068 2940 1121 3003 sai·

199 3032 306 3086 vatore
328 3044 397 3085 meo
422 3045 500 3088 esse.
544 3025 648 3103 ltaque
679 3043 783 3085 sumus
816 3032 846 3085 et
875 3046 1038 3087 manemus
1060 3044 1122 3105 per·

198 3117 291 3188 petuo
325 3109 453 3168 seiuncti
488 3115 519 3168 et
540 3109 695 3170 contrarii.
750 3109 852 3169 Faoiie
885 3108 1080 3189 intelligunt,
1099 3106 1121 3168 si

199 3191 293 3251 Missa
316 3192 482 3272 tolleretur,
506 3198 606 3252 aetum
629 3210 697 3251 esse
721 3190 758 3251 de
781 3199 905 3273 papatu,
931 3193 1018 3272 quod
1041 3198 1121 3253 ante·

200 3294 290 3354 quam
314 3277 508 3355 permittant,
539 3275 680 3334 omnibus
703 3275 791 3335 nobis
814 3277 905 3335 vitam
933 3276 1080 3357 eripient,
1100 3272 1123 3335 si

201 3365 352 3436 poterunt.
395 3356 522 3419 Praeter
544 3357 622 3419 baso
644 3360 747 3418 omnia
774 3358 873 3419 nanda
895 3358 948 3418 illa
971 3358 1123 3436 draooois,

199 3442 303 3522 Missa,
343 3442 468 3501 multam
493 3441 713 3520 blasphemiam
747 3448 778 3502 et
800 3440 999 3522 multiplioem
1035 3441 1124 3503 idola·

200 3526 287 3585 triam
312 3526 439 3605 peperit.

283 3608 383 3668 Primo
406 3608 625 3687 purgatorium.
680 3606 723 3667 Ibi
744 3607 844 3667 Missis
874 3624 932 3686 pro
964 3605 1123 3683 defunctis,

199 3689 241 3750 ibi
264 3691 391 3770 vigiliis,
423 3692 497 3751 item
520 3690 673 3771 septimis,
708 3690 869 3751 trioesimis
893 3696 926 3750 et
948 3689 1125 3752 solennibus

200 3774 364 3857 exsequiis,
387 3780 544 3855 postremo
567 3773 685 3855 vulgari
708 3772 921 3854 hebdomada,
944 3780 1042 3857 atqua
1062 3792 1124 3837 om·
