2348 4162
214 233 279 303 400
414 234 774 324 conciunculaolqnaadam
794 235 830 291 D.
848 232 885 295 ii.
903 236 932 292 tr.

215 395 346 468 hominis
380 404 491 467 debeat
521 425 590 467 esse
612 373 765 468 absolutio
787 405 883 487 ipsius
905 405 978 466 Dei:
1019 405 1062 467 ita
1093 409 1136 485 ut,

217 491 266 568 qui
290 488 375 550 audit
395 489 787 569 hominemabsolventem,
810 496 911 550 certus
934 507 1004 550 esse
1026 487 1137 550 debeat

214 591 284 633 sese
306 573 344 633 ab
366 574 435 652 ipso
457 574 524 633 Deo
548 574 578 633 in
602 573 696 635 coelis
719 591 788 633 esse
811 572 996 634 absolutum.

297 655 337 715 Fit
368 655 446 717 haec
472 657 622 717 institutio
653 665 700 717 est
730 658 774 715 vis
808 664 839 716 et
865 656 960 717 robur
991 655 1135 734 clavium,

209 752 285 799 'nam
310 736 383 818 quid
416 746 498 800 esset
525 739 686 802 absolvere
715 739 882 799 humanum
919 745 973 799 aut
994 739 1135 819 retinere,

214 823 239 883 si
262 822 321 882 hoc
351 820 437 882 tieret
467 828 582 884 temere
617 830 647 884 et
667 820 794 884 arbitrio
817 822 951 882 humano
985 808 1136 883 sine‘Dei

214 905 359 965 mandato
378 924 431 966 seu
454 907 601 968 instituto.
643 906 732 966 Nunc
759 924 828 965 oum
853 905 935 965 Dens
957 905 1001 965 ita
1023 910 1136 965 statuat

214 995 245 1049 et
267 987 393 1048 mandet
414 988 543 1065 absolvi,
565 1008 619 1048 sen
641 990 795 1049 remittere
818 996 849 1048 et
871 989 968 1067 ligare
989 1007 1046 1048 seu
1067 989 1133 1047 reti·

213 1090 302 1150 nere,
325 1071 408 1131 valet
428 1072 568 1132 remissio
591 1079 622 1132 et
643 1072 790 1152 retentio,
813 1089 874 1131 non
899 1072 1012 1131 virtute
1034 1071 1133 1151 operis

213 1174 267 1215 seu
291 1154 382 1232 faeti,
405 1153 459 1215 sed
482 1155 591 1215 virtute
614 1154 782 1215 ordinantis
817 1160 848 1215 et
881 1153 1046 1215 statuentis
1069 1153 1134 1232 Dei,

83 1248 88 1255 ‘
160 1300 170 1315 ‚
212 1239 278 1297 sive
300 1236 411 1315 dignus
433 1240 473 1297 sit
494 1239 544 1317 qui
567 1240 690 1317 recipit,
712 1239 777 1299 sive
798 1256 871 1300 non.
915 1237 1001 1298 Sicut
1024 1236 1133 1317 baptis·

212 1340 279 1381 mus
302 1320 393 1400 valet,
416 1321 481 1381 sive
502 1322 630 1401 recipiat
654 1321 763 1402 dignus
792 1321 858 1381 sive
880 1320 1042 1400 indignus,
1063 1320 1131 1399 quia

211 1410 260 1464 est
293 1404 445 1465 ordinatio
469 1403 543 1485 Dei,
579 1423 641 1466 non
670 1405 826 1465 arbitrium
855 1422 908 1464 seu
941 1403 1059 1464 factum
1080 1403 1131 1463 iro·

213 1504 311 1547 munis.
860 1502 863 1508 ·

294 1569 481 1646 Secundum,
503 1589 552 1630 res
574 1571 641 1651 ipsa
663 1568 804 1631 ordinata
825 1588 879 1629 seu
900 1570 1053 1649 instituta,
1076 1569 1129 1631 sci·

212 1652 282 1714 iicet
304 1654 443 1714 remissio
466 1660 496 1713 et
507 1655 637 1714 retentio
653 1660 861 1730 peccatorum,
883 1659 914 1713 et
927 1653 990 1713 hoc
1010 1670 1130 1732 qnoque

211 1735 374 1817 diligenter
396 1736 624 1798 observandum
647 1742 709 1815 est,
731 1737 802 1816 quia
824 1736 906 1796 ctare
929 1737 1017 1796 dicit:
1051 1735 1127 1811 Quo·

210 1838 276 1879 rum
299 1827 444 1900 peccata,
478 1821 549 1899 quia
583 1818 779 1900 deposcatis
808 1818 927 1879 scilicet
960 1819 1063 1900 agitur
1085 1817 1128 1878 vei

211 1901 401 1963 remittendis
425 1902 473 1963 vel
495 1901 670 1964 retinendis.
706 1901 775 1963 Non
802 1901 884 1985 dicit,
907 1901 1019 1982 quibus
1041 1902 1127 1962 vuitia

211 1986 296 2065 leges
319 2004 450 2067 ponere,
479 2004 580 2065 neque
607 1986 697 2064 dicit,
732 2003 861 2064 quorum
886 2004 955 2064 res,
989 2003 1128 2068 corpora,

211 2068 305 2129 corda
327 2069 426 2129 velitis
450 2068 545 2151 ligare
563 2069 693 2148 legibus,
724 2067 779 2128 sed
807 2069 852 2127 sio
875 2067 966 2147 dicit,
1002 2086 1126 2148 quorum

211 2159 348 2230 peecata,
371 2160 509 2231 peccata,
531 2159 669 2232 peccata,
689 2158 824 2232 inquam,
835 2151 965 2212 audisne
983 2149 1127 2232 peccatu?

210 2233 289 2310 Quid
313 2242 415 2296 autem
438 2242 484 2296 est
507 2235 688 2314 peccatum?
710 2235 828 2295 scilieet
847 2235 984 2311 sactum,
1007 2235 1126 2312 dictum,

210 2320 377 2400 cogitatum
413 2325 521 2379 contra
543 2318 643 2400 legem
672 2319 748 2398 Dei,
779 2324 811 2378 ut
833 2319 1025 2397 Augustinus
1049 2318 1126 2391 dicit,

210 2421 271 2462 non
295 2409 401 2462 contra
413 2401 560 2483 figmenta
577 2402 783 2463 traditionum.
814 2401 910 2481 Igitur
922 2408 1126 2481 peccatorum,

209 2492 421 2566 peecatorum,
443 2488 583 2564 inquam,
602 2492 708 2546 contra
730 2485 830 2565 legem
853 2485 931 2562 Dei,
969 2503 1033 2546 non
1056 2485 1126 2545 iutu-

208 2588 310 2630 rorum
333 2589 388 2649 per
416 2569 595 2629 traditiones
617 2568 830 2649 fingendorum
864 2567 995 2629 habetur
1017 2569 1067 2629 hio
1087 2585 1126 2627 ra·

208 2654 262 2733 tio,
285 2654 410 2732 scilicet,
436 2651 545 2732 quibus
568 2654 598 2712 in
620 2652 719 2711 Deum
743 2656 902 2732 peccatum
928 2650 1044 2729 fuerit.-

288 2735 448 2796 Horribiiis
487 2737 580 2817 igitur
615 2742 662 2796 est
696 2735 887 2796 abominatio
923 2735 1044 2816 Papae,
1078 2733 1124 2813 qui

207 2819 289 2880 huno
310 2820 412 2879 iocum
446 2827 477 2879 et
498 2820 612 2879 similes
643 2819 744 2898 rapuit
776 2817 816 2878 ad
848 2823 1038 2899 potestatem
1060 2836 1124 2879 non·

207 2901 298 2963 dendi
320 2903 405 2982 leges
426 2904 581 2985 proprias,
615 2920 684 2961 eum
707 2900 845 2962 Christus
868 2900 921 2961 det
942 2907 1123 2981 potestaten

207 2984 348 3045 solvendi
377 2993 554 3068 peccatum,
586 2985 704 3046 scilicet
730 2993 838 3046 contra
866 2984 968 3065 legem
993 2984 1125 3046 peirac

206 3075 277 3129 tum.

288 3151 357 3212 Non
381 3158 483 3234 potest
505 3151 564 3211 dici
597 3169 656 3211 nec
677 3151 807 3232 cogitari
830 3150 1013 3230 magnitudo
1044 3151 1123 3211 istim

80 3260 90 3268 ·
205 3234 356 3300 horribilis
380 3235 632 3316 depravationis,
654 3240 695 3306 nt,
719 3234 800 3314 quod
825 3235 964 3295 Christus
1002 3234 1124 3295 instituit

205 3320 243 3381 ad
267 3319 441 3380 relevamen
459 3319 715 3380 conscientiarum
728 3320 857 3399 piarum,
881 3318 907 3377 si
931 3319 1122 3398 peccaverint

205 3412 274 3481 etc,
316 3405 364 3462 isti
388 3407 507 3463 vertant
536 3402 574 3463 ad
601 3404 834 3482 oppressionem
868 3403 1121 3462 conscientiarum

204 3489 331 3567 piarum.
381 3485 407 3545 Ο
430 3486 513 3547 furor
535 3485 592 3548 Dei
616 3493 646 3544 et
674 3486 790 3547 malitia
818 3483 942 3545 diaboli.
990 3484 1120 3545 christu

203 3569 337 3633 absolvit
367 3570 492 3650 impium
522 3589 541 3630 a
569 3569 725 3650 peccatis,
759 3574 867 3628 contra
895 3567 998 3628 Deum
1030 3566 1122 3641 factis

204 3652 361 3735 perhanc
387 3653 618 3714 institutionem.
672 3650 712 3712 Eit
733 3651 867 3732 Papatus
895 3651 998 3712 obruit
1020 3666 1118 3730 pecca·

203 3737 241 3797 tis
262 3737 330 3816 pios
354 3737 416 3796 suis
438 3738 588 3817 perversis
613 3735 741 3816 iegibus.
792 3731 869 3795 Iden
891 3734 950 3794 ista
974 3734 1048 3816 duo,
1070 3730 1118 3793 sci·
