2348 4162
204 274 268 337 418
400 270 604 328 (loncirnoulaa
614 270 760 341 ·qnacdam
778 270 814 327 D.
831 270 868 327 ll.
884 272 917 329 L.

236 442 444 505 Dominica
467 442 490 504 ll
511 449 601 522 post
621 441 842 507 Trinitatis.
887 443 990 505 Lucae
1011 440 1095 507 XIV.

291 611 392 671 Homo
416 609 540 690 quidam
562 610 634 670 iecit
656 626 785 669 coenam
798 628 942 691 magnam
965 616 998 671 et
1008 611 1124 672 vocavit

206 695 319 755 multos
342 701 374 754 et
395 695 477 754 misit
498 712 619 753 servum
642 712 730 753 suum
752 693 830 754 hora
845 712 973 775 coenae,
996 699 1031 755 ut
1051 694 1124 755 dice·

206 784 252 838 ret
273 778 421 838 invitatis:
466 778 592 854 Venite,
619 778 692 856 quia
707 777 772 836 iam
794 785 902 857 parate
924 785 997 838 sunt
1017 779 1124 840 omnia.

206 861 248 922 Et
279 868 448 942 coeperunt
479 861 571 920 simul
608 877 716 921 omnes
744 878 896 922 excusare
924 880 970 924 sa.
1013 862 1124 922 Primus

206 945 286 1006 dixit
308 947 352 1005 ei:
388 943 502 1003 Villam
531 943 592 1003 emi
615 949 647 1004 et
667 961 797 1005 necesse
825 945 898 1006 milri
926 953 974 1006 est
995 946 1082 1006 exire
1102 951 1126 1005 et

208 1029 312 1089 videre
333 1028 427 1107 illam,
450 1044 528 1107 rogo
552 1035 593 1106 te,
617 1026 697 1086 habe
720 1046 768 1087 me
790 1036 984 1090 excusatum.
1027 1028 1070 1089 lit
1088 1027 1123 1088 al·

208 1118 254 1171 ter
276 1110 368 1170 dixit:
404 1110 588 1190 lugaboum
612 1110 673 1170 emi
694 1111 843 1189 quinque,
875 1120 906 1172 et
940 1130 980 1173 eo
1003 1111 1044 1172 ad
1066 1128 1123 1192 pro

210 1194 342 1254 bandum
365 1193 428 1274 illa,
451 1211 528 1273 rogo
551 1201 592 1273 te,
613 1193 694 1253 habe
707 1211 757 1253 me
767 1204 957 1258 excusatum
1002 1195 1044 1255 m
1057 1195 1124 1255 alsus

209 1278 300 1337 dixit:
324 1276 460 1337 Uxorem
484 1278 557 1336 duxi
580 1282 611 1337 et
633 1276 821 1339 idsovenire
842 1297 905 1339 non
927 1276 1067 1359 possu'm
1093 1276 1124 1337 nt

209 1378 350 1420 reversus
372 1378 478 1420 servus
501 1361 659 1419 nunciavit
674 1359 754 1421 haec
775 1362 902 1424 domino
924 1380 994 1428 suo

291 1444 378 1505 lunc
399 1446 493 1504 iratus
514 1450 602 1539 pater
623 1442 755 1505 familias
768 1445 844 1505 dixit
863 1464 957 1507 servo
980 1443 1123 1508 suo:1txi

211 1527 272 1588 cito
294 1528 324 1587 iu
347 1530 466 1608 plateas
489 1534 520 1587 et
541 1528 627 1586 vicos
649 1528 791 1608 civitatis,
813 1534 845 1589 et
855 1547 1010 1610 pauperes
1032 1547 1070 1591 ac
1085 1528 1123 1589 dc

211 1609 287 1673 biles
322 1620 352 1672 et
381 1628 493 1671 caecus
533 1618 565 1670 et
598 1610 726 1671 claudos
757 1613 898 1673 iutroduc
918 1615 991 1674 huc.
1033 1612 1074 1673 llt
1091 1610 1124 1671 sit

211 1712 332 1754 servus:
355 1693 498 1773 Domine,
521 1692 705 1774 factumest,
730 1702 761 1754 ut
781 1696 955 1777 imperasti,
984 1703 1018 1758 et
1037 1694 1124 1755 adhuc

134 1800 137 1805 ·
210 1777 298 1837 locus
320 1785 377 1838 est.
420 1777 460 1838 Et
481 1778 525 1836 ait
545 1777 694 1837 Dominus
727 1796 834 1839 servo:
872 1779 974 1839 llxi
965 1799 997 1839 m
1020 1781 1084 1840 vias
1100 1784 1123 1837 et

211 1879 301 1941 sepas
325 1870 356 1921 et
378 1858 530 1941 compelle
552 1861 677 1940 intrare,
700 1868 733 1920 ut
753 1862 915 1958 impleatur
936 1861 1050 1924 domus
1059 1877 1123 1937 met,

213 1944 281 2004 dico
305 1949 407 2005 autem
430 1943 530 2022 vobis,
552 1942 635 2023 quod
657 1962 749 2005 nemo
773 1948 907 2007 virorum
928 1946 1068 2026 illorum,
1083 1942 1122 2024 qui

213 2029 316 2088 vocati
337 2033 418 2107 sunt,
439 2027 575 2108 gustabit
597 2045 727 2088 coenam
751 2047 862 2095 meam

295 2109 435 2191 Simplex
457 2117 488 2170 st
509 2129 622 2190 exigua
633 2119 680 2171 est
701 2112 761 2172 ista
771 2110 993 2174 similitudem
1016 2112 1122 2193 seips,

214 2200 245 2255 et
265 2194 336 2255 ideo
359 2193 577 2275 amplificanda
597 2194 760 2258 rhetorice.

295 2278 430 2339 Primum
465 2296 595 2338 coenam
617 2286 710 2339 vocat
731 2280 821 2341 istam
845 2278 1018 2340 doctrinam
1038 2293 1121 2351 suam,

214 2361 557 2441 scilicetEvangelium,
578 2361 651 2421 ideo
674 2361 758 2440 quod
779 2365 817 2422 sit
839 2363 948 2423 ultima
969 2364 1001 2423 in
1023 2357 1121 2422 mundo

213 2446 330 2526 lutura,
352 2462 411 2505 nec
432 2446 493 2504 alia
513 2451 586 2525 post
607 2445 820 2524 exspectanda
840 2464 933 2507 nova.
976 2444 1039 2521 Qui
1057 2445 1122 2505 nare

214 2529 399 2610 neglexerit,
435 2546 498 2588 non
520 2529 634 2608 poterit
655 2529 758 2589 salvus
779 2528 855 2593 fieri.
900 2529 1021 2590 Deinde
1039 2542 1121 2589 coena

136 2640 142 2649 ·
215 2625 262 2673 est
283 2630 406 2690 corum„
428 2613 480 2691 qui
502 2610 610 2672 diurno
632 2611 741 2674 labore
762 2620 794 2673 et
814 2620 901 2674 aestu
923 2614 1015 2693 fessi,
1047 2612 1121 2673 iane

215 2696 275 2774 lici,
297 2694 452 2774 sitibundi,
478 2694 729 2775 cupiuntbonam
752 2700 1121 2769 coenametsaturitaten,

215 2790 248 2839 ut
270 2781 402 2839 suaviter
425 2777 577 2839 dormiant
598 2786 627 2838 et
651 2782 820 2857 quiescant.
864 2780 932 2840 Hoc
954 2786 1003 2841 est
1022 2795 1122 2851 eorum,

214 2864 266 2942 qui
288 2861 344 2922 sub
365 2870 506 2959 peccato,
527 2862 607 2957 lege,
630 2864 736 2923 mortis
758 2868 841 2924 matu
868 2862 1084 2925 laboraverunt
1100 2868 1123 2919 et

214 2944 395 3007 studuerunt
415 2946 559 3006 iustitiam
582 2948 728 3026 invenire,
750 2964 809 3007 nec
831 2954 934 3007 tamen
955 2949 1092 3028 possunt

297 3028 441 3090 Secundo
463 3035 554 3090 vocat
574 3047 643 3089 eam
666 3048 825 3111 magnam,
853 3037 937 3091 certe
958 3048 1033 3091 vere
1054 3044 1123 3123 mag

216 3132 286 3172 nam
308 3132 364 3192 per
391 3131 515 3173 ornnem
552 3113 678 3173 modum
707 3112 935 3194 magnitudinis.
980 3114 1038 3175 asu
1058 3110 1123 3174 auin

216 3196 431 3277 magnitudo
423 3216 455 3256 rn
478 3196 685 3277 longitudine,
707 3196 884 3278 latitudine,
918 3196 1124 3287 profunditate,

215 3281 383 3341 secundum
421 3280 669 3360 mathematicos,
702 3277 1124 3362 [cug,ttett,ttar.1.0ngi-

216 3365 290 3425 tudo
311 3372 373 3444 est,
410 3363 492 3442 quod
525 3366 585 3424 ista
607 3382 706 3424 coena
729 3363 818 3425 durat
847 3383 947 3444 usque
979 3365 1012 3424 in
1046 3363 1124 3425 tinen

217 3448 336 3527 mundi,
366 3448 433 3507 sine
455 3449 698 3526 intermissione,
732 3449 803 3528 quia
831 3467 955 3529 semper
983 3450 1125 3511 monetat

216 3530 345 3593 docetur
365 3530 579 3611 Evangelium.
622 3530 762 3592 Latitudo
784 3534 841 3612 est,
863 3531 948 3611 quod
962 3548 1022 3613 per
1042 3538 1125 3593 totun

216 3614 322 3679 orbem
358 3614 501 3675 dilatatur
527 3614 745 3694 Evangelium:
793 3614 828 3675 ln
868 3633 994 3678 omnam
1028 3622 1125 3677 ternu

216 3702 311 3759 exivit
333 3716 428 3759 sonus
451 3716 573 3776 eorum,
600 3699 685 3778 item,
705 3694 754 3761 Ite
775 3699 807 3758 in
830 3698 937 3761 orbem
960 3710 1021 3764 etc.
1062 3696 1124 3757 Pro·

212 3782 348 3845 funditas
370 3789 418 3844 est
437 3782 505 3864 ipsa
528 3785 572 3842 vis
594 3790 626 3843 et
646 3784 739 3843 robur
759 3784 848 3844 huius
870 3800 993 3845 cocum
1013 3800 1066 3845 scu
1079 3779 1124 3839 vir·
