<?xml version="1.0" encoding="UTF-8"?>
<!DOCTYPE html PUBLIC "-//W3C//DTD XHTML 1.0 Transitional//EN"
    "http://www.w3.org/TR/xhtml1/DTD/xhtml1-transitional.dtd">
<html xmlns="http://www.w3.org/1999/xhtml" xml:lang="en" lang="en">
 <head>
  <title>
</title>
<meta http-equiv="Content-Type" content="text/html;charset=utf-8" />
  <meta name='ocr-system' content='tesseract 3.04.00' />
  <meta name='ocr-capabilities' content='ocr_page ocr_carea ocr_par ocr_line ocrx_word'/>
</head>
<body>
  <div class='ocr_page' id='page_1' title='image "./dmartinilutheri02luthgoog_0528.png"; bbox 0 0 2348 4162; ppageno 0'>
   <div class='ocr_carea' id='block_1_1' title="bbox 346 236 980 322">
    <p class='ocr_par' dir='ltr' id='par_1_1' title="bbox 346 236 980 322">
     <span class='ocr_line' id='line_1_1' title="bbox 346 236 980 322; baseline 0.016 -11"><span class='ocrx_word' id='word_1_1' title='bbox 346 284 350 291; x_wconf 89' lang='lat'><em>-</em></span> <span class='ocrx_word' id='word_1_2' title='bbox 394 283 397 289; x_wconf 86' lang='lat'>·</span> <span class='ocrx_word' id='word_1_3' title='bbox 452 242 614 314; x_wconf 71' lang='lat' dir='ltr'>eroso·</span> <span class='ocrx_word' id='word_1_4' title='bbox 663 287 665 290; x_wconf 29' lang='lat'><em>⁴</em></span> <span class='ocrx_word' id='word_1_5' title='bbox 918 236 980 322; x_wconf 76' lang='lat' dir='ltr'>oto</span> 
     </span>
    </p>
   </div>
   <div class='ocr_carea' id='block_1_2' title="bbox 56 410 1017 3829">
    <p class='ocr_par' dir='ltr' id='par_1_2' title="bbox 56 410 1017 3829">
     <span class='ocr_line' id='line_1_2' title="bbox 56 410 980 504; baseline 0.003 -20"><span class='ocrx_word' id='word_1_6' title='bbox 56 421 228 485; x_wconf 69' lang='lat' dir='ltr'>absterrere</span> <span class='ocrx_word' id='word_1_7' title='bbox 250 429 281 485; x_wconf 90' lang='lat' dir='ltr'>et</span> <span class='ocrx_word' id='word_1_8' title='bbox 300 424 332 484; x_wconf 91' lang='lat' dir='ltr'>in</span> <span class='ocrx_word' id='word_1_9' title='bbox 351 412 538 486; x_wconf 80' lang='lat' dir='ltr'>lideOhristi</span> <span class='ocrx_word' id='word_1_10' title='bbox 557 425 697 504; x_wconf 89' lang='lat' dir='ltr'>retinere,</span> <span class='ocrx_word' id='word_1_11' title='bbox 720 423 775 486; x_wconf 91' lang='lat' dir='ltr'>sed</span> <span class='ocrx_word' id='word_1_12' title='bbox 792 410 869 486; x_wconf 88' lang='lat' dir='ltr'>dum</span> <span class='ocrx_word' id='word_1_13' title='bbox 883 426 980 488; x_wconf 91' lang='lat' dir='ltr'>nimio</span> 
     </span>
     <span class='ocr_line' id='line_1_3' title="bbox 58 506 981 588; baseline 0.005 -22"><span class='ocrx_word' id='word_1_14' title='bbox 58 507 184 567; x_wconf 75' lang='lat' dir='ltr'><strong>student</strong></span> <span class='ocrx_word' id='word_1_15' title='bbox 207 526 347 588; x_wconf 88' lang='lat' dir='ltr'>quaeque</span> <span class='ocrx_word' id='word_1_16' title='bbox 359 509 575 588; x_wconf 82' lang='lat' dir='ltr'>turpissimaet</span> <span class='ocrx_word' id='word_1_17' title='bbox 587 506 806 570; x_wconf 87' lang='lat' dir='ltr'>absurdissima</span> <span class='ocrx_word' id='word_1_18' title='bbox 828 524 871 569; x_wconf 75' lang='lat' dir='ltr'>ex‘</span> <span class='ocrx_word' id='word_1_19' title='bbox 890 510 981 571; x_wconf 86' lang='lat' dir='ltr'>Alco·</span> 
     </span>
     <span class='ocr_line' id='line_1_4' title="bbox 57 591 981 672; baseline 0.003 -23"><span class='ocrx_word' id='word_1_20' title='bbox 57 608 135 650; x_wconf 82' lang='lat' dir='ltr'>rano</span> <span class='ocrx_word' id='word_1_21' title='bbox 157 609 342 672; x_wconf 76' lang='lat' dir='ltr'>excerpere,</span> <span class='ocrx_word' id='word_1_22' title='bbox 370 609 450 670; x_wconf 87' lang='lat' dir='ltr'>quae</span> <span class='ocrx_word' id='word_1_23' title='bbox 470 591 508 651; x_wconf 91' lang='lat' dir='ltr'>ad</span> <span class='ocrx_word' id='word_1_24' title='bbox 532 591 636 652; x_wconf 94' lang='lat' dir='ltr'>odium</span> <span class='ocrx_word' id='word_1_25' title='bbox 657 592 773 652; x_wconf 87' lang='lat' dir='ltr'>iaciunt</span> <span class='ocrx_word' id='word_1_26' title='bbox 794 599 826 653; x_wconf 90' lang='lat' dir='ltr'>et</span> <span class='ocrx_word' id='word_1_27' title='bbox 845 592 884 652; x_wconf 86' lang='lat' dir='ltr'>ad</span> <span class='ocrx_word' id='word_1_28' title='bbox 907 593 981 652; x_wconf 86' lang='lat' dir='ltr'>invi·</span> 
     </span>
     <span class='ocr_line' id='line_1_5' title="bbox 57 672 1017 754; baseline 0.003 -21"><span class='ocrx_word' id='word_1_29' title='bbox 57 672 139 735; x_wconf 92' lang='lat' dir='ltr'>diam</span> <span class='ocrx_word' id='word_1_30' title='bbox 163 692 288 735; x_wconf 85' lang='lat' dir='ltr'>movere</span> <span class='ocrx_word' id='word_1_31' title='bbox 309 675 430 754; x_wconf 81' lang='lat' dir='ltr'><strong>possint</strong></span> <span class='ocrx_word' id='word_1_32' title='bbox 451 674 592 754; x_wconf 85' lang='lat' dir='ltr'>vulgum,</span> <span class='ocrx_word' id='word_1_33' title='bbox 626 680 657 734; x_wconf 93' lang='lat' dir='ltr'>et</span> <span class='ocrx_word' id='word_1_34' title='bbox 686 675 768 735; x_wconf 88' lang='lat' dir='ltr'>bona</span> <span class='ocrx_word' id='word_1_35' title='bbox 790 694 868 754; x_wconf 86' lang='lat' dir='ltr'>quae</span> <span class='ocrx_word' id='word_1_36' title='bbox 890 678 919 735; x_wconf 93' lang='lat' dir='ltr'>in</span> <span class='ocrx_word' id='word_1_37' title='bbox 943 694 981 737; x_wconf 90' lang='lat' dir='ltr'>eo</span> <span class='ocrx_word' id='word_1_38' title='bbox 1013 701 1017 706; x_wconf 92' lang='lat'>·</span> 
     </span>
     <span class='ocr_line' id='line_1_6' title="bbox 56 757 980 840; baseline 0.002 -24"><span class='ocrx_word' id='word_1_39' title='bbox 56 764 128 816; x_wconf 89' lang='lat' dir='ltr'>suut</span> <span class='ocrx_word' id='word_1_40' title='bbox 150 757 200 816; x_wconf 82' lang='lat' dir='ltr'>vel</span> <span class='ocrx_word' id='word_1_41' title='bbox 223 763 381 817; x_wconf 87' lang='lat' dir='ltr'>transeunt</span> <span class='ocrx_word' id='word_1_42' title='bbox 403 776 464 818; x_wconf 94' lang='lat' dir='ltr'>non</span> <span class='ocrx_word' id='word_1_43' title='bbox 486 758 645 818; x_wconf 83' lang='lat' dir='ltr'>confutata</span> <span class='ocrx_word' id='word_1_44' title='bbox 666 758 715 818; x_wconf 90' lang='lat' dir='ltr'>vel</span> <span class='ocrx_word' id='word_1_45' title='bbox 739 758 898 840; x_wconf 86' lang='lat' dir='ltr'>occulunt,</span> <span class='ocrx_word' id='word_1_46' title='bbox 922 758 980 818; x_wconf 83' lang='lat' dir='ltr'>iac-</span> 
     </span>
     <span class='ocr_line' id='line_1_7' title="bbox 57 839 981 922; baseline 0 -21"><span class='ocrx_word' id='word_1_47' title='bbox 57 847 123 901; x_wconf 91' lang='lat' dir='ltr'>tum</span> <span class='ocrx_word' id='word_1_48' title='bbox 146 847 208 918; x_wconf 91' lang='lat' dir='ltr'>est,</span> <span class='ocrx_word' id='word_1_49' title='bbox 241 848 275 899; x_wconf 91' lang='lat' dir='ltr'>ut</span> <span class='ocrx_word' id='word_1_50' title='bbox 297 860 403 920; x_wconf 83' lang='lat' dir='ltr'>parum</span> <span class='ocrx_word' id='word_1_51' title='bbox 438 839 511 902; x_wconf 87' lang='lat' dir='ltr'>fldei</span> <span class='ocrx_word' id='word_1_52' title='bbox 551 849 582 903; x_wconf 88' lang='lat' dir='ltr'>et</span> <span class='ocrx_word' id='word_1_53' title='bbox 604 843 776 902; x_wconf 79' lang='lat' dir='ltr'><strong>autoritatis</strong></span> <span class='ocrx_word' id='word_1_54' title='bbox 798 843 981 922; x_wconf 86' lang='lat' dir='ltr'>invenerint,</span> 
     </span>
     <span class='ocr_line' id='line_1_8' title="bbox 57 923 982 1063; baseline 0.003 -81"><span class='ocrx_word' id='word_1_55' title='bbox 57 924 146 1063; x_wconf 79' lang='lat' dir='ltr'>qnpsi</span> <span class='ocrx_word' id='word_1_56' title='bbox 167 923 218 983; x_wconf 88' lang='lat' dir='ltr'>vel</span> <span class='ocrx_word' id='word_1_57' title='bbox 242 924 314 984; x_wconf 93' lang='lat' dir='ltr'>odio</span> <span class='ocrx_word' id='word_1_58' title='bbox 328 923 451 984; x_wconf 90' lang='lat' dir='ltr'>illorum</span> <span class='ocrx_word' id='word_1_59' title='bbox 469 925 714 1005; x_wconf 84' lang='lat' dir='ltr'>vel-impotentia</span> <span class='ocrx_word' id='word_1_60' title='bbox 736 924 914 985; x_wconf 81' lang='lat' dir='ltr'>confutandi</span> <span class='ocrx_word' id='word_1_61' title='bbox 926 943 982 985; x_wconf 89' lang='lat' dir='ltr'>sua</span> 
     </span>
     <span class='ocr_line' id='line_1_9' title="bbox 58 1006 223 1067; baseline 0.006 -1"><span class='ocrx_word' id='word_1_62' title='bbox 58 1024 98 1066; x_wconf 87' lang='lat' dir='ltr'>vu</span> <span class='ocrx_word' id='word_1_63' title='bbox 134 1006 223 1067; x_wconf 82' lang='lat' dir='ltr'>erint.</span> 
     </span>
     <span class='ocr_line' id='line_1_10' title="bbox 112 1025 981 1172; baseline 0.001 -24"><span class='ocrx_word' id='word_1_64' title='bbox 112 1025 200 1148; x_wconf 75' lang='lat' dir='ltr'>gHic</span> <span class='ocrx_word' id='word_1_65' title='bbox 222 1094 322 1148; x_wconf 88' lang='lat' dir='ltr'>autem</span> <span class='ocrx_word' id='word_1_66' title='bbox 346 1089 400 1167; x_wconf 88' lang='lat' dir='ltr'>vir,</span> <span class='ocrx_word' id='word_1_67' title='bbox 423 1090 558 1169; x_wconf 89' lang='lat' dir='ltr'>quisquis</span> <span class='ocrx_word' id='word_1_68' title='bbox 571 1089 660 1149; x_wconf 86' lang='lat' dir='ltr'>fuerit</span> <span class='ocrx_word' id='word_1_69' title='bbox 681 1089 770 1149; x_wconf 89' lang='lat' dir='ltr'>huius</span> <span class='ocrx_word' id='word_1_70' title='bbox 793 1090 864 1152; x_wconf 89' lang='lat' dir='ltr'>libri</span> <span class='ocrx_word' id='word_1_71' title='bbox 883 1098 981 1172; x_wconf 83' lang='lat' dir='ltr'>autor,</span> 
     </span>
     <span class='ocr_line' id='line_1_11' title="bbox 57 1171 982 1253; baseline 0.003 -22"><span class='ocrx_word' id='word_1_72' title='bbox 57 1171 179 1232; x_wconf 89' lang='lat' dir='ltr'>videtur</span> <span class='ocrx_word' id='word_1_73' title='bbox 200 1190 320 1232; x_wconf 91' lang='lat' dir='ltr'>summa</span> <span class='ocrx_word' id='word_1_74' title='bbox 340 1171 401 1232; x_wconf 86' lang='lat' dir='ltr'>lide</span> <span class='ocrx_word' id='word_1_75' title='bbox 423 1188 551 1232; x_wconf 85' lang='lat' dir='ltr'>¹causum</span> <span class='ocrx_word' id='word_1_76' title='bbox 575 1190 678 1251; x_wconf 84' lang='lat' dir='ltr'>agere,</span> <span class='ocrx_word' id='word_1_77' title='bbox 702 1192 761 1252; x_wconf 86' lang='lat' dir='ltr'>qua</span> <span class='ocrx_word' id='word_1_78' title='bbox 775 1172 836 1233; x_wconf 89' lang='lat' dir='ltr'>lide</span> <span class='ocrx_word' id='word_1_79' title='bbox 857 1173 982 1253; x_wconf 84' lang='lat' dir='ltr'>etspud</span> 
     </span>
     <span class='ocr_line' id='line_1_12' title="bbox 59 1256 982 1333; baseline 0.001 -18"><span class='ocrx_word' id='word_1_80' title='bbox 59 1274 108 1315; x_wconf 89' lang='lat' dir='ltr'>me</span> <span class='ocrx_word' id='word_1_81' title='bbox 127 1272 274 1333; x_wconf 76' lang='lat' dir='ltr'>magnam</span> <span class='ocrx_word' id='word_1_82' title='bbox 305 1257 498 1316; x_wconf 77' lang='lat' dir='ltr'>autoritatem</span> <span class='ocrx_word' id='word_1_83' title='bbox 522 1263 706 1315; x_wconf 89' lang='lat' dir='ltr'>consecutus</span> <span class='ocrx_word' id='word_1_84' title='bbox 730 1265 786 1333; x_wconf 88' lang='lat' dir='ltr'>est,</span> <span class='ocrx_word' id='word_1_85' title='bbox 816 1263 854 1317; x_wconf 88' lang='lat' dir='ltr'>ut</span> <span class='ocrx_word' id='word_1_86' title='bbox 875 1257 902 1316; x_wconf 91' lang='lat' dir='ltr'>ei</span> <span class='ocrx_word' id='word_1_87' title='bbox 922 1256 982 1317; x_wconf 85' lang='lat' dir='ltr'>for·</span> 
     </span>
     <span class='ocr_line' id='line_1_13' title="bbox 59 1338 983 1418; baseline 0.002 -20"><span class='ocrx_word' id='word_1_88' title='bbox 59 1339 129 1398; x_wconf 88' lang='lat' dir='ltr'>titer</span> <span class='ocrx_word' id='word_1_89' title='bbox 151 1338 274 1398; x_wconf 89' lang='lat' dir='ltr'>credam</span> <span class='ocrx_word' id='word_1_90' title='bbox 307 1346 451 1418; x_wconf 81' lang='lat' dir='ltr'>tanquam</span> <span class='ocrx_word' id='word_1_91' title='bbox 487 1338 645 1398; x_wconf 79' lang='lat' dir='ltr'>sinceriter</span> <span class='ocrx_word' id='word_1_92' title='bbox 672 1358 744 1399; x_wconf 84' lang='lat' dir='ltr'>vera</span> <span class='ocrx_word' id='word_1_93' title='bbox 767 1340 920 1418; x_wconf 88' lang='lat' dir='ltr'>narranti,</span> <span class='ocrx_word' id='word_1_94' title='bbox 951 1346 983 1400; x_wconf 89' lang='lat' dir='ltr'>et</span> 
     </span>
     <span class='ocr_line' id='line_1_14' title="bbox 58 1421 984 1503; baseline 0.002 -22"><span class='ocrx_word' id='word_1_95' title='bbox 58 1439 244 1503; x_wconf 78' lang='lat' dir='ltr'>quamquam</span> <span class='ocrx_word' id='word_1_96' title='bbox 279 1421 401 1481; x_wconf 87' lang='lat' dir='ltr'>modica</span> <span class='ocrx_word' id='word_1_97' title='bbox 434 1429 464 1481; x_wconf 92' lang='lat' dir='ltr'>et</span> <span class='ocrx_word' id='word_1_98' title='bbox 496 1440 592 1500; x_wconf 86' lang='lat' dir='ltr'>parva</span> <span class='ocrx_word' id='word_1_99' title='bbox 625 1429 696 1481; x_wconf 90' lang='lat' dir='ltr'>sunt</span> <span class='ocrx_word' id='word_1_100' title='bbox 727 1440 805 1500; x_wconf 87' lang='lat' dir='ltr'>quae</span> <span class='ocrx_word' id='word_1_101' title='bbox 829 1428 931 1483; x_wconf 88' lang='lat' dir='ltr'>narrat</span> <span class='ocrx_word' id='word_1_102' title='bbox 952 1428 984 1483; x_wconf 88' lang='lat' dir='ltr'>et</span> 
     </span>
     <span class='ocr_line' id='line_1_15' title="bbox 59 1503 983 1586; baseline 0.002 -22"><span class='ocrx_word' id='word_1_103' title='bbox 59 1505 149 1586; x_wconf 87' lang='lat' dir='ltr'>plura</span> <span class='ocrx_word' id='word_1_104' title='bbox 170 1511 202 1565; x_wconf 91' lang='lat' dir='ltr'>et</span> <span class='ocrx_word' id='word_1_105' title='bbox 236 1506 352 1583; x_wconf 86' lang='lat' dir='ltr'>majora</span> <span class='ocrx_word' id='word_1_106' title='bbox 375 1503 563 1581; x_wconf 79' lang='lat' dir='ltr'>desiderem,</span> <span class='ocrx_word' id='word_1_107' title='bbox 587 1510 689 1564; x_wconf 87' lang='lat' dir='ltr'>tamen</span> <span class='ocrx_word' id='word_1_108' title='bbox 712 1522 749 1564; x_wconf 87' lang='lat' dir='ltr'>ea</span> <span class='ocrx_word' id='word_1_109' title='bbox 770 1507 838 1585; x_wconf 86' lang='lat' dir='ltr'>ipsa</span> <span class='ocrx_word' id='word_1_110' title='bbox 860 1505 983 1566; x_wconf 85' lang='lat' dir='ltr'>modius</span> 
     </span>
     <span class='ocr_line' id='line_1_16' title="bbox 57 1585 985 1669; baseline 0 -21"><span class='ocrx_word' id='word_1_111' title='bbox 57 1595 92 1667; x_wconf 81' lang='lat' dir='ltr'>et</span> <span class='ocrx_word' id='word_1_112' title='bbox 112 1607 208 1669; x_wconf 85' lang='lat' dir='ltr'>parva</span> <span class='ocrx_word' id='word_1_113' title='bbox 230 1585 360 1646; x_wconf 82' lang='lat' dir='ltr'>fideliter</span> <span class='ocrx_word' id='word_1_114' title='bbox 382 1586 525 1650; x_wconf 83' lang='lat' dir='ltr'>ostendit.</span> <span class='ocrx_word' id='word_1_115' title='bbox 569 1586 619 1648; x_wconf 80' lang='lat' dir='ltr'>sie</span> <span class='ocrx_word' id='word_1_116' title='bbox 643 1588 722 1646; x_wconf 91' lang='lat' dir='ltr'>enim</span> <span class='ocrx_word' id='word_1_117' title='bbox 745 1606 783 1647; x_wconf 91' lang='lat' dir='ltr'>ea</span> <span class='ocrx_word' id='word_1_118' title='bbox 804 1594 922 1664; x_wconf 80' lang='lat' dir='ltr'>namot,</span> <span class='ocrx_word' id='word_1_119' title='bbox 952 1594 985 1648; x_wconf 92' lang='lat' dir='ltr'>ut</span> 
     </span>
     <span class='ocr_line' id='line_1_17' title="bbox 58 1669 984 1751; baseline 0 -19"><span class='ocrx_word' id='word_1_120' title='bbox 58 1688 122 1732; x_wconf 90' lang='lat' dir='ltr'>uon</span> <span class='ocrx_word' id='word_1_121' title='bbox 145 1670 245 1730; x_wconf 89' lang='lat' dir='ltr'>solum</span> <span class='ocrx_word' id='word_1_122' title='bbox 282 1670 490 1730; x_wconf 83' lang='lat' dir='ltr'>molosorum</span> <span class='ocrx_word' id='word_1_123' title='bbox 513 1671 636 1741; x_wconf 78' lang='lat' dir='ltr'>recitet,</span> <span class='ocrx_word' id='word_1_124' title='bbox 669 1669 724 1729; x_wconf 89' lang='lat' dir='ltr'>sed</span> <span class='ocrx_word' id='word_1_125' title='bbox 754 1671 845 1730; x_wconf 89' lang='lat' dir='ltr'>etiam</span> <span class='ocrx_word' id='word_1_126' title='bbox 868 1672 984 1751; x_wconf 90' lang='lat' dir='ltr'>optima</span> 
     </span>
     <span class='ocr_line' id='line_1_18' title="bbox 59 1752 985 1833; baseline -0.001 -19"><span class='ocrx_word' id='word_1_127' title='bbox 59 1772 166 1814; x_wconf 89' lang='lat' dir='ltr'>eornm</span> <span class='ocrx_word' id='word_1_128' title='bbox 189 1754 276 1813; x_wconf 86' lang='lat' dir='ltr'>iuxta</span> <span class='ocrx_word' id='word_1_129' title='bbox 299 1760 456 1833; x_wconf 89' lang='lat' dir='ltr'>opponat,</span> <span class='ocrx_word' id='word_1_130' title='bbox 490 1772 587 1832; x_wconf 89' lang='lat' dir='ltr'>eaque</span> <span class='ocrx_word' id='word_1_131' title='bbox 609 1754 654 1812; x_wconf 90' lang='lat' dir='ltr'>sic</span> <span class='ocrx_word' id='word_1_132' title='bbox 676 1752 847 1832; x_wconf 84' lang='lat' dir='ltr'>praedicet,</span> <span class='ocrx_word' id='word_1_133' title='bbox 878 1762 910 1813; x_wconf 92' lang='lat' dir='ltr'>ut</span> <span class='ocrx_word' id='word_1_134' title='bbox 931 1772 985 1814; x_wconf 50' lang='lat' dir='ltr'>nov</span> 
     </span>
     <span class='ocr_line' id='line_1_19' title="bbox 59 1836 983 1916; baseline 0.001 -20"><span class='ocrx_word' id='word_1_135' title='bbox 59 1843 141 1897; x_wconf 86' lang='lat' dir='ltr'>stros</span> <span class='ocrx_word' id='word_1_136' title='bbox 162 1836 303 1897; x_wconf 87' lang='lat' dir='ltr'>homines</span> <span class='ocrx_word' id='word_1_137' title='bbox 324 1836 445 1896; x_wconf 90' lang='lat' dir='ltr'>illorum</span> <span class='ocrx_word' id='word_1_138' title='bbox 470 1836 637 1897; x_wconf 89' lang='lat' dir='ltr'>collatione</span> <span class='ocrx_word' id='word_1_139' title='bbox 650 1844 759 1916; x_wconf 82' lang='lat' dir='ltr'>arguat</span> <span class='ocrx_word' id='word_1_140' title='bbox 780 1844 810 1896; x_wconf 89' lang='lat' dir='ltr'>et</span> <span class='ocrx_word' id='word_1_141' title='bbox 821 1836 983 1916; x_wconf 85' lang='lat' dir='ltr'>vituperet,</span> 
     </span>
     <span class='ocr_line' id='line_1_20' title="bbox 60 1917 984 1999; baseline 0 -20"><span class='ocrx_word' id='word_1_142' title='bbox 60 1937 119 1979; x_wconf 92' lang='lat' dir='ltr'>neo</span> <span class='ocrx_word' id='word_1_143' title='bbox 141 1924 242 1979; x_wconf 84' lang='lat' dir='ltr'>tamen</span> <span class='ocrx_word' id='word_1_144' title='bbox 274 1938 311 1979; x_wconf 91' lang='lat' dir='ltr'>ea</span> <span class='ocrx_word' id='word_1_145' title='bbox 349 1917 459 1999; x_wconf 86' lang='lat' dir='ltr'>probat</span> <span class='ocrx_word' id='word_1_146' title='bbox 481 1926 625 1998; x_wconf 75' lang='lat' dir='ltr'>tanquam</span> <span class='ocrx_word' id='word_1_147' title='bbox 649 1921 699 1998; x_wconf 90' lang='lat' dir='ltr'>pie</span> <span class='ocrx_word' id='word_1_148' title='bbox 720 1919 816 1998; x_wconf 83' lang='lat' dir='ltr'>iacta,</span> <span class='ocrx_word' id='word_1_149' title='bbox 833 1919 897 1978; x_wconf 82' lang='lat' dir='ltr'>¹sed</span> <span class='ocrx_word' id='word_1_150' title='bbox 921 1921 984 1979; x_wconf 89' lang='lat' dir='ltr'>ani·</span> 
     </span>
     <span class='ocr_line' id='line_1_21' title="bbox 60 2001 984 2082; baseline 0 -19"><span class='ocrx_word' id='word_1_151' title='bbox 60 2020 149 2063; x_wconf 92' lang='lat' dir='ltr'>mose</span> <span class='ocrx_word' id='word_1_152' title='bbox 172 2010 202 2062; x_wconf 89' lang='lat' dir='ltr'>et</span> <span class='ocrx_word' id='word_1_153' title='bbox 224 2002 351 2078; x_wconf 86' lang='lat' dir='ltr'>fortiter,</span> <span class='ocrx_word' id='word_1_154' title='bbox 374 2009 519 2082; x_wconf 90' lang='lat' dir='ltr'>quantum</span> <span class='ocrx_word' id='word_1_155' title='bbox 544 2021 600 2082; x_wconf 88' lang='lat' dir='ltr'>pro</span> <span class='ocrx_word' id='word_1_156' title='bbox 623 2002 676 2062; x_wconf 93' lang='lat' dir='ltr'>illo</span> <span class='ocrx_word' id='word_1_157' title='bbox 690 2010 828 2081; x_wconf 89' lang='lat' dir='ltr'>tempore</span> <span class='ocrx_word' id='word_1_158' title='bbox 850 2001 915 2062; x_wconf 86' lang='lat' dir='ltr'>fleri</span> <span class='ocrx_word' id='word_1_159' title='bbox 929 2020 984 2082; x_wconf 87' lang='lat' dir='ltr'>po·</span> 
     </span>
     <span class='ocr_line' id='line_1_22' title="bbox 60 2083 985 2164; baseline -0.001 -18"><span class='ocrx_word' id='word_1_160' title='bbox 60 2087 126 2163; x_wconf 90' lang='lat' dir='ltr'>tuit,</span> <span class='ocrx_word' id='word_1_161' title='bbox 149 2084 296 2146; x_wconf 83' lang='lat' dir='ltr'>con-futat.</span> <span class='ocrx_word' id='word_1_162' title='bbox 339 2083 425 2146; x_wconf 84' lang='lat' dir='ltr'>Haec</span> <span class='ocrx_word' id='word_1_163' title='bbox 456 2093 526 2145; x_wconf 93' lang='lat' dir='ltr'>suut</span> <span class='ocrx_word' id='word_1_164' title='bbox 549 2105 623 2145; x_wconf 85' lang='lat' dir='ltr'>sane</span> <span class='ocrx_word' id='word_1_165' title='bbox 646 2092 730 2145; x_wconf 84' lang='lat' dir='ltr'>certa</span> <span class='ocrx_word' id='word_1_166' title='bbox 753 2087 840 2164; x_wconf 84' lang='lat' dir='ltr'>signa</span> <span class='ocrx_word' id='word_1_167' title='bbox 863 2084 985 2145; x_wconf 85' lang='lat' dir='ltr'>candidi</span> 
     </span>
     <span class='ocr_line' id='line_1_23' title="bbox 60 2167 985 2249; baseline -0.001 -20"><span class='ocrx_word' id='word_1_168' title='bbox 60 2174 92 2229; x_wconf 91' lang='lat' dir='ltr'>et</span> <span class='ocrx_word' id='word_1_169' title='bbox 115 2169 224 2228; x_wconf 77' lang='lat' dir='ltr'>sinceri</span> <span class='ocrx_word' id='word_1_170' title='bbox 247 2169 380 2248; x_wconf 86' lang='lat' dir='ltr'>pectoris</span> <span class='ocrx_word' id='word_1_171' title='bbox 396 2168 475 2228; x_wconf 87' lang='lat' dir='ltr'>nihil</span> <span class='ocrx_word' id='word_1_172' title='bbox 498 2167 658 2229; x_wconf 86' lang='lat' dir='ltr'>scribentis</span> <span class='ocrx_word' id='word_1_173' title='bbox 681 2168 832 2249; x_wconf 86' lang='lat' dir='ltr'>exodio,</span> <span class='ocrx_word' id='word_1_174' title='bbox 867 2168 922 2229; x_wconf 91' lang='lat' dir='ltr'>sed</span> <span class='ocrx_word' id='word_1_175' title='bbox 945 2187 985 2228; x_wconf 87' lang='lat' dir='ltr'>ex</span> 
     </span>
     <span class='ocr_line' id='line_1_24' title="bbox 60 2251 986 2337; baseline -0.004 -23"><span class='ocrx_word' id='word_1_176' title='bbox 60 2270 168 2314; x_wconf 89' lang='lat' dir='ltr'>amore</span> <span class='ocrx_word' id='word_1_177' title='bbox 189 2252 327 2312; x_wconf 81' lang='lat' dir='ltr'>veritatis</span> <span class='ocrx_word' id='word_1_178' title='bbox 349 2253 452 2313; x_wconf 90' lang='lat' dir='ltr'>omnia</span> <span class='ocrx_word' id='word_1_179' title='bbox 475 2253 635 2312; x_wconf 77' lang='lat' dir='ltr'>narrantis.</span> <span class='ocrx_word' id='word_1_180' title='bbox 663 2251 744 2337; x_wconf 73' lang='lat' dir='ltr'>&#39;Qui</span> <span class='ocrx_word' id='word_1_181' title='bbox 762 2253 841 2310; x_wconf 91' lang='lat' dir='ltr'>enim</span> <span class='ocrx_word' id='word_1_182' title='bbox 866 2252 986 2312; x_wconf 86' lang='lat' dir='ltr'>hostem</span> 
     </span>
     <span class='ocr_line' id='line_1_25' title="bbox 61 2333 985 2414; baseline -0.002 -19"><span class='ocrx_word' id='word_1_183' title='bbox 61 2335 216 2414; x_wconf 82' lang='lat' dir='ltr'>vituperet</span> <span class='ocrx_word' id='word_1_184' title='bbox 247 2342 364 2394; x_wconf 86' lang='lat' dir='ltr'>tantum</span> <span class='ocrx_word' id='word_1_185' title='bbox 396 2343 425 2394; x_wconf 90' lang='lat' dir='ltr'>et</span> <span class='ocrx_word' id='word_1_186' title='bbox 458 2335 557 2394; x_wconf 89' lang='lat' dir='ltr'>solum</span> <span class='ocrx_word' id='word_1_187' title='bbox 581 2335 681 2414; x_wconf 89' lang='lat' dir='ltr'>turpia</span> <span class='ocrx_word' id='word_1_188' title='bbox 713 2340 744 2394; x_wconf 89' lang='lat' dir='ltr'>et</span> <span class='ocrx_word' id='word_1_189' title='bbox 765 2333 898 2393; x_wconf 87' lang='lat' dir='ltr'>absurda</span> <span class='ocrx_word' id='word_1_190' title='bbox 921 2335 985 2394; x_wconf 90' lang='lat' dir='ltr'>eius</span> 
     </span>
     <span class='ocr_line' id='line_1_26' title="bbox 61 2416 986 2495; baseline -0.003 -16"><span class='ocrx_word' id='word_1_191' title='bbox 61 2419 248 2495; x_wconf 78' lang='lat' dir='ltr'>criminetur,</span> <span class='ocrx_word' id='word_1_192' title='bbox 270 2417 399 2477; x_wconf 87' lang='lat' dir='ltr'>honesta</span> <span class='ocrx_word' id='word_1_193' title='bbox 422 2436 495 2477; x_wconf 88' lang='lat' dir='ltr'>vero</span> <span class='ocrx_word' id='word_1_194' title='bbox 519 2424 550 2477; x_wconf 93' lang='lat' dir='ltr'>et</span> <span class='ocrx_word' id='word_1_195' title='bbox 571 2416 736 2477; x_wconf 88' lang='lat' dir='ltr'>laudabilia</span> <span class='ocrx_word' id='word_1_196' title='bbox 754 2418 819 2477; x_wconf 91' lang='lat' dir='ltr'>eius</span> <span class='ocrx_word' id='word_1_197' title='bbox 842 2422 937 2495; x_wconf 90' lang='lat' dir='ltr'>tacet,</span> <span class='ocrx_word' id='word_1_198' title='bbox 960 2419 986 2476; x_wconf 85' lang='lat' dir='ltr'>is</span> 
     </span>
     <span class='ocr_line' id='line_1_27' title="bbox 62 2498 987 2580; baseline -0.002 -20"><span class='ocrx_word' id='word_1_199' title='bbox 62 2500 163 2580; x_wconf 85' lang='lat' dir='ltr'>magis</span> <span class='ocrx_word' id='word_1_200' title='bbox 185 2506 277 2560; x_wconf 89' lang='lat' dir='ltr'>uocet</span> <span class='ocrx_word' id='word_1_201' title='bbox 304 2518 417 2559; x_wconf 88' lang='lat' dir='ltr'>caueae</span> <span class='ocrx_word' id='word_1_202' title='bbox 440 2518 531 2578; x_wconf 85' lang='lat' dir='ltr'>quam</span> <span class='ocrx_word' id='word_1_203' title='bbox 560 2501 667 2579; x_wconf 87' lang='lat' dir='ltr'>prosit.</span> <span class='ocrx_word' id='word_1_204' title='bbox 711 2498 790 2575; x_wconf 83' lang='lat' dir='ltr'>Quid</span> <span class='ocrx_word' id='word_1_205' title='bbox 813 2502 893 2560; x_wconf 91' lang='lat' dir='ltr'>enim</span> <span class='ocrx_word' id='word_1_206' title='bbox 916 2499 987 2559; x_wconf 89' lang='lat' dir='ltr'>iaci·</span> 
     </span>
     <span class='ocr_line' id='line_1_28' title="bbox 62 2581 988 2664; baseline -0.002 -20"><span class='ocrx_word' id='word_1_207' title='bbox 62 2583 130 2662; x_wconf 92' lang='lat' dir='ltr'>lius,</span> <span class='ocrx_word' id='word_1_208' title='bbox 152 2601 244 2664; x_wconf 88' lang='lat' dir='ltr'>quam</span> <span class='ocrx_word' id='word_1_209' title='bbox 266 2584 368 2664; x_wconf 86' lang='lat' dir='ltr'>palam</span> <span class='ocrx_word' id='word_1_210' title='bbox 395 2585 493 2661; x_wconf 90' lang='lat' dir='ltr'>turpia</span> <span class='ocrx_word' id='word_1_211' title='bbox 517 2589 548 2659; x_wconf 88' lang='lat' dir='ltr'>et</span> <span class='ocrx_word' id='word_1_212' title='bbox 568 2582 732 2641; x_wconf 88' lang='lat' dir='ltr'>inhonesta</span> <span class='ocrx_word' id='word_1_213' title='bbox 756 2581 849 2664; x_wconf 89' lang='lat' dir='ltr'>(quae</span> <span class='ocrx_word' id='word_1_214' title='bbox 872 2600 905 2642; x_wconf 91' lang='lat' dir='ltr'>se</span> <span class='ocrx_word' id='word_1_215' title='bbox 919 2583 988 2662; x_wconf 83' lang='lat' dir='ltr'>ipso</span> 
     </span>
     <span class='ocr_line' id='line_1_29' title="bbox 63 2665 988 2746; baseline -0.002 -18"><span class='ocrx_word' id='word_1_216' title='bbox 63 2666 241 2740; x_wconf 77' lang='lat' dir='ltr'>confutant)</span> <span class='ocrx_word' id='word_1_217' title='bbox 266 2666 444 2726; x_wconf 83' lang='lat' dir='ltr'>criminari?</span> <span class='ocrx_word' id='word_1_218' title='bbox 473 2673 505 2726; x_wconf 88' lang='lat' dir='ltr'>st</span> <span class='ocrx_word' id='word_1_219' title='bbox 538 2665 620 2726; x_wconf 88' lang='lat' dir='ltr'>bona</span> <span class='ocrx_word' id='word_1_220' title='bbox 641 2665 849 2743; x_wconf 83' lang='lat' dir='ltr'>honestaque,</span> <span class='ocrx_word' id='word_1_221' title='bbox 884 2665 988 2746; x_wconf 87' lang='lat' dir='ltr'>speeie</span> 
     </span>
     <span class='ocr_line' id='line_1_30' title="bbox 63 2746 988 2828; baseline -0.002 -18"><span class='ocrx_word' id='word_1_222' title='bbox 63 2750 216 2828; x_wconf 86' lang='lat' dir='ltr'>detractu,</span> <span class='ocrx_word' id='word_1_223' title='bbox 248 2749 423 2826; x_wconf 86' lang='lat' dir='ltr'>confutare,</span> <span class='ocrx_word' id='word_1_224' title='bbox 448 2749 508 2810; x_wconf 86' lang='lat' dir='ltr'>hoo</span> <span class='ocrx_word' id='word_1_225' title='bbox 530 2755 576 2809; x_wconf 91' lang='lat' dir='ltr'>est</span> <span class='ocrx_word' id='word_1_226' title='bbox 597 2766 709 2808; x_wconf 90' lang='lat' dir='ltr'>causae</span> <span class='ocrx_word' id='word_1_227' title='bbox 732 2746 896 2828; x_wconf 74' lang='lat' dir='ltr'>prodesset,</span> <span class='ocrx_word' id='word_1_228' title='bbox 927 2747 988 2809; x_wconf 91' lang='lat' dir='ltr'>hoc</span> 
     </span>
     <span class='ocr_line' id='line_1_31' title="bbox 64 2830 989 2911; baseline -0.001 -18"><span class='ocrx_word' id='word_1_229' title='bbox 64 2840 112 2894; x_wconf 92' lang='lat' dir='ltr'>est</span> <span class='ocrx_word' id='word_1_230' title='bbox 132 2831 280 2893; x_wconf 85' lang='lat' dir='ltr'>scandala</span> <span class='ocrx_word' id='word_1_231' title='bbox 303 2832 419 2911; x_wconf 87' lang='lat' dir='ltr'>tollere,</span> <span class='ocrx_word' id='word_1_232' title='bbox 442 2840 471 2892; x_wconf 86' lang='lat' dir='ltr'>et</span> <span class='ocrx_word' id='word_1_233' title='bbox 493 2833 636 2911; x_wconf 83' lang='lat' dir='ltr'>angelum</span> <span class='ocrx_word' id='word_1_234' title='bbox 659 2831 734 2891; x_wconf 88' lang='lat' dir='ltr'>lucis</span> <span class='ocrx_word' id='word_1_235' title='bbox 751 2830 989 2892; x_wconf 79' lang='lat' dir='ltr'>mentitelorma</span> 
     </span>
     <span class='ocr_line' id='line_1_32' title="bbox 63 2913 987 2997; baseline -0.003 -21"><span class='ocrx_word' id='word_1_236' title='bbox 63 2915 198 2997; x_wconf 89' lang='lat' dir='ltr'>spoliare</span> <span class='ocrx_word' id='word_1_237' title='bbox 222 2922 253 2976; x_wconf 86' lang='lat' dir='ltr'>et</span> <span class='ocrx_word' id='word_1_238' title='bbox 284 2935 340 2974; x_wconf 91' lang='lat' dir='ltr'>sua</span> <span class='ocrx_word' id='word_1_239' title='bbox 362 2916 485 2996; x_wconf 87' lang='lat' dir='ltr'>propria</span> <span class='ocrx_word' id='word_1_240' title='bbox 518 2914 707 2995; x_wconf 89' lang='lat' dir='ltr'>turpitudine</span> <span class='ocrx_word' id='word_1_241' title='bbox 729 2923 759 2974; x_wconf 89' lang='lat' dir='ltr'>et</span> <span class='ocrx_word' id='word_1_242' title='bbox 780 2915 889 2993; x_wconf 90' lang='lat' dir='ltr'>rapina</span> <span class='ocrx_word' id='word_1_243' title='bbox 911 2913 987 2975; x_wconf 88' lang='lat' dir='ltr'>lueis</span> 
     </span>
     <span class='ocr_line' id='line_1_33' title="bbox 64 2997 367 3063; baseline 0 -3"><span class='ocrx_word' id='word_1_244' title='bbox 64 2999 207 3061; x_wconf 85' lang='lat' dir='ltr'>odiosum</span> <span class='ocrx_word' id='word_1_245' title='bbox 229 2997 367 3063; x_wconf 82' lang='lat' dir='ltr'>reddere.</span> 
     </span>
     <span class='ocr_line' id='line_1_34' title="bbox 148 3076 989 3164; baseline -0.002 -21"><span class='ocrx_word' id='word_1_246' title='bbox 148 3078 258 3164; x_wconf 87' lang='lat' dir='ltr'>ltaque</span> <span class='ocrx_word' id='word_1_247' title='bbox 290 3098 330 3141; x_wconf 89' lang='lat' dir='ltr'>ex</span> <span class='ocrx_word' id='word_1_248' title='bbox 362 3080 424 3142; x_wconf 89' lang='lat' dir='ltr'>hoc</span> <span class='ocrx_word' id='word_1_249' title='bbox 445 3080 522 3142; x_wconf 91' lang='lat' dir='ltr'>libro</span> <span class='ocrx_word' id='word_1_250' title='bbox 547 3080 699 3158; x_wconf 88' lang='lat' dir='ltr'>videmus,</span> <span class='ocrx_word' id='word_1_251' title='bbox 733 3076 905 3140; x_wconf 76' lang='lat' dir='ltr'>&#39;lurcorum</span> <span class='ocrx_word' id='word_1_252' title='bbox 934 3097 989 3141; x_wconf 89' lang='lat' dir='ltr'>seu</span> 
     </span>
     <span class='ocr_line' id='line_1_35' title="bbox 64 3161 992 3244; baseline -0.003 -18"><span class='ocrx_word' id='word_1_253' title='bbox 64 3164 231 3227; x_wconf 83' lang='lat' dir='ltr'>Mahometi</span> <span class='ocrx_word' id='word_1_254' title='bbox 256 3164 436 3244; x_wconf 82' lang='lat' dir='ltr'>religionem</span> <span class='ocrx_word' id='word_1_255' title='bbox 459 3165 653 3242; x_wconf 78' lang='lat' dir='ltr'>ceremoniis,</span> <span class='ocrx_word' id='word_1_256' title='bbox 676 3181 776 3243; x_wconf 87' lang='lat' dir='ltr'>paene</span> <span class='ocrx_word' id='word_1_257' title='bbox 798 3161 938 3242; x_wconf 89' lang='lat' dir='ltr'>dixerim,</span> <span class='ocrx_word' id='word_1_258' title='bbox 960 3169 992 3223; x_wconf 88' lang='lat' dir='ltr'>et</span> 
     </span>
     <span class='ocr_line' id='line_1_36' title="bbox 65 3247 990 3327; baseline -0.005 -18"><span class='ocrx_word' id='word_1_259' title='bbox 65 3247 202 3309; x_wconf 82' lang='lat' dir='ltr'>moribus</span> <span class='ocrx_word' id='word_1_260' title='bbox 220 3267 296 3308; x_wconf 54' lang='lat' dir='ltr'>vesse</span> <span class='ocrx_word' id='word_1_261' title='bbox 331 3247 426 3307; x_wconf 89' lang='lat' dir='ltr'>multo</span> <span class='ocrx_word' id='word_1_262' title='bbox 456 3249 674 3327; x_wconf 83' lang='lat' dir='ltr'>speciosiorem</span> <span class='ocrx_word' id='word_1_263' title='bbox 700 3262 791 3325; x_wconf 86' lang='lat' dir='ltr'>quam</span> <span class='ocrx_word' id='word_1_264' title='bbox 813 3252 990 3317; x_wconf 81' lang='lat' dir='ltr'>nostrorum</span> 
     </span>
     <span class='ocr_line' id='line_1_37' title="bbox 65 3326 992 3412; baseline -0.004 -19"><span class='ocrx_word' id='word_1_265' title='bbox 65 3333 158 3393; x_wconf 67' lang='lat' dir='ltr'>mium</span> <span class='ocrx_word' id='word_1_266' title='bbox 181 3331 393 3412; x_wconf 82' lang='lat' dir='ltr'>religiosorum</span> <span class='ocrx_word' id='word_1_267' title='bbox 417 3338 448 3390; x_wconf 88' lang='lat' dir='ltr'>et</span> <span class='ocrx_word' id='word_1_268' title='bbox 469 3333 605 3391; x_wconf 87' lang='lat' dir='ltr'>omnium</span> <span class='ocrx_word' id='word_1_269' title='bbox 628 3329 820 3390; x_wconf 70' lang='lat' dir='ltr'>clericorum:</span> <span class='ocrx_word' id='word_1_270' title='bbox 861 3326 992 3389; x_wconf 81' lang='lat' dir='ltr'>Nemea</span> 
     </span>
     <span class='ocr_line' id='line_1_38' title="bbox 66 3411 994 3494; baseline -0.002 -20"><span class='ocrx_word' id='word_1_271' title='bbox 66 3413 218 3476; x_wconf 90' lang='lat' dir='ltr'>modestia</span> <span class='ocrx_word' id='word_1_272' title='bbox 242 3420 272 3474; x_wconf 91' lang='lat' dir='ltr'>et</span> <span class='ocrx_word' id='word_1_273' title='bbox 293 3413 474 3492; x_wconf 84' lang='lat' dir='ltr'>simplicitas</span> <span class='ocrx_word' id='word_1_274' title='bbox 498 3416 610 3494; x_wconf 89' lang='lat' dir='ltr'>victus,</span> <span class='ocrx_word' id='word_1_275' title='bbox 635 3414 778 3488; x_wconf 89' lang='lat' dir='ltr'>vestitus,</span> <span class='ocrx_word' id='word_1_276' title='bbox 809 3411 933 3471; x_wconf 79' lang='lat' dir='ltr'>&#39;sedium</span> <span class='ocrx_word' id='word_1_277' title='bbox 962 3422 994 3472; x_wconf 90' lang='lat' dir='ltr'>et</span> 
     </span>
     <span class='ocr_line' id='line_1_39' title="bbox 66 3495 992 3573; baseline -0.005 -14"><span class='ocrx_word' id='word_1_278' title='bbox 66 3497 203 3560; x_wconf 90' lang='lat' dir='ltr'>omnium</span> <span class='ocrx_word' id='word_1_279' title='bbox 226 3516 335 3573; x_wconf 89' lang='lat' dir='ltr'>rerum,</span> <span class='ocrx_word' id='word_1_280' title='bbox 359 3504 391 3556; x_wconf 92' lang='lat' dir='ltr'>ut</span> <span class='ocrx_word' id='word_1_281' title='bbox 412 3496 462 3557; x_wconf 89' lang='lat' dir='ltr'>hie</span> <span class='ocrx_word' id='word_1_282' title='bbox 484 3497 559 3558; x_wconf 90' lang='lat' dir='ltr'>liber</span> <span class='ocrx_word' id='word_1_283' title='bbox 581 3496 704 3564; x_wconf 85' lang='lat' dir='ltr'>iudicat,</span> <span class='ocrx_word' id='word_1_284' title='bbox 728 3497 801 3555; x_wconf 91' lang='lat' dir='ltr'>item</span> <span class='ocrx_word' id='word_1_285' title='bbox 824 3495 938 3554; x_wconf 89' lang='lat' dir='ltr'>ieiunia</span> <span class='ocrx_word' id='word_1_286' title='bbox 961 3501 992 3555; x_wconf 91' lang='lat' dir='ltr'>et</span> 
     </span>
     <span class='ocr_line' id='line_1_40' title="bbox 65 3577 990 3663; baseline -0.004 -22"><span class='ocrx_word' id='word_1_287' title='bbox 65 3598 187 3663; x_wconf 90' lang='lat' dir='ltr'>preces,</span> <span class='ocrx_word' id='word_1_288' title='bbox 207 3587 378 3641; x_wconf 84' lang='lat' dir='ltr'>conventus</span> <span class='ocrx_word' id='word_1_289' title='bbox 401 3581 560 3660; x_wconf 86' lang='lat' dir='ltr'>generales</span> <span class='ocrx_word' id='word_1_290' title='bbox 585 3580 666 3660; x_wconf 85' lang='lat' dir='ltr'>vulgi</span> <span class='ocrx_word' id='word_1_291' title='bbox 688 3577 771 3659; x_wconf 81' lang='lat' dir='ltr'>opud</span> <span class='ocrx_word' id='word_1_292' title='bbox 794 3586 990 3639; x_wconf 89' lang='lat' dir='ltr'>nostrosuou</span> 
     </span>
     <span class='ocr_line' id='line_1_41' title="bbox 66 3661 993 3744; baseline -0.003 -21"><span class='ocrx_word' id='word_1_293' title='bbox 66 3662 210 3726; x_wconf 82' lang='lat' dir='ltr'>ridentur</span> <span class='ocrx_word' id='word_1_294' title='bbox 232 3665 361 3744; x_wconf 90' lang='lat' dir='ltr'>uspiam,</span> <span class='ocrx_word' id='word_1_295' title='bbox 383 3664 648 3744; x_wconf 88' lang='lat' dir='ltr'>imoimpossibile</span> <span class='ocrx_word' id='word_1_296' title='bbox 669 3661 837 3742; x_wconf 79' lang='lat' dir='ltr'>estvulgus</span> <span class='ocrx_word' id='word_1_297' title='bbox 855 3667 993 3722; x_wconf 87' lang='lat' dir='ltr'>nostrum</span> 
     </span>
     <span class='ocr_line' id='line_1_42' title="bbox 66 3745 993 3829; baseline -0.001 -20"><span class='ocrx_word' id='word_1_298' title='bbox 66 3746 106 3809; x_wconf 78' lang='lat' dir='ltr'>sd</span> <span class='ocrx_word' id='word_1_299' title='bbox 128 3765 167 3809; x_wconf 86' lang='lat' dir='ltr'>ea</span> <span class='ocrx_word' id='word_1_300' title='bbox 187 3746 385 3829; x_wconf 67' lang='lat' dir='ltr'>persuaderi,</span> <span class='ocrx_word' id='word_1_301' title='bbox 425 3746 536 3809; x_wconf 88' lang='lat' dir='ltr'>deinde</span> <span class='ocrx_word' id='word_1_302' title='bbox 558 3748 706 3808; x_wconf 87' lang='lat' dir='ltr'>miracula</span> <span class='ocrx_word' id='word_1_303' title='bbox 730 3752 762 3806; x_wconf 86' lang='lat' dir='ltr'>et</span> <span class='ocrx_word' id='word_1_304' title='bbox 784 3753 921 3806; x_wconf 85' lang='lat' dir='ltr'>monstra</span> <span class='ocrx_word' id='word_1_305' title='bbox 942 3745 993 3808; x_wconf 92' lang='lat' dir='ltr'>ab·</span> 
     </span>
    </p>
   </div>
   <div class='ocr_carea' id='block_1_3' title="bbox 712 3826 781 3900">
    <p class='ocr_par' dir='ltr' id='par_1_3' title="bbox 712 3826 781 3900">
     <span class='ocr_line' id='line_1_43' title="bbox 712 3826 781 3900; baseline 0.087 -6"><span class='ocrx_word' id='word_1_306' title='bbox 712 3826 781 3900; x_wconf 80' lang='lat' dir='ltr'>ss*</span> 
     </span>
    </p>
   </div>
   <div class='ocr_carea' id='block_1_4' title="bbox 0 0 1190 4162">
    <p class='ocr_par' dir='ltr' id='par_1_4' title="bbox 0 0 1190 4162">
     <span class='ocr_line' id='line_1_44' title="bbox 0 0 1190 4162; baseline 0 0"><span class='ocrx_word' id='word_1_307' title='bbox 0 0 1190 4162; x_wconf 95' lang='lat' dir='ltr'> </span> 
     </span>
    </p>
   </div>
  </div>
 </body>
</html>
