<?xml version="1.0" encoding="UTF-8"?>
<!DOCTYPE html PUBLIC "-//W3C//DTD XHTML 1.0 Transitional//EN"
    "http://www.w3.org/TR/xhtml1/DTD/xhtml1-transitional.dtd">
<html xmlns="http://www.w3.org/1999/xhtml" xml:lang="en" lang="en">
 <head>
  <title>
</title>
<meta http-equiv="Content-Type" content="text/html;charset=utf-8" />
  <meta name='ocr-system' content='tesseract 3.04.00' />
  <meta name='ocr-capabilities' content='ocr_page ocr_carea ocr_par ocr_line ocrx_word'/>
</head>
<body>
  <div class='ocr_page' id='page_1' title='image "./dmartinilutheri02luthgoog_0547.png"; bbox 0 0 2348 4162; ppageno 0'>
   <div class='ocr_carea' id='block_1_1' title="bbox 209 203 918 320">
    <p class='ocr_par' dir='ltr' id='par_1_1' title="bbox 209 203 918 320">
     <span class='ocr_line' id='line_1_1' title="bbox 209 203 918 320; baseline -0.021 0"><span class='ocrx_word' id='word_1_1' title='bbox 209 251 273 320; x_wconf 75' lang='lat'>534</span> <span class='ocrx_word' id='word_1_2' title='bbox 372 212 375 218; x_wconf 23' lang='grc' dir='ltr'>Ι</span> <span class='ocrx_word' id='word_1_3' title='bbox 499 248 691 309; x_wconf 73' lang='lat' dir='ltr'>Praelmtonte</span> <span class='ocrx_word' id='word_1_4' title='bbox 708 250 743 309; x_wconf 85' lang='lat' dir='ltr'>D.</span> <span class='ocrx_word' id='word_1_5' title='bbox 761 252 799 310; x_wconf 80' lang='lat' dir='ltr'>tl.</span> <span class='ocrx_word' id='word_1_6' title='bbox 817 253 848 307; x_wconf 89' lang='lat' dir='ltr'>L.</span> <span class='ocrx_word' id='word_1_7' title='bbox 915 203 918 207; x_wconf 19' lang='grc' dir='ltr'>Ι</span> 
     </span>
    </p>
   </div>
   <div class='ocr_carea' id='block_1_2' title="bbox 165 421 1130 1252">
    <p class='ocr_par' dir='ltr' id='par_1_2' title="bbox 165 421 1130 1252">
     <span class='ocr_line' id='line_1_2' title="bbox 210 421 1129 506; baseline -0.007 -18"><span class='ocrx_word' id='word_1_8' title='bbox 210 423 341 503; x_wconf 77' lang='lat' dir='ltr'>Sanetis,</span> <span class='ocrx_word' id='word_1_9' title='bbox 365 430 438 504; x_wconf 91' lang='lat' dir='ltr'>puta</span> <span class='ocrx_word' id='word_1_10' title='bbox 452 425 645 502; x_wconf 74' lang='lat' dir='ltr'>Catharinae,</span> <span class='ocrx_word' id='word_1_11' title='bbox 668 422 830 504; x_wconf 77' lang='lat' dir='ltr'>Barbarae,</span> <span class='ocrx_word' id='word_1_12' title='bbox 853 423 1059 503; x_wconf 82' lang='lat' dir='ltr'>Margaretae,</span> <span class='ocrx_word' id='word_1_13' title='bbox 1075 421 1129 506; x_wconf 57' lang='lat'>⁰¹2</span> 
     </span>
     <span class='ocr_line' id='line_1_3' title="bbox 210 504 1128 589; baseline -0.009 -19"><span class='ocrx_word' id='word_1_14' title='bbox 210 509 305 585; x_wconf 86' lang='lat' dir='ltr'>sulae,</span> <span class='ocrx_word' id='word_1_15' title='bbox 326 508 400 568; x_wconf 90' lang='lat' dir='ltr'>item</span> <span class='ocrx_word' id='word_1_16' title='bbox 423 508 655 589; x_wconf 72' lang='lat' dir='ltr'>christophoro,</span> <span class='ocrx_word' id='word_1_17' title='bbox 677 506 823 587; x_wconf 79' lang='lat' dir='ltr'>Georgio,</span> <span class='ocrx_word' id='word_1_18' title='bbox 846 505 967 567; x_wconf 84' lang='lat' dir='ltr'>Roohio</span> <span class='ocrx_word' id='word_1_19' title='bbox 980 512 1012 567; x_wconf 88' lang='lat' dir='ltr'>et</span> <span class='ocrx_word' id='word_1_20' title='bbox 1032 504 1128 564; x_wconf 90' lang='lat' dir='ltr'>multis</span> 
     </span>
     <span class='ocr_line' id='line_1_4' title="bbox 210 587 1128 671; baseline -0.007 -18"><span class='ocrx_word' id='word_1_21' title='bbox 210 592 279 653; x_wconf 84' lang='lat' dir='ltr'>aliis</span> <span class='ocrx_word' id='word_1_22' title='bbox 300 589 391 651; x_wconf 83' lang='lat' dir='ltr'>idolis</span> <span class='ocrx_word' id='word_1_23' title='bbox 413 592 636 668; x_wconf 87' lang='lat' dir='ltr'>serviverimne,</span> <span class='ocrx_word' id='word_1_24' title='bbox 658 590 703 651; x_wconf 90' lang='lat' dir='ltr'>ita</span> <span class='ocrx_word' id='word_1_25' title='bbox 723 589 861 671; x_wconf 88' lang='lat' dir='ltr'>perdite,</span> <span class='ocrx_word' id='word_1_26' title='bbox 892 594 926 650; x_wconf 88' lang='lat' dir='ltr'>ut</span> <span class='ocrx_word' id='word_1_27' title='bbox 944 587 1128 650; x_wconf 88' lang='lat' dir='ltr'>Iudaeorum</span> 
     </span>
     <span class='ocr_line' id='line_1_5' title="bbox 208 671 1130 754; baseline -0.005 -19"><span class='ocrx_word' id='word_1_28' title='bbox 208 673 400 735; x_wconf 90' lang='lat' dir='ltr'>idololatriae</span> <span class='ocrx_word' id='word_1_29' title='bbox 437 673 600 754; x_wconf 82' lang='lat' dir='ltr'>magnifiee</span> <span class='ocrx_word' id='word_1_30' title='bbox 620 672 902 750; x_wconf 85' lang='lat' dir='ltr'>iustifloaverimus,</span> <span class='ocrx_word' id='word_1_31' title='bbox 925 671 995 733; x_wconf 90' lang='lat' dir='ltr'>Deo</span> <span class='ocrx_word' id='word_1_32' title='bbox 1017 671 1130 732; x_wconf 84' lang='lat' dir='ltr'>soilieet</span> 
     </span>
     <span class='ocr_line' id='line_1_6' title="bbox 210 755 1128 836; baseline -0.004 -19"><span class='ocrx_word' id='word_1_33' title='bbox 210 758 254 817; x_wconf 91' lang='lat' dir='ltr'>ita</span> <span class='ocrx_word' id='word_1_34' title='bbox 276 756 515 817; x_wconf 76' lang='lat' dir='ltr'>misericordiam</span> <span class='ocrx_word' id='word_1_35' title='bbox 549 763 758 836; x_wconf 76' lang='lat' dir='ltr'>contemptam</span> <span class='ocrx_word' id='word_1_36' title='bbox 786 757 817 815; x_wconf 92' lang='lat' dir='ltr'>in</span> <span class='ocrx_word' id='word_1_37' title='bbox 840 755 974 816; x_wconf 82' lang='lat' dir='ltr'>furorem</span> <span class='ocrx_word' id='word_1_38' title='bbox 996 755 1128 815; x_wconf 88' lang='lat' dir='ltr'>saevien-</span> 
     </span>
     <span class='ocr_line' id='line_1_7' title="bbox 209 836 1128 921; baseline -0.004 -21"><span class='ocrx_word' id='word_1_39' title='bbox 209 847 271 900; x_wconf 87' lang='lat' dir='ltr'>tem</span> <span class='ocrx_word' id='word_1_40' title='bbox 296 838 425 921; x_wconf 85' lang='lat' dir='ltr'>(uostrie</span> <span class='ocrx_word' id='word_1_41' title='bbox 436 838 571 921; x_wconf 86' lang='lat' dir='ltr'>meritis)</span> <span class='ocrx_word' id='word_1_42' title='bbox 583 844 732 915; x_wconf 81' lang='lat' dir='ltr'>vertente,</span> <span class='ocrx_word' id='word_1_43' title='bbox 753 839 832 899; x_wconf 88' lang='lat' dir='ltr'>sient</span> <span class='ocrx_word' id='word_1_44' title='bbox 843 836 955 898; x_wconf 89' lang='lat' dir='ltr'>Paulus</span> <span class='ocrx_word' id='word_1_45' title='bbox 970 837 1128 918; x_wconf 87' lang='lat' dir='ltr'>praedixit,</span> 
     </span>
     <span class='ocr_line' id='line_1_8' title="bbox 211 919 1129 1002; baseline -0.002 -20"><span class='ocrx_word' id='word_1_46' title='bbox 211 923 312 983; x_wconf 84' lang='lat' dir='ltr'>blittet</span> <span class='ocrx_word' id='word_1_47' title='bbox 345 921 475 1002; x_wconf 77' lang='lat' dir='ltr'>(inquit)</span> <span class='ocrx_word' id='word_1_48' title='bbox 507 922 568 987; x_wconf 83' lang='lat' dir='ltr'>illia</span> <span class='ocrx_word' id='word_1_49' title='bbox 601 919 770 982; x_wconf 86' lang='lat' dir='ltr'>effioaoiam</span> <span class='ocrx_word' id='word_1_50' title='bbox 792 921 919 1000; x_wconf 87' lang='lat' dir='ltr'>erroris,</span> <span class='ocrx_word' id='word_1_51' title='bbox 953 927 988 980; x_wconf 89' lang='lat' dir='ltr'>ut</span> <span class='ocrx_word' id='word_1_52' title='bbox 1007 919 1129 981; x_wconf 85' lang='lat' dir='ltr'>eredant</span> 
     </span>
     <span class='ocr_line' id='line_1_9' title="bbox 210 1003 1128 1086; baseline -0.002 -22"><span class='ocrx_word' id='word_1_53' title='bbox 210 1005 376 1086; x_wconf 89' lang='lat' dir='ltr'>iniquitati,</span> <span class='ocrx_word' id='word_1_54' title='bbox 408 1005 460 1086; x_wconf 91' lang='lat' dir='ltr'>qui</span> <span class='ocrx_word' id='word_1_55' title='bbox 479 1005 645 1065; x_wconf 90' lang='lat' dir='ltr'>noluerunt</span> <span class='ocrx_word' id='word_1_56' title='bbox 664 1003 790 1065; x_wconf 90' lang='lat' dir='ltr'>eredere</span> <span class='ocrx_word' id='word_1_57' title='bbox 812 1004 941 1067; x_wconf 86' lang='lat' dir='ltr'>veritati.</span> <span class='ocrx_word' id='word_1_58' title='bbox 985 1003 1040 1064; x_wconf 76' lang='lat' dir='ltr'>flio</span> <span class='ocrx_word' id='word_1_59' title='bbox 1061 1021 1128 1083; x_wconf 88' lang='lat' dir='ltr'>pan·</span> 
     </span>
     <span class='ocr_line' id='line_1_10' title="bbox 209 1085 1129 1168; baseline -0.003 -20"><span class='ocrx_word' id='word_1_60' title='bbox 209 1087 295 1149; x_wconf 89' lang='lat' dir='ltr'>latim</span> <span class='ocrx_word' id='word_1_61' title='bbox 317 1086 435 1149; x_wconf 87' lang='lat' dir='ltr'>abolito</span> <span class='ocrx_word' id='word_1_62' title='bbox 457 1087 587 1168; x_wconf 76' lang='lat' dir='ltr'>Christo,</span> <span class='ocrx_word' id='word_1_63' title='bbox 612 1085 734 1148; x_wconf 83' lang='lat' dir='ltr'>abolitis</span> <span class='ocrx_word' id='word_1_64' title='bbox 754 1085 880 1148; x_wconf 87' lang='lat' dir='ltr'>testibus</span> <span class='ocrx_word' id='word_1_65' title='bbox 902 1086 1129 1162; x_wconf 84' lang='lat' dir='ltr'>einsfidelibua,</span> 
     </span>
     <span class='ocr_line' id='line_1_11' title="bbox 165 1169 1127 1252; baseline 0.001 -23"><span class='ocrx_word' id='word_1_66' title='bbox 165 1218 170 1229; x_wconf 89' lang='lat'><strong><em>.</em></strong></span> <span class='ocrx_word' id='word_1_67' title='bbox 209 1188 321 1251; x_wconf 80' lang='lat' dir='ltr'>nempe</span> <span class='ocrx_word' id='word_1_68' title='bbox 341 1169 502 1251; x_wconf 80' lang='lat' dir='ltr'>apostolis,</span> <span class='ocrx_word' id='word_1_69' title='bbox 528 1170 719 1252; x_wconf 84' lang='lat' dir='ltr'>martyribus,</span> <span class='ocrx_word' id='word_1_70' title='bbox 743 1169 989 1247; x_wconf 75' lang='lat' dir='ltr'>confessoribus,</span> <span class='ocrx_word' id='word_1_71' title='bbox 1013 1187 1127 1230; x_wconf 77' lang='lat' dir='ltr'>euoeea</span> 
     </span>
    </p>
   </div>
   <div class='ocr_carea' id='block_1_3' title="bbox 122 1251 1128 1332">
    <p class='ocr_par' dir='ltr' id='par_1_3' title="bbox 122 1251 1128 1332">
     <span class='ocr_line' id='line_1_12' title="bbox 122 1251 1128 1332; baseline -0.001 -19"><span class='ocrx_word' id='word_1_72' title='bbox 122 1300 125 1304; x_wconf 83' lang='lat'>.</span> <span class='ocrx_word' id='word_1_73' title='bbox 210 1254 250 1314; x_wconf 87' lang='lat' dir='ltr'>eit</span> <span class='ocrx_word' id='word_1_74' title='bbox 288 1251 410 1313; x_wconf 87' lang='lat' dir='ltr'>tandem</span> <span class='ocrx_word' id='word_1_75' title='bbox 440 1270 540 1314; x_wconf 88' lang='lat' dir='ltr'>novus</span> <span class='ocrx_word' id='word_1_76' title='bbox 573 1252 725 1331; x_wconf 82' lang='lat' dir='ltr'>christus,</span> <span class='ocrx_word' id='word_1_77' title='bbox 755 1252 817 1313; x_wconf 91' lang='lat' dir='ltr'>hoe</span> <span class='ocrx_word' id='word_1_78' title='bbox 847 1258 896 1312; x_wconf 85' lang='lat' dir='ltr'>est</span> <span class='ocrx_word' id='word_1_79' title='bbox 914 1251 1128 1332; x_wconf 79' lang='lat' dir='ltr'>Antiohrietur,</span> 
     </span>
    </p>
   </div>
   <div class='ocr_carea' id='block_1_4' title="bbox 141 1333 1129 3238">
    <p class='ocr_par' dir='ltr' id='par_1_4' title="bbox 208 1333 1129 1913">
     <span class='ocr_line' id='line_1_13' title="bbox 208 1333 1128 1415; baseline -0.001 -20"><span class='ocrx_word' id='word_1_80' title='bbox 208 1337 238 1396; x_wconf 93' lang='lat' dir='ltr'>in</span> <span class='ocrx_word' id='word_1_81' title='bbox 261 1335 377 1415; x_wconf 87' lang='lat' dir='ltr'>templo</span> <span class='ocrx_word' id='word_1_82' title='bbox 398 1335 456 1396; x_wconf 90' lang='lat' dir='ltr'>Dei</span> <span class='ocrx_word' id='word_1_83' title='bbox 478 1353 547 1396; x_wconf 91' lang='lat' dir='ltr'>eum</span> <span class='ocrx_word' id='word_1_84' title='bbox 569 1336 785 1397; x_wconf 83' lang='lat' dir='ltr'>novissanotis</span> <span class='ocrx_word' id='word_1_85' title='bbox 801 1336 873 1411; x_wconf 86' lang='lat' dir='ltr'>suia,</span> <span class='ocrx_word' id='word_1_86' title='bbox 895 1333 1065 1415; x_wconf 76' lang='lat' dir='ltr'>docuitque</span> <span class='ocrx_word' id='word_1_87' title='bbox 1074 1353 1128 1395; x_wconf 88' lang='lat' dir='ltr'>nos</span> 
     </span>
     <span class='ocr_line' id='line_1_14' title="bbox 208 1418 1129 1499; baseline 0 -21"><span class='ocrx_word' id='word_1_88' title='bbox 208 1418 339 1478; x_wconf 87' lang='lat' dir='ltr'>adorare</span> <span class='ocrx_word' id='word_1_89' title='bbox 361 1436 427 1494; x_wconf 88' lang='lat' dir='ltr'>eos,</span> <span class='ocrx_word' id='word_1_90' title='bbox 449 1437 526 1498; x_wconf 86' lang='lat' dir='ltr'>quos</span> <span class='ocrx_word' id='word_1_91' title='bbox 549 1437 607 1478; x_wconf 87' lang='lat' dir='ltr'>neo</span> <span class='ocrx_word' id='word_1_92' title='bbox 627 1424 730 1498; x_wconf 89' lang='lat' dir='ltr'>patres</span> <span class='ocrx_word' id='word_1_93' title='bbox 753 1418 850 1480; x_wconf 88' lang='lat' dir='ltr'>nostri</span> <span class='ocrx_word' id='word_1_94' title='bbox 871 1435 974 1498; x_wconf 83' lang='lat' dir='ltr'>neque</span> <span class='ocrx_word' id='word_1_95' title='bbox 989 1419 1129 1499; x_wconf 90' lang='lat' dir='ltr'>ipse,ue·</span> 
     </span>
     <span class='ocr_line' id='line_1_15' title="bbox 209 1500 1125 1582; baseline -0.002 -20"><span class='ocrx_word' id='word_1_96' title='bbox 209 1519 270 1580; x_wconf 87' lang='lat' dir='ltr'>que</span> <span class='ocrx_word' id='word_1_97' title='bbox 296 1519 355 1562; x_wconf 89' lang='lat' dir='ltr'>noe</span> <span class='ocrx_word' id='word_1_98' title='bbox 377 1501 589 1582; x_wconf 83' lang='lat' dir='ltr'>eognovimus.</span> <span class='ocrx_word' id='word_1_99' title='bbox 632 1501 672 1562; x_wconf 79' lang='lat' dir='ltr'>Et</span> <span class='ocrx_word' id='word_1_100' title='bbox 698 1501 755 1562; x_wconf 88' lang='lat' dir='ltr'>has</span> <span class='ocrx_word' id='word_1_101' title='bbox 784 1500 909 1561; x_wconf 88' lang='lat' dir='ltr'>delieiaa</span> <span class='ocrx_word' id='word_1_102' title='bbox 931 1519 1037 1562; x_wconf 86' lang='lat' dir='ltr'>novae</span> <span class='ocrx_word' id='word_1_103' title='bbox 1057 1500 1125 1561; x_wconf 85' lang='lat' dir='ltr'>diri·</span> 
     </span>
     <span class='ocr_line' id='line_1_16' title="bbox 209 1582 1128 1666; baseline 0.001 -22"><span class='ocrx_word' id='word_1_104' title='bbox 209 1585 313 1645; x_wconf 85' lang='lat' dir='ltr'>nitatis</span> <span class='ocrx_word' id='word_1_105' title='bbox 335 1585 455 1645; x_wconf 86' lang='lat' dir='ltr'>ornavit</span> <span class='ocrx_word' id='word_1_106' title='bbox 474 1582 687 1666; x_wconf 78' lang='lat' dir='ltr'>indulgentiis,</span> <span class='ocrx_word' id='word_1_107' title='bbox 709 1583 848 1664; x_wconf 88' lang='lat' dir='ltr'>templis,</span> <span class='ocrx_word' id='word_1_108' title='bbox 870 1602 964 1663; x_wconf 90' lang='lat' dir='ltr'>auro,</span> <span class='ocrx_word' id='word_1_109' title='bbox 988 1586 1128 1665; x_wconf 84' lang='lat' dir='ltr'>argento,</span> 
     </span>
     <span class='ocr_line' id='line_1_17' title="bbox 209 1665 1129 1748; baseline 0.002 -21"><span class='ocrx_word' id='word_1_110' title='bbox 209 1668 339 1748; x_wconf 91' lang='lat' dir='ltr'>gemmis</span> <span class='ocrx_word' id='word_1_111' title='bbox 368 1666 572 1746; x_wconf 82' lang='lat' dir='ltr'>omnibusque</span> <span class='ocrx_word' id='word_1_112' title='bbox 603 1667 746 1746; x_wconf 84' lang='lat' dir='ltr'>pretiosis</span> <span class='ocrx_word' id='word_1_113' title='bbox 778 1665 886 1747; x_wconf 87' lang='lat' dir='ltr'>rebus,</span> <span class='ocrx_word' id='word_1_114' title='bbox 919 1666 1129 1747; x_wconf 85' lang='lat' dir='ltr'>distribuitque</span> 
     </span>
     <span class='ocr_line' id='line_1_18' title="bbox 208 1748 1128 1831; baseline -0.001 -20"><span class='ocrx_word' id='word_1_115' title='bbox 208 1758 305 1811; x_wconf 87' lang='lat' dir='ltr'>terras</span> <span class='ocrx_word' id='word_1_116' title='bbox 327 1751 460 1829; x_wconf 88' lang='lat' dir='ltr'>gratuito</span> <span class='ocrx_word' id='word_1_117' title='bbox 482 1748 665 1827; x_wconf 90' lang='lat' dir='ltr'>eultoribus,</span> <span class='ocrx_word' id='word_1_118' title='bbox 697 1750 778 1811; x_wconf 80' lang='lat' dir='ltr'>sieut</span> <span class='ocrx_word' id='word_1_119' title='bbox 802 1749 833 1810; x_wconf 91' lang='lat' dir='ltr'>in</span> <span class='ocrx_word' id='word_1_120' title='bbox 856 1748 985 1811; x_wconf 86' lang='lat' dir='ltr'>Daniele</span> <span class='ocrx_word' id='word_1_121' title='bbox 1009 1751 1128 1831; x_wconf 88' lang='lat' dir='ltr'>spiritus</span> 
     </span>
     <span class='ocr_line' id='line_1_19' title="bbox 211 1832 719 1913; baseline 0.006 -21"><span class='ocrx_word' id='word_1_122' title='bbox 211 1832 459 1913; x_wconf 75' lang='lat' dir='ltr'>prophetaverat.</span> <span class='ocrx_word' id='word_1_123' title='bbox 716 1857 719 1862; x_wconf 92' lang='lat'>·</span> 
     </span>
    </p>

    <p class='ocr_par' dir='ltr' id='par_1_5' title="bbox 141 1913 1128 3238">
     <span class='ocr_line' id='line_1_20' title="bbox 293 1913 1127 1995; baseline 0 -20"><span class='ocrx_word' id='word_1_124' title='bbox 293 1915 434 1975; x_wconf 88' lang='lat' dir='ltr'>Aooeasit</span> <span class='ocrx_word' id='word_1_125' title='bbox 455 1914 495 1975; x_wconf 90' lang='lat' dir='ltr'>ad</span> <span class='ocrx_word' id='word_1_126' title='bbox 515 1913 668 1975; x_wconf 89' lang='lat' dir='ltr'>oumnlum</span> <span class='ocrx_word' id='word_1_127' title='bbox 691 1914 766 1995; x_wconf 91' lang='lat' dir='ltr'>irae,</span> <span class='ocrx_word' id='word_1_128' title='bbox 788 1913 870 1994; x_wconf 90' lang='lat' dir='ltr'>quod</span> <span class='ocrx_word' id='word_1_129' title='bbox 892 1915 1055 1977; x_wconf 86' lang='lat' dir='ltr'>neohuius</span> <span class='ocrx_word' id='word_1_130' title='bbox 1069 1915 1127 1994; x_wconf 90' lang='lat' dir='ltr'>qul·</span> 
     </span>
     <span class='ocr_line' id='line_1_21' title="bbox 210 1996 1128 2078; baseline -0.002 -19"><span class='ocrx_word' id='word_1_131' title='bbox 210 1998 279 2059; x_wconf 90' lang='lat' dir='ltr'>dem</span> <span class='ocrx_word' id='word_1_132' title='bbox 300 1998 430 2058; x_wconf 83' lang='lat' dir='ltr'>monstri</span> <span class='ocrx_word' id='word_1_133' title='bbox 464 2001 496 2057; x_wconf 85' lang='lat' dir='ltr'>et</span> <span class='ocrx_word' id='word_1_134' title='bbox 526 1997 599 2057; x_wconf 88' lang='lat' dir='ltr'>novi</span> <span class='ocrx_word' id='word_1_135' title='bbox 622 1996 734 2058; x_wconf 75' lang='lat' dir='ltr'>Christi</span> <span class='ocrx_word' id='word_1_136' title='bbox 757 1996 880 2078; x_wconf 83' lang='lat' dir='ltr'>dignam</span> <span class='ocrx_word' id='word_1_137' title='bbox 904 2004 936 2059; x_wconf 88' lang='lat' dir='ltr'>et</span> <span class='ocrx_word' id='word_1_138' title='bbox 956 1999 1068 2059; x_wconf 88' lang='lat' dir='ltr'>iustam</span> <span class='ocrx_word' id='word_1_139' title='bbox 1090 1998 1128 2058; x_wconf 92' lang='lat' dir='ltr'>hi·</span> 
     </span>
     <span class='ocr_line' id='line_1_22' title="bbox 209 2078 1127 2162; baseline 0.001 -22"><span class='ocrx_word' id='word_1_140' title='bbox 209 2081 335 2142; x_wconf 89' lang='lat' dir='ltr'>storiam</span> <span class='ocrx_word' id='word_1_141' title='bbox 358 2078 536 2156; x_wconf 88' lang='lat' dir='ltr'>habeamur,</span> <span class='ocrx_word' id='word_1_142' title='bbox 558 2079 601 2140; x_wconf 88' lang='lat' dir='ltr'>ite</span> <span class='ocrx_word' id='word_1_143' title='bbox 623 2081 686 2140; x_wconf 85' lang='lat' dir='ltr'>euie</span> <span class='ocrx_word' id='word_1_144' title='bbox 704 2079 913 2141; x_wconf 86' lang='lat' dir='ltr'>adulatoribus</span> <span class='ocrx_word' id='word_1_145' title='bbox 927 2081 1127 2162; x_wconf 87' lang='lat' dir='ltr'>turpitudines</span> 
     </span>
     <span class='ocr_line' id='line_1_23' title="bbox 208 2161 1126 2242; baseline 0.001 -19"><span class='ocrx_word' id='word_1_146' title='bbox 208 2164 274 2223; x_wconf 90' lang='lat' dir='ltr'>eius</span> <span class='ocrx_word' id='word_1_147' title='bbox 295 2161 528 2234; x_wconf 87' lang='lat' dir='ltr'>honorantibus,</span> <span class='ocrx_word' id='word_1_148' title='bbox 551 2168 581 2222; x_wconf 89' lang='lat' dir='ltr'>et</span> <span class='ocrx_word' id='word_1_149' title='bbox 601 2162 695 2223; x_wconf 84' lang='lat' dir='ltr'>falsas</span> <span class='ocrx_word' id='word_1_150' title='bbox 710 2163 835 2224; x_wconf 87' lang='lat' dir='ltr'>virtutes</span> <span class='ocrx_word' id='word_1_151' title='bbox 854 2164 919 2223; x_wconf 88' lang='lat' dir='ltr'>eius</span> <span class='ocrx_word' id='word_1_152' title='bbox 935 2164 1126 2242; x_wconf 81' lang='lat' dir='ltr'>laetantibus,</span> 
     </span>
     <span class='ocr_line' id='line_1_24' title="bbox 208 2244 1126 2325; baseline -0.001 -18"><span class='ocrx_word' id='word_1_153' title='bbox 208 2246 311 2307; x_wconf 83' lang='lat' dir='ltr'>elaver</span> <span class='ocrx_word' id='word_1_154' title='bbox 334 2245 432 2325; x_wconf 86' lang='lat' dir='ltr'>pietas</span> <span class='ocrx_word' id='word_1_155' title='bbox 454 2251 484 2304; x_wconf 88' lang='lat' dir='ltr'>et</span> <span class='ocrx_word' id='word_1_156' title='bbox 506 2244 619 2304; x_wconf 81' lang='lat' dir='ltr'>fulmen</span> <span class='ocrx_word' id='word_1_157' title='bbox 641 2244 744 2305; x_wconf 86' lang='lat' dir='ltr'>fletum</span> <span class='ocrx_word' id='word_1_158' title='bbox 774 2245 948 2307; x_wconf 87' lang='lat' dir='ltr'>terribiliter</span> <span class='ocrx_word' id='word_1_159' title='bbox 968 2246 1126 2308; x_wconf 86' lang='lat' dir='ltr'>exaltanti-</span> 
     </span>
     <span class='ocr_line' id='line_1_25' title="bbox 141 2326 1126 2406; baseline 0.001 -16"><span class='ocrx_word' id='word_1_160' title='bbox 141 2326 144 2332; x_wconf 78' lang='grc'><strong>’</strong></span> <span class='ocrx_word' id='word_1_161' title='bbox 208 2330 280 2406; x_wconf 83' lang='lat' dir='ltr'>bus3</span> <span class='ocrx_word' id='word_1_162' title='bbox 301 2326 371 2388; x_wconf 93' lang='lat' dir='ltr'>ideo</span> <span class='ocrx_word' id='word_1_163' title='bbox 394 2347 455 2388; x_wconf 91' lang='lat' dir='ltr'>non</span> <span class='ocrx_word' id='word_1_164' title='bbox 480 2326 579 2388; x_wconf 87' lang='lat' dir='ltr'>solnm</span> <span class='ocrx_word' id='word_1_165' title='bbox 604 2328 733 2388; x_wconf 87' lang='lat' dir='ltr'>viearius</span> <span class='ocrx_word' id='word_1_166' title='bbox 756 2328 813 2388; x_wconf 89' lang='lat' dir='ltr'>Dei</span> <span class='ocrx_word' id='word_1_167' title='bbox 835 2329 866 2388; x_wconf 91' lang='lat' dir='ltr'>in</span> <span class='ocrx_word' id='word_1_168' title='bbox 890 2330 994 2406; x_wconf 89' lang='lat' dir='ltr'>terris,</span> <span class='ocrx_word' id='word_1_169' title='bbox 1024 2328 1078 2390; x_wconf 89' lang='lat' dir='ltr'>aed</span> <span class='ocrx_word' id='word_1_170' title='bbox 1099 2333 1126 2391; x_wconf 87' lang='lat' dir='ltr'>et</span> 
     </span>
     <span class='ocr_line' id='line_1_26' title="bbox 209 2409 1124 2494; baseline 0 -23"><span class='ocrx_word' id='word_1_171' title='bbox 209 2413 323 2472; x_wconf 83' lang='lat' dir='ltr'>mixtus</span> <span class='ocrx_word' id='word_1_172' title='bbox 355 2429 395 2471; x_wconf 89' lang='lat' dir='ltr'>ex</span> <span class='ocrx_word' id='word_1_173' title='bbox 416 2411 483 2471; x_wconf 89' lang='lat' dir='ltr'>Deo</span> <span class='ocrx_word' id='word_1_174' title='bbox 505 2418 536 2470; x_wconf 90' lang='lat' dir='ltr'>et</span> <span class='ocrx_word' id='word_1_175' title='bbox 557 2410 697 2484; x_wconf 91' lang='lat' dir='ltr'>homine,</span> <span class='ocrx_word' id='word_1_176' title='bbox 733 2409 818 2471; x_wconf 85' lang='lat' dir='ltr'>velut</span> <span class='ocrx_word' id='word_1_177' title='bbox 851 2418 939 2491; x_wconf 89' lang='lat' dir='ltr'>turpe</span> <span class='ocrx_word' id='word_1_178' title='bbox 961 2413 1124 2494; x_wconf 86' lang='lat' dir='ltr'>analogum</span> 
     </span>
     <span class='ocr_line' id='line_1_27' title="bbox 207 2492 1126 2572; baseline -0.001 -17"><span class='ocrx_word' id='word_1_179' title='bbox 207 2494 318 2555; x_wconf 81' lang='lat' dir='ltr'>Christi</span> <span class='ocrx_word' id='word_1_180' title='bbox 352 2494 432 2570; x_wconf 88' lang='lat' dir='ltr'>veri,</span> <span class='ocrx_word' id='word_1_181' title='bbox 465 2500 603 2559; x_wconf 90' lang='lat' dir='ltr'>terrenus</span> <span class='ocrx_word' id='word_1_182' title='bbox 627 2492 751 2572; x_wconf 85' lang='lat' dir='ltr'>quidam</span> <span class='ocrx_word' id='word_1_183' title='bbox 774 2494 857 2554; x_wconf 86' lang='lat' dir='ltr'>Deus</span> <span class='ocrx_word' id='word_1_184' title='bbox 885 2494 973 2557; x_wconf 87' lang='lat' dir='ltr'>nobie</span> <span class='ocrx_word' id='word_1_185' title='bbox 997 2503 1126 2556; x_wconf 84' lang='lat' dir='ltr'>ostenta·</span> 
     </span>
     <span class='ocr_line' id='line_1_28' title="bbox 206 2574 1123 2658; baseline -0.002 -20"><span class='ocrx_word' id='word_1_186' title='bbox 206 2583 298 2657; x_wconf 86' lang='lat' dir='ltr'>retur,</span> <span class='ocrx_word' id='word_1_187' title='bbox 321 2581 423 2636; x_wconf 86' lang='lat' dir='ltr'>tamen</span> <span class='ocrx_word' id='word_1_188' title='bbox 455 2594 548 2656; x_wconf 87' lang='lat' dir='ltr'>snpra</span> <span class='ocrx_word' id='word_1_189' title='bbox 583 2595 706 2636; x_wconf 89' lang='lat' dir='ltr'>omnem</span> <span class='ocrx_word' id='word_1_190' title='bbox 728 2576 827 2636; x_wconf 90' lang='lat' dir='ltr'>Deum</span> <span class='ocrx_word' id='word_1_191' title='bbox 857 2579 909 2654; x_wconf 87' lang='lat' dir='ltr'>(nt</span> <span class='ocrx_word' id='word_1_192' title='bbox 932 2577 1045 2638; x_wconf 83' lang='lat' dir='ltr'>Paulae</span> <span class='ocrx_word' id='word_1_193' title='bbox 1067 2574 1123 2658; x_wconf 88' lang='lat' dir='ltr'>ait)</span> 
     </span>
     <span class='ocr_line' id='line_1_29' title="bbox 206 2657 1125 2742; baseline -0.001 -23"><span class='ocrx_word' id='word_1_194' title='bbox 206 2658 407 2720; x_wconf 87' lang='lat' dir='ltr'>formidabilis</span> <span class='ocrx_word' id='word_1_195' title='bbox 439 2665 470 2719; x_wconf 89' lang='lat' dir='ltr'>et</span> <span class='ocrx_word' id='word_1_196' title='bbox 502 2657 688 2722; x_wconf 87' lang='lat' dir='ltr'>adorandus.</span> <span class='ocrx_word' id='word_1_197' title='bbox 730 2659 833 2719; x_wconf 91' lang='lat' dir='ltr'>Homo</span> <span class='ocrx_word' id='word_1_198' title='bbox 868 2660 987 2721; x_wconf 88' lang='lat' dir='ltr'>soilioet</span> <span class='ocrx_word' id='word_1_199' title='bbox 1010 2661 1125 2742; x_wconf 73' lang='lat' dir='ltr'>peceati</span> 
     </span>
     <span class='ocr_line' id='line_1_30' title="bbox 206 2740 1125 2824; baseline 0 -22"><span class='ocrx_word' id='word_1_200' title='bbox 206 2749 238 2803; x_wconf 92' lang='lat' dir='ltr'>et</span> <span class='ocrx_word' id='word_1_201' title='bbox 258 2742 338 2802; x_wconf 91' lang='lat' dir='ltr'>fllius</span> <span class='ocrx_word' id='word_1_202' title='bbox 361 2740 554 2821; x_wconf 88' lang='lat' dir='ltr'>perditionis,</span> <span class='ocrx_word' id='word_1_203' title='bbox 577 2743 691 2802; x_wconf 88' lang='lat' dir='ltr'>vermis</span> <span class='ocrx_word' id='word_1_204' title='bbox 713 2747 745 2801; x_wconf 90' lang='lat' dir='ltr'>et</span> <span class='ocrx_word' id='word_1_205' title='bbox 765 2742 910 2822; x_wconf 84' lang='lat' dir='ltr'>putredo,</span> <span class='ocrx_word' id='word_1_206' title='bbox 937 2741 994 2824; x_wconf 89' lang='lat' dir='ltr'>(ea</span> <span class='ocrx_word' id='word_1_207' title='bbox 1017 2750 1064 2804; x_wconf 89' lang='lat' dir='ltr'>eet</span> <span class='ocrx_word' id='word_1_208' title='bbox 1084 2745 1125 2802; x_wconf 87' lang='lat' dir='ltr'>ira</span> 
     </span>
     <span class='ocr_line' id='line_1_31' title="bbox 206 2823 1124 2907; baseline 0 -22"><span class='ocrx_word' id='word_1_209' title='bbox 206 2844 297 2907; x_wconf 85' lang='lat' dir='ltr'>anper</span> <span class='ocrx_word' id='word_1_210' title='bbox 315 2826 470 2904; x_wconf 86' lang='lat' dir='ltr'>ingratum</span> <span class='ocrx_word' id='word_1_211' title='bbox 494 2823 658 2898; x_wconf 87' lang='lat' dir='ltr'>mundum)</span> <span class='ocrx_word' id='word_1_212' title='bbox 683 2843 775 2886; x_wconf 87' lang='lat' dir='ltr'>ausus</span> <span class='ocrx_word' id='word_1_213' title='bbox 798 2826 896 2884; x_wconf 89' lang='lat' dir='ltr'>estin</span> <span class='ocrx_word' id='word_1_214' title='bbox 919 2823 1024 2887; x_wconf 89' lang='lat' dir='ltr'>looum</span> <span class='ocrx_word' id='word_1_215' title='bbox 1039 2826 1124 2886; x_wconf 87' lang='lat' dir='ltr'>maie·</span> 
     </span>
     <span class='ocr_line' id='line_1_32' title="bbox 206 2906 1125 2986; baseline -0.001 -19"><span class='ocrx_word' id='word_1_216' title='bbox 206 2910 294 2969; x_wconf 87' lang='lat' dir='ltr'>statie</span> <span class='ocrx_word' id='word_1_217' title='bbox 316 2927 350 2969; x_wconf 88' lang='lat' dir='ltr'>se</span> <span class='ocrx_word' id='word_1_218' title='bbox 372 2907 492 2986; x_wconf 68' lang='lat' dir='ltr'>levare,</span> <span class='ocrx_word' id='word_1_219' title='bbox 514 2906 596 2986; x_wconf 86' lang='lat' dir='ltr'>quod</span> <span class='ocrx_word' id='word_1_220' title='bbox 620 2906 699 2968; x_wconf 83' lang='lat' dir='ltr'>forte</span> <span class='ocrx_word' id='word_1_221' title='bbox 719 2926 781 2967; x_wconf 91' lang='lat' dir='ltr'>non</span> <span class='ocrx_word' id='word_1_222' title='bbox 805 2907 1054 2985; x_wconf 87' lang='lat' dir='ltr'>luissetlaetum,</span> <span class='ocrx_word' id='word_1_223' title='bbox 1077 2913 1125 2969; x_wconf 89' lang='lat' dir='ltr'>aut</span> 
     </span>
     <span class='ocr_line' id='line_1_33' title="bbox 205 2990 1125 3072; baseline -0.002 -22"><span class='ocrx_word' id='word_1_224' title='bbox 205 3009 268 3052; x_wconf 88' lang='lat' dir='ltr'>non</span> <span class='ocrx_word' id='word_1_225' title='bbox 290 2997 352 3051; x_wconf 91' lang='lat' dir='ltr'>tam</span> <span class='ocrx_word' id='word_1_226' title='bbox 375 2990 502 3051; x_wconf 84' lang='lat' dir='ltr'>felieiter</span> <span class='ocrx_word' id='word_1_227' title='bbox 523 2990 646 3065; x_wconf 84' lang='lat' dir='ltr'>laetum,</span> <span class='ocrx_word' id='word_1_228' title='bbox 669 2990 694 3049; x_wconf 87' lang='lat' dir='ltr'>si</span> <span class='ocrx_word' id='word_1_229' title='bbox 716 3009 765 3050; x_wconf 86' lang='lat' dir='ltr'>res</span> <span class='ocrx_word' id='word_1_230' title='bbox 788 2991 852 3050; x_wconf 89' lang='lat' dir='ltr'>eine</span> <span class='ocrx_word' id='word_1_231' title='bbox 871 2999 980 3072; x_wconf 87' lang='lat' dir='ltr'>gestae</span> <span class='ocrx_word' id='word_1_232' title='bbox 1000 2992 1125 3052; x_wconf 85' lang='lat' dir='ltr'>fuissent</span> 
     </span>
     <span class='ocr_line' id='line_1_34' title="bbox 204 3072 1123 3153; baseline 0.002 -21"><span class='ocrx_word' id='word_1_233' title='bbox 204 3072 323 3152; x_wconf 88' lang='lat' dir='ltr'>aliquot</span> <span class='ocrx_word' id='word_1_234' title='bbox 343 3072 485 3135; x_wconf 88' lang='lat' dir='ltr'>fidelibus</span> <span class='ocrx_word' id='word_1_235' title='bbox 518 3073 670 3134; x_wconf 77' lang='lat' dir='ltr'>historicis</span> <span class='ocrx_word' id='word_1_236' title='bbox 691 3074 815 3153; x_wconf 89' lang='lat' dir='ltr'>proprie</span> <span class='ocrx_word' id='word_1_237' title='bbox 837 3079 867 3134; x_wconf 87' lang='lat' dir='ltr'>et</span> <span class='ocrx_word' id='word_1_238' title='bbox 890 3093 961 3134; x_wconf 88' lang='lat' dir='ltr'>vere</span> <span class='ocrx_word' id='word_1_239' title='bbox 987 3074 1123 3149; x_wconf 84' lang='lat' dir='ltr'>traditae,</span> 
     </span>
     <span class='ocr_line' id='line_1_35' title="bbox 205 3154 1123 3238; baseline -0.001 -23"><span class='ocrx_word' id='word_1_240' title='bbox 205 3173 260 3234; x_wconf 87' lang='lat' dir='ltr'>per</span> <span class='ocrx_word' id='word_1_241' title='bbox 283 3174 358 3234; x_wconf 86' lang='lat' dir='ltr'>qnae</span> <span class='ocrx_word' id='word_1_242' title='bbox 379 3158 422 3235; x_wconf 91' lang='lat' dir='ltr'>pii</span> <span class='ocrx_word' id='word_1_243' title='bbox 455 3157 595 3217; x_wconf 88' lang='lat' dir='ltr'>homines</span> <span class='ocrx_word' id='word_1_244' title='bbox 617 3155 747 3216; x_wconf 88' lang='lat' dir='ltr'>fuissent</span> <span class='ocrx_word' id='word_1_245' title='bbox 768 3154 934 3238; x_wconf 87' lang='lat' dir='ltr'>admoniti,</span> <span class='ocrx_word' id='word_1_246' title='bbox 970 3156 1045 3218; x_wconf 87' lang='lat' dir='ltr'>lieet</span> <span class='ocrx_word' id='word_1_247' title='bbox 1066 3174 1123 3217; x_wconf 90' lang='lat' dir='ltr'>nou</span> 
     </span>
    </p>
   </div>
   <div class='ocr_carea' id='block_1_5' title="bbox 79 3237 1123 3318">
    <p class='ocr_par' dir='ltr' id='par_1_6' title="bbox 79 3237 1123 3318">
     <span class='ocr_line' id='line_1_36' title="bbox 79 3237 1123 3318; baseline 0.001 -21"><span class='ocrx_word' id='word_1_248' title='bbox 79 3275 82 3280; x_wconf 89' lang='lat'><em>·</em></span> <span class='ocrx_word' id='word_1_249' title='bbox 204 3237 337 3299; x_wconf 83' lang='lat' dir='ltr'>defuisse</span> <span class='ocrx_word' id='word_1_250' title='bbox 359 3237 534 3317; x_wconf 87' lang='lat' dir='ltr'>videantur,</span> <span class='ocrx_word' id='word_1_251' title='bbox 567 3239 618 3318; x_wconf 89' lang='lat' dir='ltr'>qui</span> <span class='ocrx_word' id='word_1_252' title='bbox 648 3239 734 3298; x_wconf 88' lang='lat' dir='ltr'>istius</span> <span class='ocrx_word' id='word_1_253' title='bbox 758 3240 915 3299; x_wconf 88' lang='lat' dir='ltr'>satanioee</span> <span class='ocrx_word' id='word_1_254' title='bbox 936 3238 1067 3301; x_wconf 82' lang='lat' dir='ltr'>oloaoae</span> <span class='ocrx_word' id='word_1_255' title='bbox 1087 3246 1123 3299; x_wconf 86' lang='lat' dir='ltr'>te</span> 
     </span>
    </p>
   </div>
   <div class='ocr_carea' id='block_1_6' title="bbox 204 3321 1123 3486">
    <p class='ocr_par' dir='ltr' id='par_1_7' title="bbox 204 3321 1123 3486">
     <span class='ocr_line' id='line_1_37' title="bbox 204 3321 1123 3403; baseline -0.001 -22"><span class='ocrx_word' id='word_1_256' title='bbox 204 3323 359 3382; x_wconf 88' lang='lat' dir='ltr'>terrimum</span> <span class='ocrx_word' id='word_1_257' title='bbox 395 3322 522 3384; x_wconf 89' lang='lat' dir='ltr'>odorem</span> <span class='ocrx_word' id='word_1_258' title='bbox 555 3324 711 3400; x_wconf 86' lang='lat' dir='ltr'>uteunque</span> <span class='ocrx_word' id='word_1_259' title='bbox 733 3321 908 3400; x_wconf 86' lang='lat' dir='ltr'>olfeoerint,</span> <span class='ocrx_word' id='word_1_260' title='bbox 937 3322 992 3382; x_wconf 86' lang='lat' dir='ltr'>aed</span> <span class='ocrx_word' id='word_1_261' title='bbox 1016 3341 1123 3403; x_wconf 85' lang='lat' dir='ltr'>eorpus</span> 
     </span>
     <span class='ocr_line' id='line_1_38' title="bbox 204 3405 1123 3486; baseline 0.001 -22"><span class='ocrx_word' id='word_1_262' title='bbox 204 3405 303 3485; x_wconf 91' lang='lat' dir='ltr'>ipsum</span> <span class='ocrx_word' id='word_1_263' title='bbox 335 3405 473 3466; x_wconf 89' lang='lat' dir='ltr'>invenire</span> <span class='ocrx_word' id='word_1_264' title='bbox 506 3412 536 3467; x_wconf 89' lang='lat' dir='ltr'>et</span> <span class='ocrx_word' id='word_1_265' title='bbox 568 3405 739 3485; x_wconf 86' lang='lat' dir='ltr'>produeere</span> <span class='ocrx_word' id='word_1_266' title='bbox 767 3405 798 3464; x_wconf 94' lang='lat' dir='ltr'>in</span> <span class='ocrx_word' id='word_1_267' title='bbox 832 3405 931 3465; x_wconf 91' lang='lat' dir='ltr'>luoem</span> <span class='ocrx_word' id='word_1_268' title='bbox 954 3424 1018 3465; x_wconf 92' lang='lat' dir='ltr'>non</span> <span class='ocrx_word' id='word_1_269' title='bbox 1041 3413 1123 3486; x_wconf 90' lang='lat' dir='ltr'>potu-</span> 
     </span>
    </p>
   </div>
   <div class='ocr_carea' id='block_1_7' title="bbox 94 3495 301 3555">
    <p class='ocr_par' dir='ltr' id='par_1_8' title="bbox 94 3495 301 3555">
     <span class='ocr_line' id='line_1_39' title="bbox 94 3495 301 3555; baseline 0.014 -11"><span class='ocrx_word' id='word_1_270' title='bbox 94 3550 97 3555; x_wconf 49' lang='lat'>,</span> <span class='ocrx_word' id='word_1_271' title='bbox 203 3495 301 3548; x_wconf 90' lang='lat' dir='ltr'>erant.</span> 
     </span>
    </p>
   </div>
   <div class='ocr_carea' id='block_1_8' title="bbox 204 3568 1122 3817">
    <p class='ocr_par' dir='ltr' id='par_1_9' title="bbox 204 3568 1122 3817">
     <span class='ocr_line' id='line_1_40' title="bbox 287 3568 1122 3650; baseline 0 -21"><span class='ocrx_word' id='word_1_272' title='bbox 287 3569 402 3631; x_wconf 88' lang='lat' dir='ltr'>Dioitur</span> <span class='ocrx_word' id='word_1_273' title='bbox 424 3570 462 3631; x_wconf 94' lang='lat' dir='ltr'>de</span> <span class='ocrx_word' id='word_1_274' title='bbox 483 3571 598 3647; x_wconf 84' lang='lat' dir='ltr'>Turno,</span> <span class='ocrx_word' id='word_1_275' title='bbox 638 3588 728 3650; x_wconf 90' lang='lat' dir='ltr'>quam</span> <span class='ocrx_word' id='word_1_276' title='bbox 758 3568 850 3631; x_wconf 86' lang='lat' dir='ltr'>foede</span> <span class='ocrx_word' id='word_1_277' title='bbox 872 3570 1017 3649; x_wconf 86' lang='lat' dir='ltr'>profanet</span> <span class='ocrx_word' id='word_1_278' title='bbox 1039 3588 1122 3630; x_wconf 86' lang='lat' dir='ltr'>saera</span> 
     </span>
     <span class='ocr_line' id='line_1_41' title="bbox 204 3651 1122 3734; baseline 0 -24"><span class='ocrx_word' id='word_1_279' title='bbox 204 3651 273 3711; x_wconf 83' lang='lat' dir='ltr'>loea</span> <span class='ocrx_word' id='word_1_280' title='bbox 295 3658 326 3712; x_wconf 86' lang='lat' dir='ltr'>et</span> <span class='ocrx_word' id='word_1_281' title='bbox 354 3653 497 3732; x_wconf 87' lang='lat' dir='ltr'>reliquias</span> <span class='ocrx_word' id='word_1_282' title='bbox 521 3654 719 3715; x_wconf 79' lang='lat' dir='ltr'>Senatorum:</span> <span class='ocrx_word' id='word_1_283' title='bbox 754 3673 803 3713; x_wconf 90' lang='lat' dir='ltr'>res</span> <span class='ocrx_word' id='word_1_284' title='bbox 824 3652 928 3734; x_wconf 55' lang='lat' dir='ltr'>,plane</span> <span class='ocrx_word' id='word_1_285' title='bbox 949 3653 1078 3734; x_wconf 88' lang='lat' dir='ltr'>indigna</span> <span class='ocrx_word' id='word_1_286' title='bbox 1097 3659 1122 3713; x_wconf 88' lang='lat' dir='ltr'>et</span> 
     </span>
     <span class='ocr_line' id='line_1_42' title="bbox 204 3732 1122 3817; baseline 0.003 -24"><span class='ocrx_word' id='word_1_287' title='bbox 204 3751 284 3814; x_wconf 89' lang='lat' dir='ltr'>quae</span> <span class='ocrx_word' id='word_1_288' title='bbox 305 3753 414 3797; x_wconf 87' lang='lat' dir='ltr'>omnes</span> <span class='ocrx_word' id='word_1_289' title='bbox 445 3738 515 3817; x_wconf 88' lang='lat' dir='ltr'>pios</span> <span class='ocrx_word' id='word_1_290' title='bbox 537 3737 646 3799; x_wconf 91' lang='lat' dir='ltr'>merito</span> <span class='ocrx_word' id='word_1_291' title='bbox 674 3742 800 3798; x_wconf 88' lang='lat' dir='ltr'>moveat</span> <span class='ocrx_word' id='word_1_292' title='bbox 820 3732 861 3797; x_wconf 85' lang='lat' dir='ltr'>ad</span> <span class='ocrx_word' id='word_1_293' title='bbox 882 3735 1075 3799; x_wconf 88' lang='lat' dir='ltr'>adorandum</span> <span class='ocrx_word' id='word_1_294' title='bbox 1096 3741 1122 3796; x_wconf 87' lang='lat' dir='ltr'>et</span> 
     </span>
    </p>
   </div>
   <div class='ocr_carea' id='block_1_9' title="bbox 0 0 1178 4162">
    <p class='ocr_par' dir='ltr' id='par_1_10' title="bbox 0 0 1178 4162">
     <span class='ocr_line' id='line_1_43' title="bbox 0 0 1178 4162; baseline 0 1"><span class='ocrx_word' id='word_1_295' title='bbox 0 0 1178 4162; x_wconf 95' lang='lat' dir='ltr'> </span> 
     </span>
    </p>
   </div>
  </div>
 </body>
</html>
