<?xml version="1.0" encoding="UTF-8"?>
<!DOCTYPE html PUBLIC "-//W3C//DTD XHTML 1.0 Transitional//EN"
    "http://www.w3.org/TR/xhtml1/DTD/xhtml1-transitional.dtd">
<html xmlns="http://www.w3.org/1999/xhtml" xml:lang="en" lang="en">
 <head>
  <title>
</title>
<meta http-equiv="Content-Type" content="text/html;charset=utf-8" />
  <meta name='ocr-system' content='tesseract 3.04.00' />
  <meta name='ocr-capabilities' content='ocr_page ocr_carea ocr_par ocr_line ocrx_word'/>
</head>
<body>
  <div class='ocr_page' id='page_1' title='image "./dmartinilutheri02luthgoog_0098.png"; bbox 0 0 2348 4162; ppageno 0'>
   <div class='ocr_carea' id='block_1_1' title="bbox 388 225 1019 291">
    <p class='ocr_par' dir='ltr' id='par_1_1' title="bbox 388 225 1019 291">
     <span class='ocr_line' id='line_1_1' title="bbox 388 225 1019 291; baseline 0.003 -11"><span class='ocrx_word' id='word_1_1' title='bbox 388 226 418 281; x_wconf 92' lang='lat' dir='ltr'><strong>in</strong></span> <span class='ocrx_word' id='word_1_2' title='bbox 435 226 521 283; x_wconf 89' lang='lat' dir='ltr'><strong>libros</strong></span> <span class='ocrx_word' id='word_1_3' title='bbox 540 226 643 284; x_wconf 88' lang='lat' dir='ltr'><strong>veteris</strong></span> <span class='ocrx_word' id='word_1_4' title='bbox 660 226 737 283; x_wconf 86' lang='lat' dir='ltr'><strong>Test.</strong></span> <span class='ocrx_word' id='word_1_5' title='bbox 977 225 1019 291; x_wconf 79' lang='lat'><strong>87</strong></span> 
     </span>
    </p>
   </div>
   <div class='ocr_carea' id='block_1_2' title="bbox 92 393 1020 644">
    <p class='ocr_par' dir='ltr' id='par_1_2' title="bbox 92 393 1020 644">
     <span class='ocr_line' id='line_1_2' title="bbox 178 393 1019 476; baseline 0 -19"><span class='ocrx_word' id='word_1_6' title='bbox 178 393 312 457; x_wconf 76' lang='lat' dir='ltr'>Secundi</span> <span class='ocrx_word' id='word_1_7' title='bbox 332 401 411 472; x_wconf 90' lang='lat' dir='ltr'><strong>sunt,</strong></span> <span class='ocrx_word' id='word_1_8' title='bbox 435 397 485 475; x_wconf 93' lang='lat' dir='ltr'><strong>qni</strong></span> <span class='ocrx_word' id='word_1_9' title='bbox 508 401 627 460; x_wconf 88' lang='lat' dir='ltr'><strong>tentant</strong></span> <span class='ocrx_word' id='word_1_10' title='bbox 649 398 712 458; x_wconf 84' lang='lat' dir='ltr'><strong>suis</strong></span> <span class='ocrx_word' id='word_1_11' title='bbox 726 397 838 458; x_wconf 91' lang='lat' dir='ltr'><strong>viribus</strong></span> <span class='ocrx_word' id='word_1_12' title='bbox 861 401 1019 476; x_wconf 82' lang='lat' dir='ltr'><strong>proestare</strong></span> 
     </span>
     <span class='ocr_line' id='line_1_3' title="bbox 92 478 1020 560; baseline 0.001 -22"><span class='ocrx_word' id='word_1_13' title='bbox 92 478 216 558; x_wconf 83' lang='lat' dir='ltr'><strong>legem,</strong></span> <span class='ocrx_word' id='word_1_14' title='bbox 239 479 306 538; x_wconf 91' lang='lat' dir='ltr'><strong>sine</strong></span> <span class='ocrx_word' id='word_1_15' title='bbox 327 480 427 559; x_wconf 86' lang='lat' dir='ltr'><strong>gratia</strong></span> <span class='ocrx_word' id='word_1_16' title='bbox 448 478 516 542; x_wconf 88' lang='lat' dir='ltr'><strong>Dei.</strong></span> <span class='ocrx_word' id='word_1_17' title='bbox 546 479 662 540; x_wconf 88' lang='lat' dir='ltr'><strong>Horum</strong></span> <span class='ocrx_word' id='word_1_18' title='bbox 685 480 813 560; x_wconf 84' lang='lat' dir='ltr'><strong>figuram</strong></span> <span class='ocrx_word' id='word_1_19' title='bbox 847 480 878 540; x_wconf 92' lang='lat' dir='ltr'><strong>hi</strong></span> <span class='ocrx_word' id='word_1_20' title='bbox 900 486 1020 560; x_wconf 84' lang='lat' dir='ltr'><strong>gerunt,</strong></span> 
     </span>
     <span class='ocr_line' id='line_1_4' title="bbox 92 560 1019 644; baseline 0.001 -23"><span class='ocrx_word' id='word_1_21' title='bbox 92 563 146 640; x_wconf 92' lang='lat' dir='ltr'><strong>qui</strong></span> <span class='ocrx_word' id='word_1_22' title='bbox 168 560 297 640; x_wconf 79' lang='lat' dir='ltr'><strong>gloriam</strong></span> <span class='ocrx_word' id='word_1_23' title='bbox 319 561 350 621; x_wconf 92' lang='lat' dir='ltr'><strong>in</strong></span> <span class='ocrx_word' id='word_1_24' title='bbox 374 562 566 624; x_wconf 87' lang='lat' dir='ltr'><strong>vultuMosis</strong></span> <span class='ocrx_word' id='word_1_25' title='bbox 590 564 669 624; x_wconf 86' lang='lat' dir='ltr'><strong>ferre</strong></span> <span class='ocrx_word' id='word_1_26' title='bbox 691 583 752 624; x_wconf 91' lang='lat' dir='ltr'><strong>non</strong></span> <span class='ocrx_word' id='word_1_27' title='bbox 776 569 927 644; x_wconf 87' lang='lat' dir='ltr'><strong>poterant,</strong></span> <span class='ocrx_word' id='word_1_28' title='bbox 951 581 1019 623; x_wconf 92' lang='lat' dir='ltr'><strong>cum</strong></span> 
     </span>
    </p>
   </div>
   <div class='ocr_carea' id='block_1_3' title="bbox 93 643 1022 1304">
    <p class='ocr_par' dir='ltr' id='par_1_3' title="bbox 93 643 1022 1304">
     <span class='ocr_line' id='line_1_5' title="bbox 93 643 1021 727; baseline 0.002 -23"><span class='ocrx_word' id='word_1_29' title='bbox 93 644 198 705; x_wconf 94' lang='lat' dir='ltr'><strong>denuo</strong></span> <span class='ocrx_word' id='word_1_30' title='bbox 228 643 354 705; x_wconf 83' lang='lat' dir='ltr'><strong>referret</strong></span> <span class='ocrx_word' id='word_1_31' title='bbox 383 644 478 724; x_wconf 83' lang='lat' dir='ltr'><strong>leges.</strong></span> <span class='ocrx_word' id='word_1_32' title='bbox 527 645 630 726; x_wconf 86' lang='lat' dir='ltr'><strong>Atque</strong></span> <span class='ocrx_word' id='word_1_33' title='bbox 652 646 690 707; x_wconf 88' lang='lat' dir='ltr'><strong>ed</strong></span> <span class='ocrx_word' id='word_1_34' title='bbox 722 647 782 707; x_wconf 93' lang='lat' dir='ltr'><strong>hos·</strong></span> <span class='ocrx_word' id='word_1_35' title='bbox 810 646 931 725; x_wconf 88' lang='lat' dir='ltr'><strong>quidem</strong></span> <span class='ocrx_word' id='word_1_36' title='bbox 954 665 1021 727; x_wconf 87' lang='lat' dir='ltr'><strong>per·</strong></span> 
     </span>
     <span class='ocr_line' id='line_1_6' title="bbox 94 726 1019 808; baseline 0.002 -20"><span class='ocrx_word' id='word_1_37' title='bbox 94 728 181 788; x_wconf 87' lang='lat' dir='ltr'><strong>venit</strong></span> <span class='ocrx_word' id='word_1_38' title='bbox 203 726 265 806; x_wconf 85' lang='lat' dir='ltr'><strong>lex,</strong></span> <span class='ocrx_word' id='word_1_39' title='bbox 289 745 394 787; x_wconf 86' lang='lat' dir='ltr'><strong>verum</strong></span> <span class='ocrx_word' id='word_1_40' title='bbox 415 730 475 808; x_wconf 89' lang='lat' dir='ltr'><strong>ipsi</strong></span> <span class='ocrx_word' id='word_1_41' title='bbox 497 747 559 789; x_wconf 92' lang='lat' dir='ltr'><strong>non</strong></span> <span class='ocrx_word' id='word_1_42' title='bbox 581 736 713 808; x_wconf 83' lang='lat' dir='ltr'>possunt</span> <span class='ocrx_word' id='word_1_43' title='bbox 735 749 802 790; x_wconf 88' lang='lat' dir='ltr'><strong>eam</strong></span> <span class='ocrx_word' id='word_1_44' title='bbox 826 730 915 792; x_wconf 86' lang='lat' dir='ltr'><strong>ferre.</strong></span> <span class='ocrx_word' id='word_1_45' title='bbox 960 729 1019 790; x_wconf 90' lang='lat' dir='ltr'><strong>Ob·</strong></span> 
     </span>
     <span class='ocr_line' id='line_1_7' title="bbox 96 809 1020 893; baseline 0.002 -23"><span class='ocrx_word' id='word_1_46' title='bbox 96 809 213 871; x_wconf 92' lang='lat' dir='ltr'><strong>ducunt</strong></span> <span class='ocrx_word' id='word_1_47' title='bbox 234 811 327 889; x_wconf 85' lang='lat' dir='ltr'><strong>igitur</strong></span> <span class='ocrx_word' id='word_1_48' title='bbox 349 830 417 871; x_wconf 90' lang='lat' dir='ltr'><strong>eam</strong></span> <span class='ocrx_word' id='word_1_49' title='bbox 440 810 604 891; x_wconf 82' lang='lat' dir='ltr'><strong>volumine,</strong></span> <span class='ocrx_word' id='word_1_50' title='bbox 627 820 657 873; x_wconf 88' lang='lat' dir='ltr'><strong>et</strong></span> <span class='ocrx_word' id='word_1_51' title='bbox 678 814 901 893; x_wconf 76' lang='lat' dir='ltr'><strong>hypocriticam</strong></span> <span class='ocrx_word' id='word_1_52' title='bbox 926 813 1020 872; x_wconf 87' lang='lat' dir='ltr'><strong>vitem</strong></span> 
     </span>
     <span class='ocr_line' id='line_1_8' title="bbox 95 892 1020 976; baseline 0.001 -23"><span class='ocrx_word' id='word_1_53' title='bbox 95 892 294 953; x_wconf 89' lang='lat' dir='ltr'><strong>simulatione</strong></span> <span class='ocrx_word' id='word_1_54' title='bbox 311 901 508 955; x_wconf 86' lang='lat' dir='ltr'><strong>externorum</strong></span> <span class='ocrx_word' id='word_1_55' title='bbox 524 914 649 976; x_wconf 89' lang='lat' dir='ltr'><strong>operum</strong></span> <span class='ocrx_word' id='word_1_56' title='bbox 675 897 752 975; x_wconf 87' lang='lat' dir='ltr'><strong>legis</strong></span> <span class='ocrx_word' id='word_1_57' title='bbox 765 903 869 976; x_wconf 85' lang='lat' dir='ltr'><strong>agunt.</strong></span> <span class='ocrx_word' id='word_1_58' title='bbox 907 895 1020 955; x_wconf 89' lang='lat' dir='ltr'><strong>Verum</strong></span> 
     </span>
     <span class='ocr_line' id='line_1_9' title="bbox 95 976 1021 1058; baseline 0.002 -22"><span class='ocrx_word' id='word_1_59' title='bbox 95 976 149 1037; x_wconf 84' lang='lat' dir='ltr'><strong>lex</strong></span> <span class='ocrx_word' id='word_1_60' title='bbox 171 976 263 1036; x_wconf 88' lang='lat' dir='ltr'><strong>etiem</strong></span> <span class='ocrx_word' id='word_1_61' title='bbox 287 976 340 1037; x_wconf 85' lang='lat' dir='ltr'><strong>illa</strong></span> <span class='ocrx_word' id='word_1_62' title='bbox 361 978 429 1058; x_wconf 88' lang='lat' dir='ltr'><strong>ipsa</strong></span> <span class='ocrx_word' id='word_1_63' title='bbox 451 997 547 1057; x_wconf 87' lang='lat' dir='ltr'><strong>opera</strong></span> <span class='ocrx_word' id='word_1_64' title='bbox 569 978 683 1039; x_wconf 89' lang='lat' dir='ltr'><strong>iudicat</strong></span> <span class='ocrx_word' id='word_1_65' title='bbox 705 998 774 1040; x_wconf 90' lang='lat' dir='ltr'><strong>esse</strong></span> <span class='ocrx_word' id='word_1_66' title='bbox 797 985 940 1058; x_wconf 87' lang='lat' dir='ltr'><strong>peccate,</strong></span> <span class='ocrx_word' id='word_1_67' title='bbox 969 978 1021 1038; x_wconf 92' lang='lat' dir='ltr'><strong>ubi</strong></span> 
     </span>
     <span class='ocr_line' id='line_1_10' title="bbox 96 1058 1020 1140; baseline 0.002 -22"><span class='ocrx_word' id='word_1_68' title='bbox 96 1059 237 1120; x_wconf 88' lang='lat' dir='ltr'><strong>velamen</strong></span> <span class='ocrx_word' id='word_1_69' title='bbox 260 1066 397 1120; x_wconf 89' lang='lat' dir='ltr'><strong>emotum</strong></span> <span class='ocrx_word' id='word_1_70' title='bbox 421 1061 520 1123; x_wconf 88' lang='lat' dir='ltr'><strong>fuerit.</strong></span> <span class='ocrx_word' id='word_1_71' title='bbox 558 1061 722 1122; x_wconf 83' lang='lat' dir='ltr'><strong>Conviucit</strong></span> <span class='ocrx_word' id='word_1_72' title='bbox 744 1063 824 1121; x_wconf 88' lang='lat' dir='ltr'><strong>euim</strong></span> <span class='ocrx_word' id='word_1_73' title='bbox 848 1080 916 1139; x_wconf 94' lang='lat' dir='ltr'><strong>nos,</strong></span> <span class='ocrx_word' id='word_1_74' title='bbox 939 1058 1020 1140; x_wconf 91' lang='lat' dir='ltr'><strong>quod</strong></span> 
     </span>
     <span class='ocr_line' id='line_1_11' title="bbox 96 1143 1022 1224; baseline 0.001 -21"><span class='ocrx_word' id='word_1_75' title='bbox 96 1148 223 1203; x_wconf 85' lang='lat' dir='ltr'><strong>nostrae</strong></span> <span class='ocrx_word' id='word_1_76' title='bbox 247 1143 324 1202; x_wconf 82' lang='lat' dir='ltr'><strong>vires</strong></span> <span class='ocrx_word' id='word_1_77' title='bbox 347 1143 421 1203; x_wconf 88' lang='lat' dir='ltr'><strong>nihil</strong></span> <span class='ocrx_word' id='word_1_78' title='bbox 444 1146 524 1222; x_wconf 89' lang='lat' dir='ltr'><strong>sint,</strong></span> <span class='ocrx_word' id='word_1_79' title='bbox 556 1145 610 1204; x_wconf 91' lang='lat' dir='ltr'><strong>sed</strong></span> <span class='ocrx_word' id='word_1_80' title='bbox 638 1151 755 1205; x_wconf 83' lang='lat' dir='ltr'><strong>tantum</strong></span> <span class='ocrx_word' id='word_1_81' title='bbox 779 1145 891 1207; x_wconf 81' lang='lat' dir='ltr'><strong>Christi</strong></span> <span class='ocrx_word' id='word_1_82' title='bbox 921 1145 1022 1224; x_wconf 84' lang='lat' dir='ltr'><strong>gretia</strong></span> 
     </span>
     <span class='ocr_line' id='line_1_12' title="bbox 95 1225 361 1304; baseline 0.008 -19"><span class='ocrx_word' id='word_1_83' title='bbox 95 1225 187 1286; x_wconf 92' lang='lat' dir='ltr'><strong>nobis</strong></span> <span class='ocrx_word' id='word_1_84' title='bbox 210 1226 249 1284; x_wconf 88' lang='lat' dir='ltr'><strong>sit</strong></span> <span class='ocrx_word' id='word_1_85' title='bbox 270 1244 361 1304; x_wconf 87' lang='lat' dir='ltr'><strong>opus.</strong></span> 
     </span>
    </p>
   </div>
   <div class='ocr_carea' id='block_1_4' title="bbox 179 1307 1131 1388">
    <p class='ocr_par' dir='ltr' id='par_1_4' title="bbox 179 1307 1131 1388">
     <span class='ocr_line' id='line_1_13' title="bbox 179 1307 1131 1388; baseline 0 -21"><span class='ocrx_word' id='word_1_86' title='bbox 179 1307 272 1368; x_wconf 86' lang='lat' dir='ltr'><strong>Tertii</strong></span> <span class='ocrx_word' id='word_1_87' title='bbox 295 1309 356 1368; x_wconf 89' lang='lat' dir='ltr'><strong>iam</strong></span> <span class='ocrx_word' id='word_1_88' title='bbox 379 1313 473 1382; x_wconf 87' lang='lat' dir='ltr'><strong>suut,</strong></span> <span class='ocrx_word' id='word_1_89' title='bbox 496 1309 599 1388; x_wconf 90' lang='lat' dir='ltr'><strong>quiin</strong></span> <span class='ocrx_word' id='word_1_90' title='bbox 623 1310 718 1370; x_wconf 86' lang='lat' dir='ltr'><strong>Musis</strong></span> <span class='ocrx_word' id='word_1_91' title='bbox 741 1310 850 1370; x_wconf 84' lang='lat' dir='ltr'><strong>faciem</strong></span> <span class='ocrx_word' id='word_1_92' title='bbox 883 1311 950 1370; x_wconf 91' lang='lat' dir='ltr'><strong>sine</strong></span> <span class='ocrx_word' id='word_1_93' title='bbox 972 1328 1022 1369; x_wconf 91' lang='lat' dir='ltr'><strong>ve·</strong></span> <span class='ocrx_word' id='word_1_94' title='bbox 1125 1358 1131 1367; x_wconf 85' lang='lat'><em>.</em></span> 
     </span>
    </p>
   </div>
   <div class='ocr_carea' id='block_1_5' title="bbox 95 1389 1026 3799">
    <p class='ocr_par' dir='ltr' id='par_1_5' title="bbox 95 1389 1025 2781">
     <span class='ocr_line' id='line_1_14' title="bbox 96 1389 1022 1473; baseline 0.001 -22"><span class='ocrx_word' id='word_1_95' title='bbox 96 1390 213 1451; x_wconf 91' lang='lat' dir='ltr'><strong>lamine</strong></span> <span class='ocrx_word' id='word_1_96' title='bbox 236 1397 366 1471; x_wconf 84' lang='lat' dir='ltr'><strong>possunt</strong></span> <span class='ocrx_word' id='word_1_97' title='bbox 388 1389 524 1472; x_wconf 86' lang='lat' dir='ltr'><strong>defigere</strong></span> <span class='ocrx_word' id='word_1_98' title='bbox 548 1393 667 1471; x_wconf 90' lang='lat' dir='ltr'><strong>oculos,</strong></span> <span class='ocrx_word' id='word_1_99' title='bbox 693 1393 755 1453; x_wconf 95' lang='lat' dir='ltr'><strong>hoc</strong></span> <span class='ocrx_word' id='word_1_100' title='bbox 777 1399 843 1473; x_wconf 90' lang='lat' dir='ltr'><strong>est,</strong></span> <span class='ocrx_word' id='word_1_101' title='bbox 876 1394 928 1472; x_wconf 92' lang='lat' dir='ltr'><strong>qui</strong></span> <span class='ocrx_word' id='word_1_102' title='bbox 952 1411 1022 1452; x_wconf 84' lang='lat' dir='ltr'><strong>vere</strong></span> 
     </span>
     <span class='ocr_line' id='line_1_15' title="bbox 96 1473 1023 1556; baseline 0.001 -22"><span class='ocrx_word' id='word_1_103' title='bbox 96 1473 274 1553; x_wconf 83' lang='lat' dir='ltr'><strong>intelligunt</strong></span> <span class='ocrx_word' id='word_1_104' title='bbox 304 1473 405 1555; x_wconf 88' lang='lat' dir='ltr'><strong>legem</strong></span> <span class='ocrx_word' id='word_1_105' title='bbox 440 1485 470 1535; x_wconf 89' lang='lat' dir='ltr'><strong>et</strong></span> <span class='ocrx_word' id='word_1_106' title='bbox 491 1474 623 1552; x_wconf 82' lang='lat' dir='ltr'><strong>vident,</strong></span> <span class='ocrx_word' id='word_1_107' title='bbox 647 1494 738 1555; x_wconf 91' lang='lat' dir='ltr'><strong>quam</strong></span> <span class='ocrx_word' id='word_1_108' title='bbox 769 1477 811 1536; x_wconf 90' lang='lat' dir='ltr'><strong>sit</strong></span> <span class='ocrx_word' id='word_1_109' title='bbox 831 1475 1023 1556; x_wconf 91' lang='lat' dir='ltr'><strong>impossibile</strong></span> 
     </span>
     <span class='ocr_line' id='line_1_16' title="bbox 95 1557 1022 1639; baseline 0 -22"><span class='ocrx_word' id='word_1_110' title='bbox 95 1557 240 1617; x_wconf 87' lang='lat' dir='ltr'><strong>humanis</strong></span> <span class='ocrx_word' id='word_1_111' title='bbox 263 1557 377 1618; x_wconf 83' lang='lat' dir='ltr'><strong>viribus</strong></span> <span class='ocrx_word' id='word_1_112' title='bbox 405 1577 473 1618; x_wconf 86' lang='lat' dir='ltr'><strong>eam</strong></span> <span class='ocrx_word' id='word_1_113' title='bbox 496 1566 653 1638; x_wconf 87' lang='lat' dir='ltr'><strong>praestare</strong></span> <span class='ocrx_word' id='word_1_114' title='bbox 665 1606 674 1639; x_wconf 96' lang='lat'><strong>,</strong></span> <span class='ocrx_word' id='word_1_115' title='bbox 703 1564 795 1638; x_wconf 86' lang='lat' dir='ltr'><strong>atque</strong></span> <span class='ocrx_word' id='word_1_116' title='bbox 827 1558 878 1618; x_wconf 91' lang='lat' dir='ltr'><strong>bic</strong></span> <span class='ocrx_word' id='word_1_117' title='bbox 900 1559 1022 1637; x_wconf 88' lang='lat' dir='ltr'><strong>quidem</strong></span> 
     </span>
     <span class='ocr_line' id='line_1_17' title="bbox 95 1640 1023 1720; baseline 0.002 -21"><span class='ocrx_word' id='word_1_118' title='bbox 95 1659 168 1701; x_wconf 88' lang='lat' dir='ltr'><strong>sese</strong></span> <span class='ocrx_word' id='word_1_119' title='bbox 190 1640 305 1705; x_wconf 86' lang='lat' dir='ltr'><strong>exserit</strong></span> <span class='ocrx_word' id='word_1_120' title='bbox 316 1640 369 1701; x_wconf 84' lang='lat' dir='ltr'><strong>itta</strong></span> <span class='ocrx_word' id='word_1_121' title='bbox 381 1643 501 1720; x_wconf 88' lang='lat' dir='ltr'><strong>peceati</strong></span> <span class='ocrx_word' id='word_1_122' title='bbox 523 1643 568 1702; x_wconf 92' lang='lat' dir='ltr'><strong>vis</strong></span> <span class='ocrx_word' id='word_1_123' title='bbox 592 1648 622 1702; x_wconf 89' lang='lat' dir='ltr'><strong>et</strong></span> <span class='ocrx_word' id='word_1_124' title='bbox 644 1643 783 1720; x_wconf 90' lang='lat' dir='ltr'><strong>potentia</strong></span> <span class='ocrx_word' id='word_1_125' title='bbox 806 1642 923 1719; x_wconf 89' lang='lat' dir='ltr'><strong>mortis,</strong></span> <span class='ocrx_word' id='word_1_126' title='bbox 944 1641 1023 1701; x_wconf 85' lang='lat' dir='ltr'><strong>haec</strong></span> 
     </span>
     <span class='ocr_line' id='line_1_18' title="bbox 96 1721 1022 1803; baseline 0 -20"><span class='ocrx_word' id='word_1_127' title='bbox 96 1729 145 1784; x_wconf 86' lang='lat' dir='ltr'><strong>est</strong></span> <span class='ocrx_word' id='word_1_128' title='bbox 166 1722 221 1784; x_wconf 85' lang='lat' dir='ltr'><strong>illa</strong></span> <span class='ocrx_word' id='word_1_129' title='bbox 242 1722 332 1785; x_wconf 88' lang='lat' dir='ltr'><strong>hasta</strong></span> <span class='ocrx_word' id='word_1_130' title='bbox 352 1721 476 1785; x_wconf 82' lang='lat' dir='ltr'><strong>Goliath</strong></span> <span class='ocrx_word' id='word_1_131' title='bbox 498 1726 667 1784; x_wconf 82' lang='lat' dir='ltr'><strong>immensae</strong></span> <span class='ocrx_word' id='word_1_132' title='bbox 685 1724 913 1803; x_wconf 74' lang='lat' dir='ltr'><strong>magnitudinis,</strong></span> <span class='ocrx_word' id='word_1_133' title='bbox 937 1724 1022 1785; x_wconf 92' lang='lat' dir='ltr'><strong>cuius</strong></span> 
     </span>
     <span class='ocr_line' id='line_1_19' title="bbox 100 1806 1024 1887; baseline 0 -21"><span class='ocrx_word' id='word_1_134' title='bbox 100 1806 205 1886; x_wconf 89' lang='lat' dir='ltr'><strong>cuspis</strong></span> <span class='ocrx_word' id='word_1_135' title='bbox 227 1812 393 1867; x_wconf 87' lang='lat' dir='ltr'><strong>sexcentos</strong></span> <span class='ocrx_word' id='word_1_136' title='bbox 416 1806 495 1868; x_wconf 86' lang='lat' dir='ltr'><strong>ceris</strong></span> <span class='ocrx_word' id='word_1_137' title='bbox 524 1807 617 1869; x_wconf 89' lang='lat' dir='ltr'><strong>siclos</strong></span> <span class='ocrx_word' id='word_1_138' title='bbox 639 1807 766 1887; x_wconf 85' lang='lat' dir='ltr'><strong>pendet.</strong></span> <span class='ocrx_word' id='word_1_139' title='bbox 815 1807 949 1886; x_wconf 85' lang='lat' dir='ltr'><strong>Fugiunt</strong></span> <span class='ocrx_word' id='word_1_140' title='bbox 971 1807 1024 1887; x_wconf 88' lang='lat' dir='ltr'><strong>igi-</strong></span> 
     </span>
     <span class='ocr_line' id='line_1_20' title="bbox 97 1888 1024 1971; baseline -0.001 -21"><span class='ocrx_word' id='word_1_141' title='bbox 97 1895 147 1950; x_wconf 90' lang='lat' dir='ltr'><strong>tur</strong></span> <span class='ocrx_word' id='word_1_142' title='bbox 170 1907 241 1948; x_wconf 90' lang='lat' dir='ltr'><strong>enm</strong></span> <span class='ocrx_word' id='word_1_143' title='bbox 264 1907 373 1950; x_wconf 85' lang='lat' dir='ltr'><strong>omnes</strong></span> <span class='ocrx_word' id='word_1_144' title='bbox 394 1889 561 1968; x_wconf 83' lang='lat' dir='ltr'><strong>israelitae,</strong></span> <span class='ocrx_word' id='word_1_145' title='bbox 582 1897 707 1971; x_wconf 86' lang='lat' dir='ltr'><strong>praeter</strong></span> <span class='ocrx_word' id='word_1_146' title='bbox 728 1891 850 1951; x_wconf 88' lang='lat' dir='ltr'><strong>unicum</strong></span> <span class='ocrx_word' id='word_1_147' title='bbox 862 1888 1024 1971; x_wconf 78' lang='lat' dir='ltr'><strong>Davidem,</strong></span> 
     </span>
     <span class='ocr_line' id='line_1_21' title="bbox 97 1971 1024 2054; baseline -0.001 -21"><span class='ocrx_word' id='word_1_148' title='bbox 97 1971 130 2033; x_wconf 92' lang='lat' dir='ltr'><strong>id</strong></span> <span class='ocrx_word' id='word_1_149' title='bbox 165 1976 230 2048; x_wconf 87' lang='lat' dir='ltr'><strong>est,</strong></span> <span class='ocrx_word' id='word_1_150' title='bbox 255 1971 406 2033; x_wconf 82' lang='lat' dir='ltr'><strong>Christum</strong></span> <span class='ocrx_word' id='word_1_151' title='bbox 428 1979 568 2033; x_wconf 87' lang='lat' dir='ltr'><strong>nostrum</strong></span> <span class='ocrx_word' id='word_1_152' title='bbox 591 1975 778 2054; x_wconf 90' lang='lat' dir='ltr'><strong>Dominum,</strong></span> <span class='ocrx_word' id='word_1_153' title='bbox 819 1975 871 2053; x_wconf 91' lang='lat' dir='ltr'><strong>qui</strong></span> <span class='ocrx_word' id='word_1_154' title='bbox 905 1972 1024 2033; x_wconf 89' lang='lat' dir='ltr'><strong>nesab</strong></span> 
     </span>
     <span class='ocr_line' id='line_1_22' title="bbox 97 2055 1024 2135; baseline -0.001 -18"><span class='ocrx_word' id='word_1_155' title='bbox 97 2055 242 2118; x_wconf 90' lang='lat' dir='ltr'><strong>omnibus</strong></span> <span class='ocrx_word' id='word_1_156' title='bbox 265 2055 326 2115; x_wconf 84' lang='lat' dir='ltr'><strong>illis</strong></span> <span class='ocrx_word' id='word_1_157' title='bbox 349 2056 492 2117; x_wconf 87' lang='lat' dir='ltr'><strong>monstris</strong></span> <span class='ocrx_word' id='word_1_158' title='bbox 514 2055 662 2119; x_wconf 86' lang='lat' dir='ltr'><strong>liberavit.</strong></span> <span class='ocrx_word' id='word_1_159' title='bbox 702 2057 767 2118; x_wconf 89' lang='lat' dir='ltr'><strong>Nisi</strong></span> <span class='ocrx_word' id='word_1_160' title='bbox 790 2059 870 2117; x_wconf 92' lang='lat' dir='ltr'><strong>enim</strong></span> <span class='ocrx_word' id='word_1_161' title='bbox 893 2055 1024 2135; x_wconf 86' lang='lat' dir='ltr'><strong>glorium</strong></span> 
     </span>
     <span class='ocr_line' id='line_1_23' title="bbox 98 2137 1024 2220; baseline 0.001 -22"><span class='ocrx_word' id='word_1_162' title='bbox 98 2137 201 2199; x_wconf 87' lang='lat' dir='ltr'><strong>vultus</strong></span> <span class='ocrx_word' id='word_1_163' title='bbox 234 2139 333 2200; x_wconf 83' lang='lat' dir='ltr'><strong>Musis</strong></span> <span class='ocrx_word' id='word_1_164' title='bbox 369 2139 506 2200; x_wconf 78' lang='lat' dir='ltr'><strong>Christus</strong></span> <span class='ocrx_word' id='word_1_165' title='bbox 542 2141 657 2202; x_wconf 88' lang='lat' dir='ltr'><strong>maiore</strong></span> <span class='ocrx_word' id='word_1_166' title='bbox 699 2139 798 2220; x_wconf 87' lang='lat' dir='ltr'><strong>gloria</strong></span> <span class='ocrx_word' id='word_1_167' title='bbox 837 2139 1024 2218; x_wconf 85' lang='lat' dir='ltr'><strong>obscuraret,</strong></span> 
     </span>
     <span class='ocr_line' id='line_1_24' title="bbox 99 2221 1025 2302; baseline 0 -20"><span class='ocrx_word' id='word_1_168' title='bbox 99 2240 194 2282; x_wconf 91' lang='lat' dir='ltr'><strong>nemo</strong></span> <span class='ocrx_word' id='word_1_169' title='bbox 217 2221 303 2281; x_wconf 84' lang='lat' dir='ltr'><strong>illum</strong></span> <span class='ocrx_word' id='word_1_170' title='bbox 325 2221 576 2301; x_wconf 84' lang='lat' dir='ltr'><strong>legisfnlgorem,</strong></span> <span class='ocrx_word' id='word_1_171' title='bbox 600 2223 660 2283; x_wconf 89' lang='lat' dir='ltr'><strong>hoe</strong></span> <span class='ocrx_word' id='word_1_172' title='bbox 678 2231 725 2283; x_wconf 92' lang='lat' dir='ltr'><strong>est</strong></span> <span class='ocrx_word' id='word_1_173' title='bbox 746 2223 865 2302; x_wconf 86' lang='lat' dir='ltr'><strong>peccati</strong></span> <span class='ocrx_word' id='word_1_174' title='bbox 888 2242 925 2282; x_wconf 89' lang='lat' dir='ltr'><strong>ac</strong></span> <span class='ocrx_word' id='word_1_175' title='bbox 947 2242 1025 2283; x_wconf 90' lang='lat' dir='ltr'><strong>mor·</strong></span> 
     </span>
     <span class='ocr_line' id='line_1_25' title="bbox 98 2304 1025 2385; baseline 0 -20"><span class='ocrx_word' id='word_1_176' title='bbox 98 2306 138 2365; x_wconf 91' lang='lat' dir='ltr'><strong>tis</strong></span> <span class='ocrx_word' id='word_1_177' title='bbox 161 2308 306 2384; x_wconf 87' lang='lat' dir='ltr'><strong>terrores,</strong></span> <span class='ocrx_word' id='word_1_178' title='bbox 324 2304 459 2385; x_wconf 82' lang='lat' dir='ltr'><strong>perferre</strong></span> <span class='ocrx_word' id='word_1_179' title='bbox 480 2314 595 2384; x_wconf 87' lang='lat' dir='ltr'><strong>posset.</strong></span> <span class='ocrx_word' id='word_1_180' title='bbox 629 2306 666 2365; x_wconf 90' lang='lat' dir='ltr'><strong>Hi</strong></span> <span class='ocrx_word' id='word_1_181' title='bbox 685 2307 776 2385; x_wconf 86' lang='lat' dir='ltr'><strong>igitur</strong></span> <span class='ocrx_word' id='word_1_182' title='bbox 799 2306 904 2366; x_wconf 87' lang='lat' dir='ltr'><strong>omnia</strong></span> <span class='ocrx_word' id='word_1_183' title='bbox 920 2324 1025 2385; x_wconf 87' lang='lat' dir='ltr'><strong>opera,</strong></span> 
     </span>
     <span class='ocr_line' id='line_1_26' title="bbox 99 2387 1023 2467; baseline -0.002 -19"><span class='ocrx_word' id='word_1_184' title='bbox 99 2406 225 2448; x_wconf 91' lang='lat' dir='ltr'><strong>omnem</strong></span> <span class='ocrx_word' id='word_1_185' title='bbox 255 2387 536 2467; x_wconf 84' lang='lat' dir='ltr'><strong>praesumptionem</strong></span> <span class='ocrx_word' id='word_1_186' title='bbox 565 2387 605 2449; x_wconf 93' lang='lat' dir='ltr'><strong>de</strong></span> <span class='ocrx_word' id='word_1_187' title='bbox 638 2390 701 2448; x_wconf 92' lang='lat' dir='ltr'><strong>suis</strong></span> <span class='ocrx_word' id='word_1_188' title='bbox 731 2389 844 2449; x_wconf 90' lang='lat' dir='ltr'><strong>viribus</strong></span> <span class='ocrx_word' id='word_1_189' title='bbox 866 2387 1023 2466; x_wconf 87' lang='lat' dir='ltr'><strong>abiiciunt,</strong></span> 
     </span>
     <span class='ocr_line' id='line_1_27' title="bbox 98 2469 1024 2552; baseline -0.001 -21"><span class='ocrx_word' id='word_1_190' title='bbox 98 2488 202 2550; x_wconf 90' lang='lat' dir='ltr'><strong>neque</strong></span> <span class='ocrx_word' id='word_1_191' title='bbox 224 2469 316 2531; x_wconf 88' lang='lat' dir='ltr'><strong>alium</strong></span> <span class='ocrx_word' id='word_1_192' title='bbox 340 2471 418 2550; x_wconf 85' lang='lat' dir='ltr'><strong>legis</strong></span> <span class='ocrx_word' id='word_1_193' title='bbox 440 2478 554 2531; x_wconf 90' lang='lat' dir='ltr'><strong>norunt</strong></span> <span class='ocrx_word' id='word_1_194' title='bbox 576 2491 682 2552; x_wconf 90' lang='lat' dir='ltr'><strong>usum,</strong></span> <span class='ocrx_word' id='word_1_195' title='bbox 707 2490 799 2550; x_wconf 86' lang='lat' dir='ltr'><strong>quam</strong></span> <span class='ocrx_word' id='word_1_196' title='bbox 824 2477 856 2531; x_wconf 90' lang='lat' dir='ltr'><strong>ut</strong></span> <span class='ocrx_word' id='word_1_197' title='bbox 878 2490 934 2551; x_wconf 90' lang='lat' dir='ltr'><strong>per</strong></span> <span class='ocrx_word' id='word_1_198' title='bbox 956 2490 1024 2531; x_wconf 89' lang='lat' dir='ltr'><strong>eam</strong></span> 
     </span>
     <span class='ocr_line' id='line_1_28' title="bbox 96 2552 1025 2634; baseline 0 -21"><span class='ocrx_word' id='word_1_199' title='bbox 96 2560 229 2633; x_wconf 87' lang='lat' dir='ltr'><strong>peecata</strong></span> <span class='ocrx_word' id='word_1_200' title='bbox 251 2573 308 2614; x_wconf 90' lang='lat' dir='ltr'><strong>sua</strong></span> <span class='ocrx_word' id='word_1_201' title='bbox 329 2560 520 2634; x_wconf 80' lang='lat' dir='ltr'><strong>agnoscant,</strong></span> <span class='ocrx_word' id='word_1_202' title='bbox 551 2561 582 2615; x_wconf 87' lang='lat' dir='ltr'><strong>et</strong></span> <span class='ocrx_word' id='word_1_203' title='bbox 605 2556 715 2615; x_wconf 85' lang='lat' dir='ltr'><strong>misere</strong></span> <span class='ocrx_word' id='word_1_204' title='bbox 744 2553 919 2615; x_wconf 87' lang='lat' dir='ltr'><strong>desiderent</strong></span> <span class='ocrx_word' id='word_1_205' title='bbox 941 2552 1025 2613; x_wconf 81' lang='lat' dir='ltr'><strong>Chri·</strong></span> 
     </span>
     <span class='ocr_line' id='line_1_29' title="bbox 97 2636 1024 2721; baseline -0.002 -25"><span class='ocrx_word' id='word_1_206' title='bbox 97 2645 190 2716; x_wconf 91' lang='lat' dir='ltr'><strong>stnm,</strong></span> <span class='ocrx_word' id='word_1_207' title='bbox 213 2637 296 2716; x_wconf 93' lang='lat' dir='ltr'><strong>quod</strong></span> <span class='ocrx_word' id='word_1_208' title='bbox 319 2637 443 2721; x_wconf 88' lang='lat' dir='ltr'><strong>proprie</strong></span> <span class='ocrx_word' id='word_1_209' title='bbox 465 2637 559 2698; x_wconf 90' lang='lat' dir='ltr'><strong>Mosis</strong></span> <span class='ocrx_word' id='word_1_210' title='bbox 582 2636 717 2698; x_wconf 87' lang='lat' dir='ltr'><strong>officinm</strong></span> <span class='ocrx_word' id='word_1_211' title='bbox 738 2643 786 2697; x_wconf 92' lang='lat' dir='ltr'><strong>est</strong></span> <span class='ocrx_word' id='word_1_212' title='bbox 807 2643 838 2696; x_wconf 90' lang='lat' dir='ltr'><strong>et</strong></span> <span class='ocrx_word' id='word_1_213' title='bbox 860 2654 1024 2715; x_wconf 84' lang='lat' dir='ltr'><strong>germanus</strong></span> 
     </span>
     <span class='ocr_line' id='line_1_30' title="bbox 98 2719 284 2781; baseline 0.005 -2"><span class='ocrx_word' id='word_1_214' title='bbox 98 2719 107 2779; x_wconf 88' lang='grc' dir='ltr'>Ι</span> <span class='ocrx_word' id='word_1_215' title='bbox 152 2719 159 2732; x_wconf 85' lang='grc'><strong>“</strong></span> <span class='ocrx_word' id='word_1_216' title='bbox 200 2738 284 2781; x_wconf 89' lang='lat' dir='ltr'><strong>usus.</strong></span> 
     </span>
    </p>

    <p class='ocr_par' dir='ltr' id='par_1_6' title="bbox 97 2738 1026 3799">
     <span class='ocr_line' id='line_1_31' title="bbox 109 2738 1021 2885; baseline 0 -22"><span class='ocrx_word' id='word_1_217' title='bbox 109 2738 238 2863; x_wconf 66' lang='lat' dir='ltr'><strong>egleSic</strong></span> <span class='ocrx_word' id='word_1_218' title='bbox 260 2802 402 2864; x_wconf 89' lang='lat' dir='ltr'><strong>etMoses</strong></span> <span class='ocrx_word' id='word_1_219' title='bbox 416 2805 484 2885; x_wconf 89' lang='lat' dir='ltr'><strong>ipse</strong></span> <span class='ocrx_word' id='word_1_220' title='bbox 500 2807 628 2864; x_wconf 87' lang='lat' dir='ltr'><strong>testatus</strong></span> <span class='ocrx_word' id='word_1_221' title='bbox 651 2808 699 2863; x_wconf 90' lang='lat' dir='ltr'><strong>est</strong></span> <span class='ocrx_word' id='word_1_222' title='bbox 720 2821 807 2862; x_wconf 88' lang='lat' dir='ltr'><strong>suum</strong></span> <span class='ocrx_word' id='word_1_223' title='bbox 831 2800 966 2863; x_wconf 82' lang='lat' dir='ltr'><strong>officium</strong></span> <span class='ocrx_word' id='word_1_224' title='bbox 989 2808 1021 2863; x_wconf 92' lang='lat' dir='ltr'><strong>et</strong></span> 
     </span>
     <span class='ocr_line' id='line_1_32' title="bbox 101 2884 1024 2964; baseline -0.001 -19"><span class='ocrx_word' id='word_1_225' title='bbox 101 2884 276 2945; x_wconf 87' lang='lat' dir='ltr'><strong>doctrinam</strong></span> <span class='ocrx_word' id='word_1_226' title='bbox 297 2905 384 2946; x_wconf 87' lang='lat' dir='ltr'><strong>suam</strong></span> <span class='ocrx_word' id='word_1_227' title='bbox 407 2906 471 2949; x_wconf 94' lang='lat' dir='ltr'><strong>non</strong></span> <span class='ocrx_word' id='word_1_228' title='bbox 506 2885 618 2946; x_wconf 91' lang='lat' dir='ltr'><strong>diutius</strong></span> <span class='ocrx_word' id='word_1_229' title='bbox 643 2885 835 2964; x_wconf 84' lang='lat' dir='ltr'><strong>duraturam,</strong></span> <span class='ocrx_word' id='word_1_230' title='bbox 864 2904 956 2964; x_wconf 87' lang='lat' dir='ltr'><strong>quam</strong></span> <span class='ocrx_word' id='word_1_231' title='bbox 985 2885 1024 2945; x_wconf 89' lang='lat' dir='ltr'><strong>ed</strong></span> 
     </span>
     <span class='ocr_line' id='line_1_33' title="bbox 99 2967 1025 3047; baseline -0.001 -19"><span class='ocrx_word' id='word_1_232' title='bbox 99 2967 212 3029; x_wconf 82' lang='lat' dir='ltr'><strong>Christi</strong></span> <span class='ocrx_word' id='word_1_233' title='bbox 251 2967 437 3047; x_wconf 89' lang='lat' dir='ltr'><strong>adventum,</strong></span> <span class='ocrx_word' id='word_1_234' title='bbox 466 2989 539 3030; x_wconf 89' lang='lat' dir='ltr'><strong>nam</strong></span> <span class='ocrx_word' id='word_1_235' title='bbox 574 2969 664 3031; x_wconf 90' lang='lat' dir='ltr'><strong>Deut.</strong></span> <span class='ocrx_word' id='word_1_236' title='bbox 695 2970 743 3033; x_wconf 84' lang='lat'><strong>18.</strong></span> <span class='ocrx_word' id='word_1_237' title='bbox 767 2970 811 3028; x_wconf 90' lang='lat' dir='ltr'><strong>sic</strong></span> <span class='ocrx_word' id='word_1_238' title='bbox 844 2970 904 3029; x_wconf 89' lang='lat' dir='ltr'><strong>ait:</strong></span> <span class='ocrx_word' id='word_1_239' title='bbox 942 2968 1025 3028; x_wconf 89' lang='lat' dir='ltr'><strong>Deus</strong></span> 
     </span>
     <span class='ocr_line' id='line_1_34' title="bbox 98 3050 1024 3134; baseline -0.002 -21"><span class='ocrx_word' id='word_1_240' title='bbox 98 3071 139 3113; x_wconf 86' lang='lat' dir='ltr'><strong>ex</strong></span> <span class='ocrx_word' id='word_1_241' title='bbox 161 3051 303 3112; x_wconf 87' lang='lat' dir='ltr'><strong>fratribus</strong></span> <span class='ocrx_word' id='word_1_242' title='bbox 325 3052 384 3112; x_wconf 90' lang='lat' dir='ltr'><strong>tuis</strong></span> <span class='ocrx_word' id='word_1_243' title='bbox 406 3053 591 3134; x_wconf 84' lang='lat' dir='ltr'><strong>prophetam</strong></span> <span class='ocrx_word' id='word_1_244' title='bbox 614 3050 668 3113; x_wconf 90' lang='lat' dir='ltr'><strong>tibi</strong></span> <span class='ocrx_word' id='word_1_245' title='bbox 690 3051 846 3131; x_wconf 77' lang='lat' dir='ltr'><strong>excitabit,</strong></span> <span class='ocrx_word' id='word_1_246' title='bbox 869 3054 947 3113; x_wconf 88' lang='lat' dir='ltr'><strong>sicut</strong></span> <span class='ocrx_word' id='word_1_247' title='bbox 963 3070 1024 3126; x_wconf 91' lang='lat' dir='ltr'><strong>me,</strong></span> 
     </span>
     <span class='ocr_line' id='line_1_35' title="bbox 98 3132 1026 3216; baseline 0 -23"><span class='ocrx_word' id='word_1_248' title='bbox 98 3133 184 3194; x_wconf 85' lang='lat' dir='ltr'><strong>illum</strong></span> <span class='ocrx_word' id='word_1_249' title='bbox 207 3132 323 3200; x_wconf 85' lang='lat' dir='ltr'><strong>audies.</strong></span> <span class='ocrx_word' id='word_1_250' title='bbox 367 3136 469 3216; x_wconf 86' lang='lat' dir='ltr'><strong>Atque</strong></span> <span class='ocrx_word' id='word_1_251' title='bbox 492 3154 529 3196; x_wconf 86' lang='lat' dir='ltr'><strong>ea</strong></span> <span class='ocrx_word' id='word_1_252' title='bbox 562 3135 685 3215; x_wconf 91' lang='lat' dir='ltr'><strong>quidem</strong></span> <span class='ocrx_word' id='word_1_253' title='bbox 708 3136 862 3195; x_wconf 88' lang='lat' dir='ltr'><strong>sententia</strong></span> <span class='ocrx_word' id='word_1_254' title='bbox 890 3136 1026 3195; x_wconf 90' lang='lat' dir='ltr'><strong>omnium</strong></span> 
     </span>
     <span class='ocr_line' id='line_1_36' title="bbox 98 3216 1026 3299; baseline 0 -22"><span class='ocrx_word' id='word_1_255' title='bbox 98 3218 129 3277; x_wconf 90' lang='lat' dir='ltr'><strong>in</strong></span> <span class='ocrx_word' id='word_1_256' title='bbox 152 3217 241 3278; x_wconf 87' lang='lat' dir='ltr'><strong>Mose</strong></span> <span class='ocrx_word' id='word_1_257' title='bbox 259 3225 306 3278; x_wconf 91' lang='lat' dir='ltr'><strong>est</strong></span> <span class='ocrx_word' id='word_1_258' title='bbox 333 3219 619 3299; x_wconf 85' lang='lat' dir='ltr'><strong>praestantissime,</strong></span> <span class='ocrx_word' id='word_1_259' title='bbox 651 3237 712 3297; x_wconf 89' lang='lat' dir='ltr'><strong>qua</strong></span> <span class='ocrx_word' id='word_1_260' title='bbox 746 3224 777 3278; x_wconf 91' lang='lat' dir='ltr'><strong>et</strong></span> <span class='ocrx_word' id='word_1_261' title='bbox 808 3216 942 3297; x_wconf 87' lang='lat' dir='ltr'><strong>apostoli</strong></span> <span class='ocrx_word' id='word_1_262' title='bbox 978 3217 1026 3277; x_wconf 91' lang='lat' dir='ltr'><strong>usi</strong></span> 
     </span>
     <span class='ocr_line' id='line_1_37' title="bbox 99 3299 1025 3381; baseline 0 -22"><span class='ocrx_word' id='word_1_263' title='bbox 99 3308 171 3360; x_wconf 87' lang='lat' dir='ltr'><strong>sunt</strong></span> <span class='ocrx_word' id='word_1_264' title='bbox 192 3301 366 3381; x_wconf 80' lang='lat' dir='ltr'><strong>gravissimi</strong></span> <span class='ocrx_word' id='word_1_265' title='bbox 389 3301 556 3364; x_wconf 88' lang='lat' dir='ltr'><strong>testimonii</strong></span> <span class='ocrx_word' id='word_1_266' title='bbox 586 3301 681 3379; x_wconf 92' lang='lat' dir='ltr'><strong>loco,</strong></span> <span class='ocrx_word' id='word_1_267' title='bbox 720 3300 757 3361; x_wconf 89' lang='lat' dir='ltr'><strong>ad</strong></span> <span class='ocrx_word' id='word_1_268' title='bbox 782 3299 1025 3361; x_wconf 82' lang='lat' dir='ltr'><strong>confirmandum</strong></span> 
     </span>
     <span class='ocr_line' id='line_1_38' title="bbox 97 3383 1026 3465; baseline -0.001 -22"><span class='ocrx_word' id='word_1_269' title='bbox 97 3383 303 3465; x_wconf 78' lang='lat' dir='ltr'><strong>Evangelium</strong></span> <span class='ocrx_word' id='word_1_270' title='bbox 328 3388 358 3444; x_wconf 88' lang='lat' dir='ltr'><strong>et</strong></span> <span class='ocrx_word' id='word_1_271' title='bbox 380 3386 418 3446; x_wconf 88' lang='lat' dir='ltr'><strong>ad</strong></span> <span class='ocrx_word' id='word_1_272' title='bbox 441 3386 541 3464; x_wconf 86' lang='lat' dir='ltr'><strong>legem</strong></span> <span class='ocrx_word' id='word_1_273' title='bbox 565 3383 797 3463; x_wconf 84' lang='lat' dir='ltr'><strong>abrogandam,</strong></span> <span class='ocrx_word' id='word_1_274' title='bbox 827 3392 858 3444; x_wconf 90' lang='lat' dir='ltr'><strong>et</strong></span> <span class='ocrx_word' id='word_1_275' title='bbox 879 3402 978 3461; x_wconf 85' lang='lat' dir='ltr'><strong>sene,</strong></span> <span class='ocrx_word' id='word_1_276' title='bbox 1000 3384 1026 3442; x_wconf 92' lang='lat' dir='ltr'><strong>si</strong></span> 
     </span>
     <span class='ocr_line' id='line_1_39' title="bbox 100 3466 1024 3548; baseline -0.001 -22"><span class='ocrx_word' id='word_1_277' title='bbox 100 3467 167 3546; x_wconf 87' lang='lat' dir='ltr'><strong>quis</strong></span> <span class='ocrx_word' id='word_1_278' title='bbox 191 3467 367 3547; x_wconf 85' lang='lat' dir='ltr'><strong>diligentius</strong></span> <span class='ocrx_word' id='word_1_279' title='bbox 390 3488 457 3530; x_wconf 90' lang='lat' dir='ltr'><strong>eam</strong></span> <span class='ocrx_word' id='word_1_280' title='bbox 480 3468 692 3548; x_wconf 89' lang='lat' dir='ltr'><strong>introspiciat,</strong></span> <span class='ocrx_word' id='word_1_281' title='bbox 715 3469 740 3528; x_wconf 90' lang='lat' dir='ltr'><strong>is</strong></span> <span class='ocrx_word' id='word_1_282' title='bbox 763 3466 899 3547; x_wconf 89' lang='lat' dir='ltr'><strong>videbit,</strong></span> <span class='ocrx_word' id='word_1_283' title='bbox 934 3484 1024 3544; x_wconf 88' lang='lat' dir='ltr'><strong>quam</strong></span> 
     </span>
     <span class='ocr_line' id='line_1_40' title="bbox 100 3549 1025 3632; baseline 0 -22"><span class='ocrx_word' id='word_1_284' title='bbox 100 3550 197 3610; x_wconf 86' lang='lat' dir='ltr'><strong>multa</strong></span> <span class='ocrx_word' id='word_1_285' title='bbox 233 3549 305 3611; x_wconf 92' lang='lat' dir='ltr'><strong>inde</strong></span> <span class='ocrx_word' id='word_1_286' title='bbox 326 3552 496 3632; x_wconf 84' lang='lat' dir='ltr'><strong>prophetae</strong></span> <span class='ocrx_word' id='word_1_287' title='bbox 528 3551 693 3612; x_wconf 85' lang='lat' dir='ltr'><strong>hauserint.</strong></span> <span class='ocrx_word' id='word_1_288' title='bbox 736 3550 814 3610; x_wconf 88' lang='lat' dir='ltr'><strong>Nam</strong></span> <span class='ocrx_word' id='word_1_289' title='bbox 849 3569 917 3610; x_wconf 89' lang='lat' dir='ltr'><strong>oum</strong></span> <span class='ocrx_word' id='word_1_290' title='bbox 942 3550 1025 3610; x_wconf 91' lang='lat' dir='ltr'><strong>Deus</strong></span> 
     </span>
     <span class='ocr_line' id='line_1_41' title="bbox 100 3632 1026 3716; baseline 0.002 -24"><span class='ocrx_word' id='word_1_291' title='bbox 100 3632 260 3714; x_wconf 87' lang='lat' dir='ltr'><strong>promittat</strong></span> <span class='ocrx_word' id='word_1_292' title='bbox 281 3632 374 3695; x_wconf 85' lang='lat' dir='ltr'><strong>alium</strong></span> <span class='ocrx_word' id='word_1_293' title='bbox 398 3635 515 3716; x_wconf 86' lang='lat' dir='ltr'><strong>Mosen,</strong></span> <span class='ocrx_word' id='word_1_294' title='bbox 539 3653 628 3714; x_wconf 88' lang='lat' dir='ltr'><strong>quem</strong></span> <span class='ocrx_word' id='word_1_295' title='bbox 653 3633 788 3713; x_wconf 85' lang='lat' dir='ltr'><strong>audient,</strong></span> <span class='ocrx_word' id='word_1_296' title='bbox 812 3641 894 3695; x_wconf 90' lang='lat' dir='ltr'><strong>certo</strong></span> <span class='ocrx_word' id='word_1_297' title='bbox 911 3633 1026 3711; x_wconf 76' lang='lat' dir='ltr'><strong>colligi·</strong></span> 
     </span>
     <span class='ocr_line' id='line_1_42' title="bbox 100 3716 1025 3799; baseline 0 -23"><span class='ocrx_word' id='word_1_298' title='bbox 100 3725 158 3797; x_wconf 87' lang='lat' dir='ltr'><strong>tur,</strong></span> <span class='ocrx_word' id='word_1_299' title='bbox 181 3716 264 3797; x_wconf 91' lang='lat' dir='ltr'><strong>quod</strong></span> <span class='ocrx_word' id='word_1_300' title='bbox 288 3717 314 3777; x_wconf 91' lang='lat' dir='ltr'><strong>is</strong></span> <span class='ocrx_word' id='word_1_301' title='bbox 336 3717 428 3779; x_wconf 84' lang='lat' dir='ltr'><strong>aliam</strong></span> <span class='ocrx_word' id='word_1_302' title='bbox 451 3718 604 3799; x_wconf 86' lang='lat' dir='ltr'><strong>quandam</strong></span> <span class='ocrx_word' id='word_1_303' title='bbox 625 3716 795 3779; x_wconf 90' lang='lat' dir='ltr'><strong>doctrinam</strong></span> <span class='ocrx_word' id='word_1_304' title='bbox 819 3718 858 3777; x_wconf 91' lang='lat' dir='ltr'><strong>sit</strong></span> <span class='ocrx_word' id='word_1_305' title='bbox 868 3716 1025 3795; x_wconf 86' lang='lat' dir='ltr'><strong>allaturus,</strong></span> 
     </span>
    </p>
   </div>
   <div class='ocr_carea' id='block_1_6' title="bbox 0 0 1186 4162">
    <p class='ocr_par' dir='ltr' id='par_1_7' title="bbox 0 0 1186 4162">
     <span class='ocr_line' id='line_1_43' title="bbox 0 0 1186 4162; baseline 0 0"><span class='ocrx_word' id='word_1_306' title='bbox 0 0 1186 4162; x_wconf 95' lang='lat' dir='ltr'><strong> </strong></span> 
     </span>
    </p>
   </div>
  </div>
 </body>
</html>
