2348 4162
471 234 508 293 a.
528 237 607 296 ross.
628 237 708 296 asar.
731 251 735 259 ·
982 206 1044 305 537

127 405 289 486 procedat,
313 412 444 469 caveant
465 415 496 470 et
517 414 655 470 metuant
676 407 733 468 sibi
755 407 794 469 ab
807 409 951 489 exemplo
964 408 1044 473 Ocn-

126 488 186 549 cilii
209 489 463 571 constantiensis,
487 492 517 552 in
540 510 601 570 quo
624 491 682 556 etsi
703 491 798 553 multa
828 499 952 575 etpost
982 492 1044 553 diu·

126 578 215 632 turna
236 572 266 632 vi
288 581 335 634 est
358 594 508 655 oppressa
529 576 657 655 veritas,
695 580 799 635 tamen
827 593 908 637 nunc
930 576 1045 636 exaltat

126 656 195 734 ipsa
215 655 326 716 victrix
346 663 438 738 caput
467 664 499 719 et
521 657 709 738 triumphans
729 665 865 720 ostentat
885 657 966 719 istud
978 679 1044 739 pes·

127 738 237 799 simum
261 739 497 802 conciliabulum
518 741 672 821 palamin
689 747 787 802 semet
806 743 884 822 ipsa,
907 743 1044 822 spolians

129 821 195 881 cius
218 823 421 903 principatum
451 831 482 886 at
503 823 695 905 tyrannidem
716 842 784 886 cum
807 823 928 886 fiducia.
970 825 1045 886 Erat

126 922 201 964 saue
220 906 252 965 iu
275 925 314 965 eo
336 907 468 969 concilio
491 926 563 968 cura
581 909 688 988 prima,
710 909 888 988 praesertim
902 907 1044 969 Cardine·

78 980 83 989 '
125 985 204 1047 libus
226 996 257 1048 et
276 991 409 1069 supremi
432 989 547 1051 ordinis
567 990 759 1069 hominibus,
782 997 814 1051 ut
836 990 967 1053 schisma
988 991 1044 1052 tol·

125 1070 240 1149 lereut,
273 1072 389 1133 reiecta
419 1073 540 1135 interim
563 1093 582 1135 a
603 1092 636 1133 se
669 1074 743 1154 ipsis
772 1074 930 1154 religionis
951 1092 1045 1135 causa

125 1151 164 1213 ad
187 1173 283 1232 genus
306 1154 379 1215 illud
411 1156 567 1217 hominum
590 1156 739 1237 perditum
762 1164 793 1218 et
815 1155 1044 1235 monstrifioum,

125 1235 208 1315 quod
230 1238 401 1299 monachos
421 1244 453 1299 et
474 1239 628 1319 sophistas
649 1259 813 1317 vocamus,
840 1259 859 1301 a
880 1239 989 1320 quibus
1011 1243 1045 1302 ut

126 1320 300 1382 senioribus
322 1321 514 1403 Babyloniae
545 1341 670 1402 egressa
702 1329 775 1383 tunc
810 1330 857 1384 est
889 1324 1043 1404 iniquitas,
1142 1300 1151 1337 ²

126 1400 165 1462 ad
188 1421 278 1481 quum
302 1413 427 1466 secutae
449 1406 479 1464 iu
503 1404 668 1466 Germania
696 1412 728 1465 et
749 1406 876 1466 Boemia
899 1413 944 1467 tot
965 1406 1045 1466 cala·

127 1484 259 1566 mitates,
282 1485 380 1566 bella,
401 1486 519 1567 clades,
542 1486 664 1569 caedes,
686 1487 758 1550 odia
779 1506 934 1568 nunquam
958 1508 1045 1564 saua-

126 1567 208 1629 bilia.
252 1567 377 1631 Interim
400 1570 482 1631 haud
504 1571 597 1650 paulo
621 1570 772 1633 crudelius
795 1572 902 1632 saeviit
923 1573 1044 1632 restitu-

125 1657 174 1711 tus
196 1671 214 1712 a
235 1651 401 1714 schismata
423 1661 564 1734 papatus,
586 1673 642 1735 per
651 1654 756 1715 orbem
779 1661 924 1715 terrarum
948 1652 1043 1715 eccle-

125 1735 187 1794 sias
214 1733 337 1815 replens
370 1736 537 1798 mendaciis
567 1736 743 1799 efficacibus
776 1737 813 1796 ds
835 1736 1042 1818 indulgentiis,

124 1817 224 1878 missis
248 1816 451 1880 vendibilibus
480 1837 546 1879 cum
571 1820 712 1882 omnibus
735 1819 879 1901 operibus
900 1819 1043 1881 sacerdo·

124 1908 186 1960 turn
217 1908 248 1961 et
285 1900 505 1962 monachorum
535 1909 591 1968 etc.
635 1902 665 1963 ls
696 1903 752 1963 luit
783 1902 900 1964 scilicet
928 1902 1042 1987 fructus

122 1982 210 2043 istius
242 1984 396 2045 sacerrimi
419 1983 557 2046 Ooncilii.
601 1984 704 2061 Quare
738 2004 820 2047 nunc
856 2004 917 2046 non
954 1986 1044 2046 suerit
1101 2043 1107 2051 .

124 2072 221 2127 tutum
242 2067 369 2128 istorum
392 2073 596 2129 monstrorum
624 2068 708 2129 furiis
726 2069 902 2149 permittere
923 2068 976 2131 reli
1001 2069 1043 2128 io·

123 2149 169 2209 nis
193 2168 334 2229 causam,
357 2150 420 2211 sed
457 2151 531 2232 ipsis
565 2152 624 2212 iam
647 2149 769 2232 regibus
797 2159 830 2212 ut
851 2088 1041 2233 principibus

123 2251 185 2291 una
215 2250 283 2293 cum
317 2233 471 2315 episcopis
493 2233 681 2316 vigilandum
705 2241 766 2305 est,
799 2253 839 2294 ne
861 2235 972 2295 similia
994 2234 1043 2295 vel

123 2315 229 2393 peiora
263 2323 430 2395 sequautur
461 2317 541 2377 istud
576 2336 658 2377 nuno
688 2316 835 2376 indictum
859 2312 1041 2379 Concilium.

124 2395 214 2455 Certe
236 2398 310 2456 satis
333 2396 468 2459 ostendit
490 2397 573 2460 Deus
595 2400 625 2459 in
648 2397 878 2461 Constantiensi
892 2398 1042 2480 Concilio,

122 2496 214 2557 quarn
237 2479 359 2539 resistat
381 2479 520 2558 superbis
543 2492 573 2541 et
595 2480 751 2561 dispergat
773 2481 923 2562 superbos
939 2489 1042 2543 menta

124 2559 225 2623 cordis
248 2563 293 2621 sui
316 2561 468 2623 nullorum
483 2569 752 2643 quantumcunque
764 2565 898 2625 maxima
910 2583 1043 2645 persona

122 2651 272 2723 respecta.
315 2643 412 2704 Huius
424 2645 516 2726 igitur
527 2644 744 2720 admonitionis
756 2647 855 2726 gratia
865 2647 921 2708 has
937 2648 1042 2709 emitto

123 2726 280 2806 epistolas.
326 2726 385 2803 Qui
402 2727 484 2811 polit
506 2729 584 2789 ictus
606 2748 730 2810 sapere,
754 2736 854 2808 certe,
887 2748 935 2790 mc
956 2732 1040 2789 inno·

123 2816 226 2889 ceute,
263 2811 410 2872 contritus
443 2818 559 2892 porcat.
611 2811 748 2874 Christus
780 2811 1042 2893 donet'spiritum

124 2892 231 2955 orandi
253 2891 343 2954 nobis
365 2901 396 2954 et
416 2894 462 2975 iis,
486 2895 537 2973 qui
559 2895 731 2956 Concilium
751 2895 947 2975 gubernatori
963 2894 1042 2976 sunt,

125 2976 302 3055 quaerendi,
315 2995 394 3057 quae
408 2976 477 3055 Dei,
499 2985 529 3038 et
541 2976 743 3039 obliviscendi
755 2976 802 3038 vel
817 2977 1043 3058 contemnendi,

125 3078 204 3138 quae
227 3059 362 3140 ipsorum
385 3066 464 3124 sunt.
486 3059 595 3124 Amen.

507 3387 545 3448 A.
568 3387 659 3453 1537.

122 3549 179 3630 20)
204 3550 407 3626 Praefatio
441 3550 480 3614 D.
510 3551 548 3612 ll.
576 3550 731 3612 Lutheri
770 3553 804 3612 in
839 3551 1043 3633 Epistolas

122 3632 309 3712 quasdam
328 3635 532 3715 piissimas
554 3633 1043 3699 ataruditissimasloban·

465 3719 526 3778 nis
549 3717 699 3799 Roscii,
