2348 4162
148 326 151 331 Ι
275 241 332 300 Gur
347 246 377 300 et
397 256 489 314 quom.
508 242 608 301 cnut.
628 244 713 303 Oonc.
733 242 796 303 deb.
814 258 877 303 esse
894 244 942 303 lib.
984 242 1046 311 435
1089 264 1092 269 ·

122 414 223 476 nullas
252 415 399 477 formulas
430 417 670 479 iuramentorum
700 424 792 479 antea
820 417 983 499 diligenter
1015 423 1046 478 et

121 498 270 559 insidiose
300 500 415 562 celatas
449 520 490 562 ex
526 502 658 562 tenebris
692 503 723 561 in
758 502 857 565 lucem
890 500 1045 582 produxit.

122 581 192 643 Hoc
211 584 358 662 scriptum
381 585 513 664 primum
533 586 565 646 in
582 585 692 666 vulgus
711 584 826 646 editum
849 592 896 646 est
918 584 1047 646 subhac

122 666 344 746 inscriptione:
906 709 911 717 ·
1045 700 1047 704 ν

207 748 268 809 Cur
290 756 321 809 et
339 747 345 832 Ι
363 749 521 830 quomodo
536 751 617 812 Chri·
637 749 642 834 Ι
661 752 792 812 alianum
809 751 980 812 Concilium
995 751 1046 812 de·

164 831 238 892 beat
254 835 261 912 Ι
279 851 349 894 esse
361 833 500 895 Liberum
520 839 524 912 Ι
543 833 622 896 Item
645 835 682 894 de
704 836 916 895 coniuratione
935 842 940 914 Ι
959 834 1046 914 Papi·
1136 877 1142 888 .

164 917 314 995 starum}
354 916 442 992 Quae
474 918 504 977 in
542 917 676 979 tenebris
699 917 834 997 dixistis,
868 920 898 978 in
932 918 1046 978 lumine

149 1017 218 1058 au·
238 999 244 1075 Ι
263 999 392 1078 dientur,
416 1007 446 1060 et
468 1000 551 1079 quod
572 1003 602 1060 in
625 1020 729 1062 aurem
753 1000 861 1081 locu-'l
880 1003 901 1060 ti
924 1002 997 1061 estis
1014 1001 1044 1061 in
1122 1022 1125 1027 ·
1154 1004 1158 1009 ’

164 1081 375 1162 conclavibus,
398 1081 515 1162 praedi·
534 1083 539 1166 Ι
558 1084 675 1144 cabitur
696 1087 727 1144 in
749 1085 847 1148 tectis.
869 1080 941 1146 Luc.
954 1080 1027 1165 12.1

166 1169 209 1240 (s.
235 1164 272 1240 l.)
300 1167 389 1230 1537.
413 1167 440 1230 8.
484 1166 517 1226 ln
540 1166 615 1226 fine:
649 1167 807 1247 Exsurge,
830 1168 979 1245 Domine,
1003 1168 1046 1226 iu·

165 1247 235 1308 dica
256 1264 381 1309 causam
406 1256 501 1325 tuam,
523 1249 655 1311 Vindice
677 1253 858 1331 sangninem
884 1268 1044 1311 servorum

163 1337 296 1411 tuorum,
320 1333 371 1410 qui
392 1331 506 1392 effusus
530 1340 586 1397 est.
609 1334 717 1397 Amen.
761 1333 947 1415 lmpressum
960 1333 1044 1394 Vite·

164 1414 219 1475 bsr
242 1434 280 1474 ae
302 1433 357 1493 per
379 1414 542 1494 losephum
565 1413 659 1496 Klug.
683 1414 772 1481 1537.

232 1518 254 1557 x
275 1496 335 1557 hac
367 1498 501 1559 editione
524 1499 680 1580 originali,
715 1517 795 1578 quae
827 1497 916 1560 nobis
938 1518 979 1559 ex
1001 1498 1045 1558 bi-

121 1577 279 1641 bliotheca
299 1579 577 1662 regiaMonscensi
599 1587 725 1662 praesto
747 1588 823 1660 erat,
846 1601 904 1642 nos
927 1587 1043 1642 textum
1171 1582 1173 1589 '

120 1659 210 1724 buius
232 1663 298 1724 libri
321 1665 403 1745 typis
425 1664 639 1727 excudendum
651 1667 834 1727 curavimus.
875 1665 1046 1726 Memorato
1145 1682 1149 1687 ·

122 1751 226 1807 aulem
249 1745 374 1826 dignum
399 1747 533 1824 videtur,
567 1749 597 1808 in
620 1749 758 1828 margine
779 1749 867 1808 huius
890 1750 1045 1828 exempla

121 1831 164 1890 ris
182 1829 378 1891 Monacensis
405 1830 444 1892 ab
467 1832 592 1910 antiquo
614 1850 796 1912 possessore
817 1833 962 1911 scriptum
985 1833 1054 1917 hoc,

122 1911 201 1993 legi:
236 1912 354 1974 Huius
377 1912 504 1974 libelli
533 1924 674 1976 auctor
696 1922 757 1974 est
779 1914 957 1977 Urbanus
980 1915 1044 1975 Re·

122 1997 222 2076 gius,
254 2014 377 2078 exque
408 1997 531 2076 quidem
552 2005 627 2059 nota
650 1999 803 2059 coniicere
825 1999 918 2076 licet,
950 1998 1044 2058 luisse

121 2080 331 2159 superioribus
354 2081 553 2162 temporibus,
575 2082 626 2161 qui
644 2080 846 2142 hunclibrum
869 2080 908 2142 ab
919 2081 1044 2143 Urbano

120 2161 223 2242 Regio
246 2165 450 2244 compositum
473 2184 543 2226 esse
565 2165 734 2231 crederent.

206 2244 313 2307 Latine
334 2245 469 2307 redditur
491 2248 707 2328 booscriptum
730 2249 821 2309 etiam
845 2249 875 2308 in
897 2245 969 2310 edit.
980 2246 1043 2308 len.
1134 2269 1137 2274 ·

121 2328 204 2409 Opp.
226 2329 313 2393 Luth.
335 2330 386 2408 lV,
409 2332 480 2410 591,
502 2333 678 2412 germanice
698 2333 729 2391 in
752 2331 833 2412 Lips.
854 2328 941 2410 XXI,
975 2333 1044 2396 196.

123 2410 242 2473 Walch.
264 2411 348 2494 XVI,
364 2411 457 2479 2566.

120 2624 208 2723 llus
247 2630 293 2720 et
337 2626 539 2747 quomodo
576 2622 869 2718 Christianum
906 2625 1045 2722 Gonoi·
1157 2568 1161 2595 ἱ

266 2739 372 2836 lium
400 2739 553 2837 debeat
585 2765 677 2834 esse
706 2738 901 2835 liberum.
1022 2840 1026 2845 ,
1170 2778 1173 2783 ·

111 2901 114 2906 ’
211 2910 305 2971 Item
328 2912 374 2974 de
397 2912 675 2973 coniuratione
697 2911 951 2990 Papistarum.

207 3077 283 3138 (lum
306 3078 519 3139 Paulushuius
536 3078 668 3137 nominis
691 3077 807 3156 tertius,
830 3077 972 3138 Pontifex
985 3078 1044 3139 Ro·

122 3179 242 3240 manus,
266 3161 438 3222 Concilium
460 3161 605 3241 generale
627 3161 687 3220 hoc
708 3178 800 3236 anno,
823 3161 874 3238 qui
894 3167 942 3222 est
964 3180 1044 3222 ana-

121 3245 242 3304 tivitate
255 3245 378 3307 Domini
391 3244 568 3305 millesimus
591 3244 852 3323 quingentesimus
875 3246 1044 3305 tricesimus

121 3327 286 3406 septimus,
321 3327 466 3389 Mantuae
488 3326 704 3388 celebrandum
727 3323 885 3403 indixerit,
908 3327 1044 3388 animad-

122 3417 210 3471 verto
233 3412 399 3472 nonnullos
434 3411 588 3491 simplices
622 3410 762 3470 homines
791 3427 934 3489 magnam
954 3430 1043 3490 spem

121 3493 276 3554 ecclesiae
306 3494 520 3556 reformandae
553 3491 789 3572 sinceriorisque
820 3491 978 3555 doctrinae
1000 3513 1044 3554 re

122 3577 297 3639 stitusndae
319 3579 519 3659 concepisse,
552 3594 630 3655 quos
653 3583 754 3636 lamen
777 3594 832 3654 pro
855 3596 911 3636 sua
933 3576 1044 3656 simpli-

122 3659 217 3720 citate
249 3678 411 3741 rerumque
449 3661 602 3740 imperitia
635 3658 846 3720 miserabiliter
879 3679 980 3720 errare
1007 3678 1045 3720 ac

120 3743 295 3823 periculose
318 3745 378 3805 falli
394 3743 713 3824 nequaquamdubito.
756 3742 834 3802 Nam
857 3761 964 3831 omnes
982 3742 1044 3804 ubi-

770 3824 835 3888 28*
