2348 4162
376 256 464 313 virum
481 256 611 315 Occlonm
628 258 663 315 Μ.
682 258 713 315 L.
894 246 897 251 ¹
967 252 1007 323 bl

79 430 195 494 lectica
216 435 278 492 ιιιιιι
301 439 400 508 acuta
423 450 515 531 posse
538 431 655 494 dicare·
676 432 758 514 Ergo
782 438 812 493 tu
836 428 1007 495 suasinus?
1051 438 1058 451 '

80 516 159 616 Quis
182 521 244 577 tam
266 515 425 588 ridiculum
448 516 566 577 asinum
590 537 608 577 e
629 516 759 579 Luthero
781 517 882 578 facere
906 521 1011 596 queat,-

79 600 141 661 nisi
164 602 381 662 venustissima
414 601 473 661 isla
494 599 638 661 testudo?
680 600 866 679 Respondeo
888 607 1008 661 tamen:

167 672 208 745 ut
230 688 262 745 tu
284 684 412 765 pulchra
433 682 564 764 testudo,
589 683 638 744 ubi
661 683 792 745 didicisti
819 685 1007 763 theologiam

81 773 114 828 et
150 786 215 828 rem
250 767 452 831 Christianam
482 767 542 827 tuis
570 768 778 847 praetumidis
812 775 843 828 et
876 766 1008 831 sordidis

82 848 374 931 consequentiarum
397 850 511 932 regulis
533 851 640 929 metiri,
664 851 780 912 scilicet
801 850 920 912 divinas
944 851 1008 912 lite·

80 954 132 996 ras
163 941 253 1015 putas
283 935 473 1018 sophisticas
503 954 600 1017 nugas
630 935 721 1001 esse?
765 934 846 997 Satis
869 933 1007 995 declaras
1048 996 1052 1001 ,
1132 1010 1134 1015 Ι
1165 932 1167 939 ’

81 1018 148 1096 hic,
184 1017 616 1118 sacrilegscoclsariaquid
640 1019 803 1080 exanimo
827 1019 940 1082 sentias
969 1016 1008 1078 de
1041 1077 1045 1085 ,
1085 1078 1093 1085 ,

80 1100 174 1164 rebus
210 1103 347 1182 spiritus,
371 1102 441 1164 dum
465 1103 545 1163 inter
572 1121 625 1162 eas
660 1108 691 1163 et
729 1108 850 1163 nostras
869 1120 1008 1201 prorsus

81 1184 159 1247 nibil
185 1184 344 1249 discernis.
388 1186 532 1269 Quoties,
556 1204 650 1266 rogo,
682 1184 744 1247 dixi
767 1192 797 1246 et
819 1186 942 1266 scripsi:
973 1182 1007 1247 ln
1051 1176 1062 1195 '

80 1289 115 1331 ra
137 1268 313 1347 Christiana
336 1270 409 1333 nihil
432 1289 501 1330 esse
522 1268 730 1348 asserendum,
754 1269 836 1349 quod
852 1268 1009 1350 Scriptura

23 1410 26 1417 .
81 1372 144 1414 non
167 1351 284 1415 habat?
306 1352 389 1433 quod
410 1355 500 1417 toties
519 1352 645 1413 mandat
632 1318 838 1432 tSoripturai
861 1352 1007 1433 quodHi

81 1436 177 1499 larius
200 1454 323 1519 quoque
346 1436 459 1516 docuit,
482 1437 543 1497 et
535 1455 602 1517 rpse
624 1442 684 1496 tam
698 1437 1008 1535 Hieronymusquam
1087 1501 1090 1507 ,

35 1517 37 1523 ’
84 1520 285 1603 Augustinus,
308 1540 438 1602 quorum
462 1519 511 1581 hio
534 1519 653 1581 scribit:
677 1519 757 1581 Solis
780 1519 935 1598 eislibris‚
958 1519 1007 1599 qui
1050 1568 1053 1575 .

81 1603 234 1665 (bononici
257 1596 412 1682 dicuntur,
436 1603 517 1664 huno
538 1601 687 1664 bonorem
710 1603 820 1673 tribuo
842 1603 893 1663 illa
915 1619 1009 1667 vero:

81 1686 184 1769 Quod
203 1685 242 1747 de
264 1653 427 1769 Scripturis
454 1687 649 1747 autoritatem
675 1705 738 1747 non
766 1685 876 1763 habet,
898 1685 1006 1748 eadem
1043 1704 1046 1709 ·

80 1760 229 1831 facilitate
261 1773 481 1849 contemnitur,
499 1789 559 1850 qna
581 1769 736 1849 probatur
779 1768 885 1849 Vides,
908 1767 1009 1867 Chry-

81 1853 171 1933 sippe
187 1852 397 1932 testudinans,
421 1873 498 1933 quos
513 1855 596 1914 viros
616 1859 666 1913 tna
685 1852 822 1913 asinilicn
844 1859 875 1914 et
890 1854 1009 1915 asinina

80 1936 253 1997 Dialectica
269 1943 359 2018 petat
380 1936 601 2017 blasphemiis.
618 1937 702 1997 suis?
745 1937 778 1997 ln
800 1937 898 2000 rebus
919 1938 1011 2018 igitur

81 2021 178 2081 sacris
211 2010 498 2082 vehementissimus
526 2025 557 2080 et
583 2019 813 2081 robustissimus
841 2021 929 2081 locus
953 2027 1008 2100 est,

80 2122 211 2185 arguere
234 2102 272 2164 ab
295 2102 459 2166 autoritate
478 2104 629 2183 negativo.

166 2184 229 2247 Sed
247 2193 349 2248 tantus
364 2187 553 2249 Dialectious
575 2205 666 2265 quam
690 2193 793 2266 aptum
811 2187 884 2247 facit
905 2205 1007 2247 exam·

47 2318 50 2323 .
81 2269 165 2349 plum
189 2269 278 2330 buius
299 2261 454 2352 Topions,
477 2270 547 2331 dum
571 2269 657 2330 dicit:
690 2270 759 2330 Non
783 2270 871 2330 dicit:
898 2269 1006 2330 Luthe-
1018 2281 1052 2322 '.
1082 2308 1086 2315 -

80 2372 132 2414 rus
161 2361 296 2414 nonest
321 2354 431 2425 ιιοιιιιι
467 2372 542 2433 ergo
571 2353 757 2434 calasinus,
787 2354 904 2415 scilicet
934 2354 1013 2427 loon·

79 2436 247 2517 negativae
269 2437 360 2498 iniert
375 2401 609 2516 affirmativam,
637 2455 705 2496 cum
729 2402 830 2497 dicere
852 2436 1008 2497 debuisset

80 2519 142 2581 hoc
177 2518 287 2602 modo:
328 2519 401 2583 Non
434 2520 522 2581 dicit:
555 2519 702 2580 Lutherus
728 2539 793 2580 nnn
821 2526 868 2580 est
871 2520 1006 2617 homo,

82 2621 160 2702 argo
181 2621 243 2664 non
280 2608 340 2664 est
354 2604 459 2666 homo.
503 2603 588 2664 Haec
610 2603 690 2662 enim
713 2601 839 2681 sequela
860 2570 934 2662 nrlril
956 2621 1007 2662 va·

80 2685 160 2748 let
150 2705 182 2747 ιιι
210 2684 270 2746 bao
286 2687 423 2784 Topica.
466 2686 578 2748 Furiae
612 2692 643 2746 et
673 2686 873 2766 intemperiae
908 2692 1006 2746 totum

34 2768 38 2775 “
81 2767 237 2830 bominem
254 2769 388 2850 agitant
411 2770 489 2830 srcut
504 2766 606 2831 solent
607 2769 795 2866 'Sophistaa
818 2774 851 2829 ut
872 2787 1007 2848 anapra-

81 2853 146 2932 pria
168 2867 271 2932 nsque
292 2853 475 2934 intelligant,
498 2872 566 2933 nec,
589 2853 614 2912 si
637 2851 821 2933 intelligant,
844 2850 1007 2913 commode

80 2936 123 2996 uti
145 2930 329 3018 possint.¹)..
366 2936 454 2997 Vade
477 2955 567 3017 ergo,
592 2934 856 2997 tusordidumet
845 2937 1006 3016 tpopina·

80 3018 157 3095 ιιιιιιι
182 3017 314 3080 coclear
322 3065 330 3098 ,
353 3039 421 3080 cum
444 3025 496 3079 tua
518 3020 623 3098 ine'pta
645 3022 675 3078 e't
695 3018 818 3079 insulsa
836 3017 1007 3079 Dialectica

81 3107 112 3161 et
131 3102 212 3162 inter
248 3101 325 3162 ollas
364 3108 399 3178 ‘et
417 3101 584 3182 iarra‘gines
617 3104 691 3162 tuas·
717 3101 824 3162 saltem
847 3101 1006 3162 illudisne
1054 3150 1057 3156 .

81 3191 151 3263 apta
175 3185 228 3262 nti,
249 3190 283 3246 ut
305 3186 425 3246 veniam
449 3184 567 3260 demus,
590 3184 614 3246 si
632 3186 661 3244 in
685 3204 718 3245 re
739 3203 827 3250 sacra
845 3204 1006 3264 perperam

81 3268 184 3330 utaris.
229 3266 297 3345 Ego
326 3269 445 3351 aptiore
473 3268 617 3348 exemplo
645 3267 765 3329 docebo
796 3273 827 3329 te
847 3268 927 3328 hanc
948 3267 1007 3328 To·

81 3352 193 3429 picam,
216 3351 346 3431 scilicet,
371 3348 663 3412 Francoiordienses
693 3357 823 3432 negant,
861 3349 1006 3410 testudini

82 3451 154 3496 auae
177 3452 232 3495 cor
243 3439 284 3499 et
305 3433 462 3495 cerebrum
485 3451 563 3513 esso,
586 3453 660 3514 ergo
675 3433 820 3495 testudini
843 3453 916 3494 suae
931 3430 1006 3494 nihil
1116 3440 1119 3447 '

47 3584 50 3589 ,
82 3524 128 3578 est
149 3516 258 3609 cordis
276 3523 306 3577 et
328 3517 453 3591 cerebri
496 3519 541 3578 Tu
565 3517 692 3594 videris,
715 3538 752 3578 an
776 3517 878 3606 valeat
900 3535 1006 3577 conse-

81 3602 227 3679 quentia.
277 3652 280 3657 ⁴
330 3624 333 3629 ·

152 3765 184 3835 1)
204 3765 236 3821 In
254 3763 297 3820 ed
318 3763 390 3826 lant
408 3768 535 3834 possunt.
