<?xml version="1.0" encoding="UTF-8"?>
<!DOCTYPE html PUBLIC "-//W3C//DTD XHTML 1.0 Transitional//EN"
    "http://www.w3.org/TR/xhtml1/DTD/xhtml1-transitional.dtd">
<html xmlns="http://www.w3.org/1999/xhtml" xml:lang="en" lang="en">
 <head>
  <title>
</title>
<meta http-equiv="Content-Type" content="text/html;charset=utf-8" />
  <meta name='ocr-system' content='tesseract 3.04.00' />
  <meta name='ocr-capabilities' content='ocr_page ocr_carea ocr_par ocr_line ocrx_word'/>
</head>
<body>
  <div class='ocr_page' id='page_1' title='image "./dmartinilutheri02luthgoog_0140.png"; bbox 0 0 2348 4162; ppageno 0'>
   <div class='ocr_carea' id='block_1_1' title="bbox 272 236 982 304">
    <p class='ocr_par' dir='ltr' id='par_1_1' title="bbox 272 236 982 304">
     <span class='ocr_line' id='line_1_1' title="bbox 272 236 982 304; baseline 0.018 -12"><span class='ocrx_word' id='word_1_1' title='bbox 272 237 308 292; x_wconf 89' lang='lat' dir='ltr'>ad</span> <span class='ocrx_word' id='word_1_2' title='bbox 325 237 360 293; x_wconf 81' lang='lat'>1).</span> <span class='ocrx_word' id='word_1_3' title='bbox 379 238 523 294; x_wconf 83' lang='lat' dir='ltr'>Erasmum</span> <span class='ocrx_word' id='word_1_4' title='bbox 541 236 764 295; x_wconf 81' lang='lat' dir='ltr'>Rotarodamnm.</span> <span class='ocrx_word' id='word_1_5' title='bbox 920 236 982 304; x_wconf 77' lang='lat'>129</span> 
     </span>
    </p>
   </div>
   <div class='ocr_carea' id='block_1_2' title="bbox 55 407 989 1980">
    <p class='ocr_par' dir='ltr' id='par_1_2' title="bbox 55 407 984 1382">
     <span class='ocr_line' id='line_1_2' title="bbox 140 407 984 490; baseline 0.002 -21"><span class='ocrx_word' id='word_1_6' title='bbox 140 408 230 470; x_wconf 90' lang='lat' dir='ltr'>Haeo</span> <span class='ocrx_word' id='word_1_7' title='bbox 250 409 345 472; x_wconf 84' lang='lat' dir='ltr'>verba</span> <span class='ocrx_word' id='word_1_8' title='bbox 367 415 419 470; x_wconf 93' lang='lat' dir='ltr'>tua</span> <span class='ocrx_word' id='word_1_9' title='bbox 440 410 507 472; x_wconf 88' lang='lat' dir='ltr'>sina</span> <span class='ocrx_word' id='word_1_10' title='bbox 529 408 660 489; x_wconf 83' lang='lat' dir='ltr'>cbristo,</span> <span class='ocrx_word' id='word_1_11' title='bbox 682 410 749 471; x_wconf 93' lang='lat' dir='ltr'>sine</span> <span class='ocrx_word' id='word_1_12' title='bbox 769 430 784 471; x_wconf 92' lang='lat' dir='ltr'>s</span> <span class='ocrx_word' id='word_1_13' title='bbox 808 407 877 473; x_wconf 91' lang='lat' dir='ltr'>iritu</span> <span class='ocrx_word' id='word_1_14' title='bbox 889 456 898 488; x_wconf 89' lang='lat'>,</span> <span class='ocrx_word' id='word_1_15' title='bbox 914 410 984 490; x_wconf 90' lang='lat' dir='ltr'>ipsu</span> 
     </span>
     <span class='ocr_line' id='line_1_3' title="bbox 61 429 984 573; baseline 0 -21"><span class='ocrx_word' id='word_1_16' title='bbox 61 491 161 571; x_wconf 84' lang='lat' dir='ltr'>glaeie</span> <span class='ocrx_word' id='word_1_17' title='bbox 181 491 351 573; x_wconf 78' lang='lat' dir='ltr'>frigidiora,</span> <span class='ocrx_word' id='word_1_18' title='bbox 370 493 414 553; x_wconf 89' lang='lat' dir='ltr'>ita</span> <span class='ocrx_word' id='word_1_19' title='bbox 429 499 463 554; x_wconf 89' lang='lat' dir='ltr'>nt</span> <span class='ocrx_word' id='word_1_20' title='bbox 484 494 576 554; x_wconf 87' lang='lat' dir='ltr'>etiam</span> <span class='ocrx_word' id='word_1_21' title='bbox 600 495 705 553; x_wconf 85' lang='lat' dir='ltr'>vitium</span> <span class='ocrx_word' id='word_1_22' title='bbox 726 494 758 553; x_wconf 94' lang='lat' dir='ltr'>in</span> <span class='ocrx_word' id='word_1_23' title='bbox 779 429 838 554; x_wconf 78' lang='lat' dir='ltr'>ibis</span> <span class='ocrx_word' id='word_1_24' title='bbox 850 493 984 573; x_wconf 86' lang='lat' dir='ltr'>patiatur</span> 
     </span>
     <span class='ocr_line' id='line_1_4' title="bbox 58 574 984 657; baseline 0.001 -22"><span class='ocrx_word' id='word_1_25' title='bbox 58 575 256 655; x_wconf 77' lang='lat' dir='ltr'>eloquentiae</span> <span class='ocrx_word' id='word_1_26' title='bbox 285 584 357 636; x_wconf 86' lang='lat' dir='ltr'>tuas</span> <span class='ocrx_word' id='word_1_27' title='bbox 388 574 498 657; x_wconf 80' lang='lat' dir='ltr'>decor,</span> <span class='ocrx_word' id='word_1_28' title='bbox 528 594 607 655; x_wconf 84' lang='lat' dir='ltr'>quae</span> <span class='ocrx_word' id='word_1_29' title='bbox 632 577 743 637; x_wconf 88' lang='lat' dir='ltr'>misero</span> <span class='ocrx_word' id='word_1_30' title='bbox 773 576 826 637; x_wconf 86' lang='lat' dir='ltr'>vix</span> <span class='ocrx_word' id='word_1_31' title='bbox 854 576 984 637; x_wconf 78' lang='lat' dir='ltr'>extorsit</span> 
     </span>
     <span class='ocr_line' id='line_1_5' title="bbox 58 657 983 739; baseline -0.001 -20"><span class='ocrx_word' id='word_1_32' title='bbox 58 663 157 720; x_wconf 90' lang='lat' dir='ltr'>metus</span> <span class='ocrx_word' id='word_1_33' title='bbox 179 657 309 719; x_wconf 80' lang='lat' dir='ltr'>forsitan</span> <span class='ocrx_word' id='word_1_34' title='bbox 331 657 512 719; x_wconf 88' lang='lat' dir='ltr'>Pontiflanm</span> <span class='ocrx_word' id='word_1_35' title='bbox 536 665 567 719; x_wconf 90' lang='lat' dir='ltr'>et</span> <span class='ocrx_word' id='word_1_36' title='bbox 588 666 808 739; x_wconf 86' lang='lat' dir='ltr'>tyrannorum,</span> <span class='ocrx_word' id='word_1_37' title='bbox 837 677 877 719; x_wconf 90' lang='lat' dir='ltr'>ne</span> <span class='ocrx_word' id='word_1_38' title='bbox 898 677 983 739; x_wconf 88' lang='lat' dir='ltr'>pror·</span> 
     </span>
     <span class='ocr_line' id='line_1_6' title="bbox 57 740 984 819; baseline 0.002 -19"><span class='ocrx_word' id='word_1_39' title='bbox 57 760 107 801; x_wconf 92' lang='lat' dir='ltr'>sns</span> <span class='ocrx_word' id='word_1_40' title='bbox 130 740 251 805; x_wconf 80' lang='lat' dir='ltr'>Atheos</span> <span class='ocrx_word' id='word_1_41' title='bbox 274 740 430 818; x_wconf 86' lang='lat' dir='ltr'>videreris,</span> <span class='ocrx_word' id='word_1_42' title='bbox 454 741 514 803; x_wconf 90' lang='lat' dir='ltr'>hoo</span> <span class='ocrx_word' id='word_1_43' title='bbox 535 749 637 803; x_wconf 88' lang='lat' dir='ltr'>tamen</span> <span class='ocrx_word' id='word_1_44' title='bbox 660 748 817 819; x_wconf 87' lang='lat' dir='ltr'>asserunt,</span> <span class='ocrx_word' id='word_1_45' title='bbox 844 759 914 802; x_wconf 88' lang='lat' dir='ltr'>esse</span> <span class='ocrx_word' id='word_1_46' title='bbox 942 742 984 802; x_wconf 85' lang='lat' dir='ltr'>vi-</span> 
     </span>
     <span class='ocr_line' id='line_1_7' title="bbox 56 821 983 903; baseline 0.001 -20"><span class='ocrx_word' id='word_1_47' title='bbox 56 821 159 885; x_wconf 83' lang='lat' dir='ltr'>resin</span> <span class='ocrx_word' id='word_1_48' title='bbox 183 822 283 900; x_wconf 85' lang='lat' dir='ltr'>uobis,</span> <span class='ocrx_word' id='word_1_49' title='bbox 305 843 375 885; x_wconf 87' lang='lat' dir='ltr'>esse</span> <span class='ocrx_word' id='word_1_50' title='bbox 395 825 496 885; x_wconf 90' lang='lat' dir='ltr'>nisum</span> <span class='ocrx_word' id='word_1_51' title='bbox 518 825 590 885; x_wconf 87' lang='lat' dir='ltr'>totis</span> <span class='ocrx_word' id='word_1_52' title='bbox 613 824 743 903; x_wconf 85' lang='lat' dir='ltr'>viribus,</span> <span class='ocrx_word' id='word_1_53' title='bbox 775 842 845 885; x_wconf 91' lang='lat' dir='ltr'>esse</span> <span class='ocrx_word' id='word_1_54' title='bbox 866 825 983 884; x_wconf 87' lang='lat' dir='ltr'>miseri·</span> 
     </span>
     <span class='ocr_line' id='line_1_8' title="bbox 57 905 984 985; baseline 0 -18"><span class='ocrx_word' id='word_1_55' title='bbox 57 905 196 967; x_wconf 79' lang='lat' dir='ltr'>cordiam</span> <span class='ocrx_word' id='word_1_56' title='bbox 220 906 296 985; x_wconf 89' lang='lat' dir='ltr'>Dei,</span> <span class='ocrx_word' id='word_1_57' title='bbox 323 925 394 968; x_wconf 87' lang='lat' dir='ltr'>esse</span> <span class='ocrx_word' id='word_1_58' title='bbox 415 907 525 969; x_wconf 92' lang='lat' dir='ltr'>modos</span> <span class='ocrx_word' id='word_1_59' title='bbox 548 906 703 969; x_wconf 86' lang='lat' dir='ltr'>ambiendi</span> <span class='ocrx_word' id='word_1_60' title='bbox 733 906 984 985; x_wconf 76' lang='lat' dir='ltr'>misericordiam,</span> 
     </span>
     <span class='ocr_line' id='line_1_9' title="bbox 56 989 984 1070; baseline -0.002 -19"><span class='ocrx_word' id='word_1_61' title='bbox 56 1006 125 1051; x_wconf 83' lang='lat' dir='ltr'>esse</span> <span class='ocrx_word' id='word_1_62' title='bbox 144 989 244 1051; x_wconf 89' lang='lat' dir='ltr'>Deum</span> <span class='ocrx_word' id='word_1_63' title='bbox 256 994 365 1050; x_wconf 82' lang='lat' dir='ltr'>natura</span> <span class='ocrx_word' id='word_1_64' title='bbox 379 991 501 1070; x_wconf 88' lang='lat' dir='ltr'>iustum,</span> <span class='ocrx_word' id='word_1_65' title='bbox 518 996 629 1052; x_wconf 89' lang='lat' dir='ltr'>natura</span> <span class='ocrx_word' id='word_1_66' title='bbox 643 990 913 1052; x_wconf 74' lang='lat' dir='ltr'>clementissimum</span> <span class='ocrx_word' id='word_1_67' title='bbox 926 994 984 1056; x_wconf 87' lang='lat' dir='ltr'>eto.</span> 
     </span>
     <span class='ocr_line' id='line_1_10' title="bbox 55 1071 983 1154; baseline -0.003 -20"><span class='ocrx_word' id='word_1_68' title='bbox 55 1071 87 1134; x_wconf 81' lang='lat' dir='ltr'>si</span> <span class='ocrx_word' id='word_1_69' title='bbox 131 1073 202 1153; x_wconf 88' lang='lat' dir='ltr'>quis</span> <span class='ocrx_word' id='word_1_70' title='bbox 245 1073 337 1152; x_wconf 88' lang='lat' dir='ltr'>igitur</span> <span class='ocrx_word' id='word_1_71' title='bbox 374 1073 522 1152; x_wconf 84' lang='lat' dir='ltr'>ignoret,</span> <span class='ocrx_word' id='word_1_72' title='bbox 566 1074 637 1154; x_wconf 90' lang='lat' dir='ltr'>quid</span> <span class='ocrx_word' id='word_1_73' title='bbox 682 1074 743 1134; x_wconf 86' lang='lat' dir='ltr'>sint</span> <span class='ocrx_word' id='word_1_74' title='bbox 786 1073 858 1134; x_wconf 83' lang='lat' dir='ltr'>illue</span> <span class='ocrx_word' id='word_1_75' title='bbox 895 1073 983 1151; x_wconf 87' lang='lat' dir='ltr'>vires,</span> 
     </span>
     <span class='ocr_line' id='line_1_11' title="bbox 56 1151 984 1236; baseline 0 -21"><span class='ocrx_word' id='word_1_76' title='bbox 56 1154 128 1234; x_wconf 91' lang='lat' dir='ltr'>quid</span> <span class='ocrx_word' id='word_1_77' title='bbox 149 1151 282 1236; x_wconf 79' lang='lat' dir='ltr'>possint,</span> <span class='ocrx_word' id='word_1_78' title='bbox 304 1154 376 1235; x_wconf 93' lang='lat' dir='ltr'>quid</span> <span class='ocrx_word' id='word_1_79' title='bbox 389 1157 552 1235; x_wconf 87' lang='lat' dir='ltr'>patiantur,</span> <span class='ocrx_word' id='word_1_80' title='bbox 575 1157 643 1236; x_wconf 94' lang='lat' dir='ltr'>quis</span> <span class='ocrx_word' id='word_1_81' title='bbox 666 1157 749 1217; x_wconf 89' lang='lat' dir='ltr'>nisus</span> <span class='ocrx_word' id='word_1_82' title='bbox 765 1175 880 1233; x_wconf 87' lang='lat' dir='ltr'>eornm,</span> <span class='ocrx_word' id='word_1_83' title='bbox 904 1173 984 1235; x_wconf 85' lang='lat' dir='ltr'>quae</span> 
     </span>
     <span class='ocr_line' id='line_1_12' title="bbox 55 1236 984 1319; baseline 0 -21"><span class='ocrx_word' id='word_1_84' title='bbox 55 1236 207 1316; x_wconf 80' lang='lat' dir='ltr'>elfloaoia,</span> <span class='ocrx_word' id='word_1_85' title='bbox 230 1254 308 1316; x_wconf 89' lang='lat' dir='ltr'>quae</span> <span class='ocrx_word' id='word_1_86' title='bbox 331 1236 517 1319; x_wconf 85' lang='lat' dir='ltr'>iueffioaoia,</span> <span class='ocrx_word' id='word_1_87' title='bbox 545 1238 618 1319; x_wconf 93' lang='lat' dir='ltr'>quid</span> <span class='ocrx_word' id='word_1_88' title='bbox 642 1239 694 1303; x_wconf 90' lang='lat' dir='ltr'>ille</span> <span class='ocrx_word' id='word_1_89' title='bbox 716 1239 828 1301; x_wconf 85' lang='lat' dir='ltr'>laniet?</span> <span class='ocrx_word' id='word_1_90' title='bbox 857 1238 929 1318; x_wconf 90' lang='lat' dir='ltr'>qnid</span> <span class='ocrx_word' id='word_1_91' title='bbox 952 1245 984 1299; x_wconf 92' lang='lat' dir='ltr'>tu</span> 
     </span>
     <span class='ocr_line' id='line_1_13' title="bbox 55 1319 478 1382; baseline 0.002 -2"><span class='ocrx_word' id='word_1_92' title='bbox 55 1320 141 1381; x_wconf 90' lang='lat' dir='ltr'>illum</span> <span class='ocrx_word' id='word_1_93' title='bbox 165 1322 268 1382; x_wconf 83' lang='lat' dir='ltr'>fauere</span> <span class='ocrx_word' id='word_1_94' title='bbox 290 1319 440 1382; x_wconf 81' lang='lat' dir='ltr'>donabis?</span> <span class='ocrx_word' id='word_1_95' title='bbox 476 1362 478 1367; x_wconf 91' lang='lat'>-</span> 
     </span>
    </p>

    <p class='ocr_par' dir='ltr' id='par_1_3' title="bbox 55 1401 989 1980">
     <span class='ocr_line' id='line_1_14' title="bbox 136 1401 985 1486; baseline -0.001 -22"><span class='ocrx_word' id='word_1_96' title='bbox 136 1403 347 1484; x_wconf 81' lang='lat' dir='ltr'>irreligiosum</span> <span class='ocrx_word' id='word_1_97' title='bbox 382 1401 533 1486; x_wconf 84' lang='lat' dir='ltr'>(inquis),</span> <span class='ocrx_word' id='word_1_98' title='bbox 563 1405 716 1465; x_wconf 80' lang='lat' dir='ltr'>curiosum</span> <span class='ocrx_word' id='word_1_99' title='bbox 750 1410 781 1466; x_wconf 88' lang='lat' dir='ltr'>et</span> <span class='ocrx_word' id='word_1_100' title='bbox 802 1421 985 1484; x_wconf 82' lang='lat' dir='ltr'>supervada-</span> 
     </span>
     <span class='ocr_line' id='line_1_15' title="bbox 55 1484 989 1566; baseline -0.002 -19"><span class='ocrx_word' id='word_1_101' title='bbox 55 1505 148 1549; x_wconf 92' lang='lat' dir='ltr'>neum</span> <span class='ocrx_word' id='word_1_102' title='bbox 172 1495 220 1547; x_wconf 89' lang='lat' dir='ltr'>est</span> <span class='ocrx_word' id='word_1_103' title='bbox 240 1504 334 1547; x_wconf 88' lang='lat' dir='ltr'>nossa</span> <span class='ocrx_word' id='word_1_104' title='bbox 356 1487 460 1566; x_wconf 88' lang='lat' dir='ltr'>velle,</span> <span class='ocrx_word' id='word_1_105' title='bbox 491 1506 529 1546; x_wconf 88' lang='lat' dir='ltr'>an</span> <span class='ocrx_word' id='word_1_106' title='bbox 560 1488 702 1548; x_wconf 88' lang='lat' dir='ltr'>voluntas</span> <span class='ocrx_word' id='word_1_107' title='bbox 731 1494 837 1548; x_wconf 87' lang='lat' dir='ltr'>nostra</span> <span class='ocrx_word' id='word_1_108' title='bbox 865 1484 989 1565; x_wconf 86' lang='lat' dir='ltr'>aliquid-</span> 
     </span>
     <span class='ocr_line' id='line_1_16' title="bbox 55 1567 985 1651; baseline -0.002 -22"><span class='ocrx_word' id='word_1_109' title='bbox 55 1567 164 1651; x_wconf 78' lang='lat' dir='ltr'>agell)</span> <span class='ocrx_word' id='word_1_110' title='bbox 186 1571 217 1629; x_wconf 92' lang='lat' dir='ltr'>in</span> <span class='ocrx_word' id='word_1_111' title='bbox 240 1570 287 1650; x_wconf 91' lang='lat' dir='ltr'>iis,</span> <span class='ocrx_word' id='word_1_112' title='bbox 310 1589 391 1648; x_wconf 87' lang='lat' dir='ltr'>quae</span> <span class='ocrx_word' id='word_1_113' title='bbox 412 1569 566 1650; x_wconf 87' lang='lat' dir='ltr'>pertinent</span> <span class='ocrx_word' id='word_1_114' title='bbox 595 1568 634 1630; x_wconf 90' lang='lat' dir='ltr'>ad</span> <span class='ocrx_word' id='word_1_115' title='bbox 656 1568 814 1631; x_wconf 91' lang='lat' dir='ltr'>aet&#39;ernam</span> <span class='ocrx_word' id='word_1_116' title='bbox 844 1569 985 1642; x_wconf 89' lang='lat' dir='ltr'>salutem,</span> 
     </span>
     <span class='ocr_line' id='line_1_17' title="bbox 56 1648 983 1732; baseline -0.003 -19"><span class='ocrx_word' id='word_1_117' title='bbox 56 1672 94 1713; x_wconf 90' lang='lat' dir='ltr'>an</span> <span class='ocrx_word' id='word_1_118' title='bbox 117 1659 237 1713; x_wconf 86' lang='lat' dir='ltr'>tantum</span> <span class='ocrx_word' id='word_1_119' title='bbox 258 1653 393 1732; x_wconf 88' lang='lat' dir='ltr'>patiatur</span> <span class='ocrx_word' id='word_1_120' title='bbox 413 1651 452 1713; x_wconf 89' lang='lat' dir='ltr'>ab</span> <span class='ocrx_word' id='word_1_121' title='bbox 474 1660 587 1732; x_wconf 88' lang='lat' dir='ltr'>agente</span> <span class='ocrx_word' id='word_1_122' title='bbox 611 1653 719 1732; x_wconf 91' lang='lat' dir='ltr'>gratia.</span> <span class='ocrx_word' id='word_1_123' title='bbox 770 1651 812 1711; x_wconf 91' lang='lat' dir='ltr'>At</span> <span class='ocrx_word' id='word_1_124' title='bbox 832 1651 883 1711; x_wconf 87' lang='lat' dir='ltr'>hio</span> <span class='ocrx_word' id='word_1_125' title='bbox 904 1648 983 1711; x_wconf 89' lang='lat' dir='ltr'>diois</span> 
     </span>
     <span class='ocr_line' id='line_1_18' title="bbox 55 1733 984 1816; baseline -0.003 -21"><span class='ocrx_word' id='word_1_126' title='bbox 55 1742 182 1813; x_wconf 83' lang='lat' dir='ltr'>eontra,</span> <span class='ocrx_word' id='word_1_127' title='bbox 213 1754 282 1797; x_wconf 87' lang='lat' dir='ltr'>esse</span> <span class='ocrx_word' id='word_1_128' title='bbox 303 1736 451 1816; x_wconf 87' lang='lat' dir='ltr'>pietatem</span> <span class='ocrx_word' id='word_1_129' title='bbox 473 1735 695 1813; x_wconf 80' lang='lat' dir='ltr'>Christianam,</span> <span class='ocrx_word' id='word_1_130' title='bbox 726 1735 799 1796; x_wconf 90' lang='lat' dir='ltr'>eniti</span> <span class='ocrx_word' id='word_1_131' title='bbox 821 1735 895 1794; x_wconf 90' lang='lat' dir='ltr'>totis</span> <span class='ocrx_word' id='word_1_132' title='bbox 918 1733 984 1793; x_wconf 87' lang='lat' dir='ltr'>viri-</span> 
     </span>
     <span class='ocr_line' id='line_1_19' title="bbox 55 1813 984 1899; baseline -0.002 -20"><span class='ocrx_word' id='word_1_133' title='bbox 55 1816 134 1895; x_wconf 86' lang='lat' dir='ltr'>bus,</span> <span class='ocrx_word' id='word_1_134' title='bbox 157 1827 189 1879; x_wconf 91' lang='lat' dir='ltr'>et</span> <span class='ocrx_word' id='word_1_135' title='bbox 212 1819 278 1878; x_wconf 89' lang='lat' dir='ltr'>sine</span> <span class='ocrx_word' id='word_1_136' title='bbox 300 1817 511 1879; x_wconf 78' lang='lat' dir='ltr'>misericordia</span> <span class='ocrx_word' id='word_1_137' title='bbox 531 1819 590 1880; x_wconf 89' lang='lat' dir='ltr'>Dei</span> <span class='ocrx_word' id='word_1_138' title='bbox 611 1819 801 1879; x_wconf 90' lang='lat' dir='ltr'>voluntatem</span> <span class='ocrx_word' id='word_1_139' title='bbox 828 1836 891 1878; x_wconf 92' lang='lat' dir='ltr'>non</span> <span class='ocrx_word' id='word_1_140' title='bbox 920 1813 984 1899; x_wconf 78' lang='lat' dir='ltr'>elfl-</span> 
     </span>
     <span class='ocr_line' id='line_1_20' title="bbox 56 1897 985 1980; baseline -0.003 -19"><span class='ocrx_word' id='word_1_141' title='bbox 56 1919 163 1963; x_wconf 88' lang='lat' dir='ltr'>oaoam</span> <span class='ocrx_word' id='word_1_142' title='bbox 188 1919 267 1963; x_wconf 90' lang='lat' dir='ltr'>esse.</span> <span class='ocrx_word' id='word_1_143' title='bbox 310 1901 369 1961; x_wconf 88' lang='lat' dir='ltr'>Hie</span> <span class='ocrx_word' id='word_1_144' title='bbox 396 1901 490 1980; x_wconf 88' lang='lat' dir='ltr'>plana</span> <span class='ocrx_word' id='word_1_145' title='bbox 511 1903 623 1963; x_wconf 89' lang='lat' dir='ltr'>asseris</span> <span class='ocrx_word' id='word_1_146' title='bbox 656 1901 846 1962; x_wconf 88' lang='lat' dir='ltr'>voluntatem</span> <span class='ocrx_word' id='word_1_147' title='bbox 869 1897 985 1978; x_wconf 90' lang='lat' dir='ltr'>aliquid</span> 
     </span>
    </p>
   </div>
   <div class='ocr_carea' id='block_1_3' title="bbox 55 1982 1168 2148">
    <p class='ocr_par' dir='ltr' id='par_1_4' title="bbox 55 1982 1168 2148">
     <span class='ocr_line' id='line_1_21' title="bbox 58 1982 1168 2064; baseline -0.032 1"><span class='ocrx_word' id='word_1_148' title='bbox 58 2003 154 2064; x_wconf 71' lang='lat'>³8⁰¹⁰</span> <span class='ocrx_word' id='word_1_149' title='bbox 177 1985 207 2043; x_wconf 61' lang='lat'>5¹¹</span> <span class='ocrx_word' id='word_1_150' title='bbox 230 1984 284 2061; x_wconf 54' lang='grc' dir='ltr'>ἥθ’</span> <span class='ocrx_word' id='word_1_151' title='bbox 312 2002 393 2063; x_wconf 66' lang='lat' dir='ltr'>quae</span> <span class='ocrx_word' id='word_1_152' title='bbox 414 1985 567 2064; x_wconf 85' lang='lat' dir='ltr'>pertinent</span> <span class='ocrx_word' id='word_1_153' title='bbox 599 1984 637 2045; x_wconf 87' lang='lat' dir='ltr'>ad</span> <span class='ocrx_word' id='word_1_154' title='bbox 660 1993 816 2045; x_wconf 89' lang='lat' dir='ltr'>aeternam</span> <span class='ocrx_word' id='word_1_155' title='bbox 846 1982 986 2054; x_wconf 87' lang='lat' dir='ltr'>salutem,</span> <span class='ocrx_word' id='word_1_156' title='bbox 1059 2002 1062 2007; x_wconf 94' lang='lat'>·</span> <span class='ocrx_word' id='word_1_157' title='bbox 1165 2000 1168 2005; x_wconf 95' lang='lat'>·</span> 
     </span>
     <span class='ocr_line' id='line_1_22' title="bbox 55 2064 1136 2148; baseline -0.011 -21"><span class='ocrx_word' id='word_1_158' title='bbox 55 2066 128 2127; x_wconf 92' lang='lat' dir='ltr'>dum</span> <span class='ocrx_word' id='word_1_159' title='bbox 146 2064 318 2145; x_wconf 85' lang='lat' dir='ltr'>eamfingis</span> <span class='ocrx_word' id='word_1_160' title='bbox 342 2068 525 2128; x_wconf 87' lang='lat' dir='ltr'>enitentem:</span> <span class='ocrx_word' id='word_1_161' title='bbox 549 2074 580 2128; x_wconf 90' lang='lat' dir='ltr'>at</span> <span class='ocrx_word' id='word_1_162' title='bbox 594 2086 696 2127; x_wconf 83' lang='lat' dir='ltr'>rursus</span> <span class='ocrx_word' id='word_1_163' title='bbox 711 2068 890 2148; x_wconf 86' lang='lat' dir='ltr'>patientem,</span> <span class='ocrx_word' id='word_1_164' title='bbox 913 2064 984 2125; x_wconf 91' lang='lat' dir='ltr'>dum</span> <span class='ocrx_word' id='word_1_165' title='bbox 1103 2134 1106 2139; x_wconf 25' lang='grc' dir='ltr'>Ι</span> <span class='ocrx_word' id='word_1_166' title='bbox 1133 2084 1136 2091; x_wconf 94' lang='grc'><strong><em>·</em></strong></span> 
     </span>
    </p>
   </div>
   <div class='ocr_carea' id='block_1_4' title="bbox 55 2145 1070 2395">
    <p class='ocr_par' dir='ltr' id='par_1_5' title="bbox 55 2145 1070 2395">
     <span class='ocr_line' id='line_1_23' title="bbox 55 2145 1070 2239; baseline -0.003 -29"><span class='ocrx_word' id='word_1_167' title='bbox 55 2152 126 2210; x_wconf 86' lang='lat' dir='ltr'>sine</span> <span class='ocrx_word' id='word_1_168' title='bbox 148 2149 359 2239; x_wconf 75' lang='lat' dir='ltr'>misep‘oordia</span> <span class='ocrx_word' id='word_1_169' title='bbox 382 2149 458 2210; x_wconf 88' lang='lat' dir='ltr'>diois</span> <span class='ocrx_word' id='word_1_170' title='bbox 485 2149 699 2228; x_wconf 85' lang='lat' dir='ltr'>inelfleaoem,</span> <span class='ocrx_word' id='word_1_171' title='bbox 734 2151 805 2211; x_wconf 88' lang='lat' dir='ltr'>liaet</span> <span class='ocrx_word' id='word_1_172' title='bbox 826 2167 888 2210; x_wconf 93' lang='lat' dir='ltr'>non</span> <span class='ocrx_word' id='word_1_173' title='bbox 913 2145 986 2208; x_wconf 86' lang='lat' dir='ltr'>dati·</span> <span class='ocrx_word' id='word_1_174' title='bbox 1067 2192 1070 2197; x_wconf 84' lang='grc'>-</span> 
     </span>
     <span class='ocr_line' id='line_1_24' title="bbox 56 2230 1056 2314; baseline -0.002 -22"><span class='ocrx_word' id='word_1_175' title='bbox 56 2234 133 2310; x_wconf 84' lang='lat' dir='ltr'>nias,</span> <span class='ocrx_word' id='word_1_176' title='bbox 156 2239 307 2312; x_wconf 82' lang='lat' dir='ltr'>qnatenus</span> <span class='ocrx_word' id='word_1_177' title='bbox 329 2231 404 2292; x_wconf 93' lang='lat' dir='ltr'>illud</span> <span class='ocrx_word' id='word_1_178' title='bbox 425 2252 520 2313; x_wconf 89' lang='lat' dir='ltr'>agere</span> <span class='ocrx_word' id='word_1_179' title='bbox 542 2241 577 2294; x_wconf 89' lang='lat' dir='ltr'>et</span> <span class='ocrx_word' id='word_1_180' title='bbox 594 2235 657 2314; x_wconf 86' lang='lat' dir='ltr'>peti</span> <span class='ocrx_word' id='word_1_181' title='bbox 678 2231 911 2313; x_wconf 88' lang='lat' dir='ltr'>intelligendum</span> <span class='ocrx_word' id='word_1_182' title='bbox 934 2230 986 2308; x_wconf 89' lang='lat' dir='ltr'>sit,</span> <span class='ocrx_word' id='word_1_183' title='bbox 1054 2291 1056 2297; x_wconf 75' lang='grc'>,</span> 
     </span>
     <span class='ocr_line' id='line_1_25' title="bbox 56 2314 984 2395; baseline -0.003 -20"><span class='ocrx_word' id='word_1_184' title='bbox 56 2314 130 2376; x_wconf 86' lang='lat' dir='ltr'>data</span> <span class='ocrx_word' id='word_1_185' title='bbox 152 2333 249 2395; x_wconf 85' lang='lat' dir='ltr'>opera</span> <span class='ocrx_word' id='word_1_186' title='bbox 268 2315 403 2376; x_wconf 83' lang='lat' dir='ltr'>fauturus</span> <span class='ocrx_word' id='word_1_187' title='bbox 424 2317 567 2395; x_wconf 81' lang='lat' dir='ltr'>ignaros,</span> <span class='ocrx_word' id='word_1_188' title='bbox 590 2315 662 2395; x_wconf 92' lang='lat' dir='ltr'>quid</span> <span class='ocrx_word' id='word_1_189' title='bbox 686 2316 789 2390; x_wconf 86' lang='lat' dir='ltr'>valeat</span> <span class='ocrx_word' id='word_1_190' title='bbox 812 2316 984 2375; x_wconf 78' lang='lat' dir='ltr'>miseridor-</span> 
     </span>
    </p>
   </div>
   <div class='ocr_carea' id='block_1_5' title="bbox 56 2397 1100 2476">
    <p class='ocr_par' dir='ltr' id='par_1_6' title="bbox 56 2397 1100 2476">
     <span class='ocr_line' id='line_1_26' title="bbox 56 2397 1100 2476; baseline -0.004 -17"><span class='ocrx_word' id='word_1_191' title='bbox 56 2397 107 2459; x_wconf 91' lang='lat' dir='ltr'>dia</span> <span class='ocrx_word' id='word_1_192' title='bbox 128 2398 199 2476; x_wconf 88' lang='lat' dir='ltr'>Dei,</span> <span class='ocrx_word' id='word_1_193' title='bbox 221 2397 293 2476; x_wconf 89' lang='lat' dir='ltr'>quid</span> <span class='ocrx_word' id='word_1_194' title='bbox 315 2399 418 2461; x_wconf 84' lang='lat' dir='ltr'>valeat</span> <span class='ocrx_word' id='word_1_195' title='bbox 440 2399 583 2460; x_wconf 89' lang='lat' dir='ltr'>voluntas</span> <span class='ocrx_word' id='word_1_196' title='bbox 607 2406 721 2476; x_wconf 85' lang='lat' dir='ltr'>nostra,</span> <span class='ocrx_word' id='word_1_197' title='bbox 746 2417 784 2460; x_wconf 91' lang='lat' dir='ltr'>eo</span> <span class='ocrx_word' id='word_1_198' title='bbox 806 2399 899 2476; x_wconf 89' lang='lat' dir='ltr'>ipso,</span> <span class='ocrx_word' id='word_1_199' title='bbox 923 2414 984 2475; x_wconf 93' lang='lat' dir='ltr'>quo</span> <span class='ocrx_word' id='word_1_200' title='bbox 1089 2428 1100 2448; x_wconf 52' lang='grc' dir='ltr'>κ</span> 
     </span>
    </p>
   </div>
   <div class='ocr_carea' id='block_1_6' title="bbox 55 2479 988 2976">
    <p class='ocr_par' dir='ltr' id='par_1_7' title="bbox 55 2479 988 2976">
     <span class='ocr_line' id='line_1_27' title="bbox 56 2479 986 2560; baseline -0.005 -17"><span class='ocrx_word' id='word_1_201' title='bbox 56 2494 174 2558; x_wconf 63' lang='lat' dir='ltr'>moes,</span> <span class='ocrx_word' id='word_1_202' title='bbox 199 2480 271 2560; x_wconf 89' lang='lat' dir='ltr'>quid</span> <span class='ocrx_word' id='word_1_203' title='bbox 292 2481 387 2542; x_wconf 81' lang='lat' dir='ltr'>faeiat</span> <span class='ocrx_word' id='word_1_204' title='bbox 409 2481 551 2542; x_wconf 86' lang='lat' dir='ltr'>voluntas</span> <span class='ocrx_word' id='word_1_205' title='bbox 573 2488 681 2543; x_wconf 88' lang='lat' dir='ltr'>nostra</span> <span class='ocrx_word' id='word_1_206' title='bbox 720 2489 752 2543; x_wconf 87' lang='lat' dir='ltr'>et</span> <span class='ocrx_word' id='word_1_207' title='bbox 774 2479 986 2541; x_wconf 77' lang='lat' dir='ltr'>misericordia</span> 
     </span>
     <span class='ocr_line' id='line_1_28' title="bbox 55 2561 986 2646; baseline -0.005 -21"><span class='ocrx_word' id='word_1_208' title='bbox 55 2563 127 2626; x_wconf 85' lang='lat' dir='ltr'>Dei.</span> <span class='ocrx_word' id='word_1_209' title='bbox 171 2562 224 2625; x_wconf 79' lang='lat' dir='ltr'>sia</span> <span class='ocrx_word' id='word_1_210' title='bbox 258 2572 287 2623; x_wconf 92' lang='lat' dir='ltr'>te</span> <span class='ocrx_word' id='word_1_211' title='bbox 309 2569 392 2624; x_wconf 92' lang='lat' dir='ltr'>rotat</span> <span class='ocrx_word' id='word_1_212' title='bbox 415 2571 467 2624; x_wconf 87' lang='lat' dir='ltr'>tua</span> <span class='ocrx_word' id='word_1_213' title='bbox 487 2564 542 2624; x_wconf 89' lang='lat' dir='ltr'>illa</span> <span class='ocrx_word' id='word_1_214' title='bbox 573 2564 760 2646; x_wconf 86' lang='lat' dir='ltr'>prudentia,</span> <span class='ocrx_word' id='word_1_215' title='bbox 794 2580 855 2641; x_wconf 92' lang='lat' dir='ltr'>qua</span> <span class='ocrx_word' id='word_1_216' title='bbox 888 2561 986 2622; x_wconf 87' lang='lat' dir='ltr'>neutri</span> 
     </span>
     <span class='ocr_line' id='line_1_29' title="bbox 55 2644 988 2727; baseline -0.006 -18"><span class='ocrx_word' id='word_1_217' title='bbox 55 2648 189 2727; x_wconf 88' lang='lat' dir='ltr'>partium</span> <span class='ocrx_word' id='word_1_218' title='bbox 226 2645 394 2707; x_wconf 89' lang='lat' dir='ltr'>adhaerere</span> <span class='ocrx_word' id='word_1_219' title='bbox 435 2648 568 2708; x_wconf 83' lang='lat' dir='ltr'>statuisti</span> <span class='ocrx_word' id='word_1_220' title='bbox 612 2656 644 2707; x_wconf 90' lang='lat' dir='ltr'>et</span> <span class='ocrx_word' id='word_1_221' title='bbox 675 2648 754 2707; x_wconf 89' lang='lat' dir='ltr'>inter</span> <span class='ocrx_word' id='word_1_222' title='bbox 787 2644 922 2726; x_wconf 75' lang='lat' dir='ltr'>Scyllam</span> <span class='ocrx_word' id='word_1_223' title='bbox 957 2651 988 2704; x_wconf 87' lang='lat' dir='ltr'>et</span> 
     </span>
     <span class='ocr_line' id='line_1_30' title="bbox 55 2726 987 2810; baseline -0.005 -20"><span class='ocrx_word' id='word_1_224' title='bbox 55 2728 245 2810; x_wconf 74' lang='lat' dir='ltr'>Charybdim</span> <span class='ocrx_word' id='word_1_225' title='bbox 269 2734 334 2791; x_wconf 91' lang='lat' dir='ltr'>tuto</span> <span class='ocrx_word' id='word_1_226' title='bbox 358 2728 513 2809; x_wconf 88' lang='lat' dir='ltr'>evadere,</span> <span class='ocrx_word' id='word_1_227' title='bbox 546 2739 580 2791; x_wconf 94' lang='lat' dir='ltr'>ut</span> <span class='ocrx_word' id='word_1_228' title='bbox 609 2728 711 2791; x_wconf 92' lang='lat' dir='ltr'>medio</span> <span class='ocrx_word' id='word_1_229' title='bbox 745 2733 821 2789; x_wconf 90' lang='lat' dir='ltr'>mari</span> <span class='ocrx_word' id='word_1_230' title='bbox 844 2726 987 2788; x_wconf 88' lang='lat' dir='ltr'>fluetibus</span> 
     </span>
     <span class='ocr_line' id='line_1_31' title="bbox 56 2811 987 2893; baseline -0.003 -20"><span class='ocrx_word' id='word_1_231' title='bbox 56 2813 186 2875; x_wconf 87' lang='lat' dir='ltr'>obrutus</span> <span class='ocrx_word' id='word_1_232' title='bbox 209 2818 240 2871; x_wconf 89' lang='lat' dir='ltr'>st</span> <span class='ocrx_word' id='word_1_233' title='bbox 262 2811 407 2873; x_wconf 72' lang='lat' dir='ltr'>confusus</span> <span class='ocrx_word' id='word_1_234' title='bbox 437 2815 543 2873; x_wconf 91' lang='lat' dir='ltr'>omnia</span> <span class='ocrx_word' id='word_1_235' title='bbox 572 2833 693 2874; x_wconf 89' lang='lat' dir='ltr'>asseras</span> <span class='ocrx_word' id='word_1_236' title='bbox 715 2831 796 2893; x_wconf 87' lang='lat' dir='ltr'>quae</span> <span class='ocrx_word' id='word_1_237' title='bbox 817 2829 934 2892; x_wconf 88' lang='lat' dir='ltr'>negas,</span> <span class='ocrx_word' id='word_1_238' title='bbox 956 2818 987 2871; x_wconf 88' lang='lat' dir='ltr'>et</span> 
     </span>
     <span class='ocr_line' id='line_1_32' title="bbox 56 2896 400 2976; baseline 0.012 -21"><span class='ocrx_word' id='word_1_239' title='bbox 56 2914 152 2976; x_wconf 86' lang='lat' dir='ltr'>neges</span> <span class='ocrx_word' id='word_1_240' title='bbox 175 2912 257 2975; x_wconf 88' lang='lat' dir='ltr'>quae</span> <span class='ocrx_word' id='word_1_241' title='bbox 278 2896 400 2959; x_wconf 87' lang='lat' dir='ltr'>asseris.</span> 
     </span>
    </p>
   </div>
   <div class='ocr_carea' id='block_1_7' title="bbox 138 2964 1033 3057">
    <p class='ocr_par' dir='ltr' id='par_1_8' title="bbox 138 2964 1164 3057">
     <span class='ocr_line' id='line_1_33' title="bbox 138 2964 1033 3057; baseline -0.018 -16"><span class='ocrx_word' id='word_1_242' title='bbox 138 2977 397 3041; x_wconf 69' lang='lat' dir='ltr'>similitudinibus</span> <span class='ocrx_word' id='word_1_243' title='bbox 426 2977 582 3057; x_wconf 88' lang='lat' dir='ltr'>aliquibus</span> <span class='ocrx_word' id='word_1_244' title='bbox 605 2977 658 3039; x_wconf 91' lang='lat' dir='ltr'>tibi</span> <span class='ocrx_word' id='word_1_245' title='bbox 682 2964 765 3039; x_wconf 85' lang='lat' dir='ltr'>tuam</span> <span class='ocrx_word' id='word_1_246' title='bbox 784 2977 986 3057; x_wconf 55' lang='lat' dir='ltr'>&#39;theologiam</span> <span class='ocrx_word' id='word_1_247' title='bbox 1030 2990 1033 2995; x_wconf 90' lang='lat'>·</span> 
     </span>
    </p>
   </div>
   <div class='ocr_carea' id='block_1_8' title="bbox 56 3059 988 3639">
    <p class='ocr_par' dir='ltr' id='par_1_9' title="bbox 56 3059 988 3639">
     <span class='ocr_line' id='line_1_34' title="bbox 58 3059 988 3142; baseline -0.003 -21"><span class='ocrx_word' id='word_1_248' title='bbox 58 3059 97 3122; x_wconf 95' lang='lat' dir='ltr'>ob</span> <span class='ocrx_word' id='word_1_249' title='bbox 120 3059 233 3122; x_wconf 90' lang='lat' dir='ltr'>ooulos</span> <span class='ocrx_word' id='word_1_250' title='bbox 256 3079 385 3141; x_wconf 88' lang='lat' dir='ltr'>ponam:</span> <span class='ocrx_word' id='word_1_251' title='bbox 410 3060 524 3122; x_wconf 90' lang='lat' dir='ltr'>bonum</span> <span class='ocrx_word' id='word_1_252' title='bbox 539 3080 652 3142; x_wconf 88' lang='lat' dir='ltr'>poema</span> <span class='ocrx_word' id='word_1_253' title='bbox 674 3061 908 3122; x_wconf 76' lang='lat' dir='ltr'>volutationem</span> <span class='ocrx_word' id='word_1_254' title='bbox 925 3059 988 3119; x_wconf 86' lang='lat' dir='ltr'>lao-</span> 
     </span>
     <span class='ocr_line' id='line_1_35' title="bbox 56 3143 986 3224; baseline -0.002 -21"><span class='ocrx_word' id='word_1_255' title='bbox 56 3154 140 3205; x_wconf 87' lang='lat' dir='ltr'>turus</span> <span class='ocrx_word' id='word_1_256' title='bbox 163 3162 228 3205; x_wconf 93' lang='lat' dir='ltr'>non</span> <span class='ocrx_word' id='word_1_257' title='bbox 251 3144 369 3224; x_wconf 89' lang='lat' dir='ltr'>oogitet</span> <span class='ocrx_word' id='word_1_258' title='bbox 392 3162 451 3204; x_wconf 90' lang='lat' dir='ltr'>neo</span> <span class='ocrx_word' id='word_1_259' title='bbox 473 3151 622 3224; x_wconf 88' lang='lat' dir='ltr'>quaerat,</span> <span class='ocrx_word' id='word_1_260' title='bbox 644 3144 735 3223; x_wconf 90' lang='lat' dir='ltr'>quale</span> <span class='ocrx_word' id='word_1_261' title='bbox 758 3145 797 3204; x_wconf 91' lang='lat' dir='ltr'>sit</span> <span class='ocrx_word' id='word_1_262' title='bbox 817 3143 986 3224; x_wconf 84' lang='lat' dir='ltr'>ingenium,</span> 
     </span>
     <span class='ocr_line' id='line_1_36' title="bbox 57 3226 986 3307; baseline -0.003 -20"><span class='ocrx_word' id='word_1_263' title='bbox 57 3227 127 3305; x_wconf 91' lang='lat' dir='ltr'>quid</span> <span class='ocrx_word' id='word_1_264' title='bbox 157 3226 275 3307; x_wconf 92' lang='lat' dir='ltr'>possit,</span> <span class='ocrx_word' id='word_1_265' title='bbox 305 3227 378 3306; x_wconf 91' lang='lat' dir='ltr'>qnid</span> <span class='ocrx_word' id='word_1_266' title='bbox 400 3246 463 3288; x_wconf 92' lang='lat' dir='ltr'>non</span> <span class='ocrx_word' id='word_1_267' title='bbox 486 3228 606 3306; x_wconf 89' lang='lat' dir='ltr'>possit,</span> <span class='ocrx_word' id='word_1_268' title='bbox 635 3226 707 3306; x_wconf 90' lang='lat' dir='ltr'>quid</span> <span class='ocrx_word' id='word_1_269' title='bbox 735 3227 872 3306; x_wconf 87' lang='lat' dir='ltr'>requirat</span> <span class='ocrx_word' id='word_1_270' title='bbox 898 3244 986 3304; x_wconf 86' lang='lat' dir='ltr'>argu·</span> 
     </span>
     <span class='ocr_line' id='line_1_37' title="bbox 58 3309 985 3390; baseline -0.001 -21"><span class='ocrx_word' id='word_1_271' title='bbox 58 3316 192 3371; x_wconf 87' lang='lat' dir='ltr'>mentum</span> <span class='ocrx_word' id='word_1_272' title='bbox 215 3317 404 3390; x_wconf 87' lang='lat' dir='ltr'>suseeptum,</span> <span class='ocrx_word' id='word_1_273' title='bbox 427 3309 580 3389; x_wconf 88' lang='lat' dir='ltr'>planeque</span> <span class='ocrx_word' id='word_1_274' title='bbox 603 3311 724 3371; x_wconf 90' lang='lat' dir='ltr'>omittat</span> <span class='ocrx_word' id='word_1_275' title='bbox 740 3309 816 3370; x_wconf 92' lang='lat' dir='ltr'>illud</span> <span class='ocrx_word' id='word_1_276' title='bbox 839 3326 985 3390; x_wconf 83' lang='lat' dir='ltr'>praesep-</span> 
     </span>
     <span class='ocr_line' id='line_1_38' title="bbox 57 3376 987 3473; baseline -0.002 -22"><span class='ocrx_word' id='word_1_277' title='bbox 57 3376 118 3452; x_wconf 75' lang='lat' dir='ltr'>tum</span> <span class='ocrx_word' id='word_1_278' title='bbox 140 3391 277 3453; x_wconf 86' lang='lat' dir='ltr'>Horatii:</span> <span class='ocrx_word' id='word_1_279' title='bbox 301 3391 381 3469; x_wconf 78' lang='lat' dir='ltr'>Quid</span> <span class='ocrx_word' id='word_1_280' title='bbox 404 3394 529 3454; x_wconf 85' lang='lat' dir='ltr'>valeant</span> <span class='ocrx_word' id='word_1_281' title='bbox 546 3393 675 3472; x_wconf 87' lang='lat' dir='ltr'>humeri,</span> <span class='ocrx_word' id='word_1_282' title='bbox 698 3391 772 3473; x_wconf 91' lang='lat' dir='ltr'>quid</span> <span class='ocrx_word' id='word_1_283' title='bbox 794 3392 873 3454; x_wconf 78' lang='lat' dir='ltr'>ferre</span> <span class='ocrx_word' id='word_1_284' title='bbox 894 3408 987 3452; x_wconf 79' lang='lat' dir='ltr'>reuu·.</span> 
     </span>
     <span class='ocr_line' id='line_1_39' title="bbox 57 3472 985 3557; baseline 0 -24"><span class='ocrx_word' id='word_1_285' title='bbox 57 3484 134 3556; x_wconf 89' lang='lat' dir='ltr'>sent,</span> <span class='ocrx_word' id='word_1_286' title='bbox 158 3472 214 3536; x_wconf 89' lang='lat' dir='ltr'>sed</span> <span class='ocrx_word' id='word_1_287' title='bbox 237 3475 337 3536; x_wconf 91' lang='lat' dir='ltr'>solum</span> <span class='ocrx_word' id='word_1_288' title='bbox 373 3494 451 3557; x_wconf 91' lang='lat' dir='ltr'>opus</span> <span class='ocrx_word' id='word_1_289' title='bbox 484 3494 633 3556; x_wconf 88' lang='lat' dir='ltr'>praeoeps</span> <span class='ocrx_word' id='word_1_290' title='bbox 668 3482 766 3536; x_wconf 87' lang='lat' dir='ltr'>tentet</span> <span class='ocrx_word' id='word_1_291' title='bbox 799 3482 831 3536; x_wconf 92' lang='lat' dir='ltr'>et</span> <span class='ocrx_word' id='word_1_292' title='bbox 859 3475 985 3554; x_wconf 77' lang='lat' dir='ltr'>cogitet,</span> 
     </span>
     <span class='ocr_line' id='line_1_40' title="bbox 58 3557 984 3639; baseline 0.001 -23"><span class='ocrx_word' id='word_1_293' title='bbox 58 3557 235 3620; x_wconf 84' lang='lat' dir='ltr'>enitendum</span> <span class='ocrx_word' id='word_1_294' title='bbox 258 3565 315 3637; x_wconf 87' lang='lat' dir='ltr'>est,</span> <span class='ocrx_word' id='word_1_295' title='bbox 336 3565 368 3619; x_wconf 86' lang='lat' dir='ltr'>ut</span> <span class='ocrx_word' id='word_1_296' title='bbox 389 3557 464 3636; x_wconf 87' lang='lat' dir='ltr'>fiat,</span> <span class='ocrx_word' id='word_1_297' title='bbox 486 3560 641 3621; x_wconf 89' lang='lat' dir='ltr'>ouriosum</span> <span class='ocrx_word' id='word_1_298' title='bbox 663 3564 694 3619; x_wconf 90' lang='lat' dir='ltr'>et</span> <span class='ocrx_word' id='word_1_299' title='bbox 721 3575 984 3639; x_wconf 80' lang='lat' dir='ltr'>supervadaneum</span> 
     </span>
    </p>
   </div>
   <div class='ocr_carea' id='block_1_9' title="bbox 84 3739 815 3893">
    <p class='ocr_par' dir='ltr' id='par_1_10' title="bbox 84 3739 815 3893">
     <span class='ocr_line' id='line_1_41' title="bbox 127 3739 365 3810; baseline -0.013 -12"><span class='ocrx_word' id='word_1_300' title='bbox 127 3745 159 3807; x_wconf 93' lang='lat'>1)</span> <span class='ocrx_word' id='word_1_301' title='bbox 183 3739 270 3797; x_wconf 77' lang='lat' dir='ltr'>ibid:</span> <span class='ocrx_word' id='word_1_302' title='bbox 290 3745 365 3810; x_wconf 86' lang='lat' dir='ltr'>agat.</span> 
     </span>
     <span class='ocr_line' id='line_1_42' title="bbox 84 3812 815 3893; baseline -0.01 -9"><span class='ocrx_word' id='word_1_303' title='bbox 84 3843 176 3885; x_wconf 74' lang='lat' dir='ltr'>numeri</span> <span class='ocrx_word' id='word_1_304' title='bbox 193 3851 246 3893; x_wconf 74' lang='lat' dir='ltr'>opp.</span> <span class='ocrx_word' id='word_1_305' title='bbox 260 3842 287 3885; x_wconf 89' lang='lat' dir='ltr'>v.</span> <span class='ocrx_word' id='word_1_306' title='bbox 305 3842 333 3883; x_wconf 78' lang='lat' dir='ltr'>n.</span> <span class='ocrx_word' id='word_1_307' title='bbox 347 3842 376 3882; x_wconf 72' lang='lat' dir='ltr'>aa</span> <span class='ocrx_word' id='word_1_308' title='bbox 403 3842 446 3886; x_wconf 70' lang='lat' dir='ltr'>rer.</span> <span class='ocrx_word' id='word_1_309' title='bbox 464 3841 514 3882; x_wconf 69' lang='lat' dir='ltr'>nis.</span> <span class='ocrx_word' id='word_1_310' title='bbox 527 3841 542 3882; x_wconf 77' lang='grc' dir='ltr'>ι,</span> <span class='ocrx_word' id='word_1_311' title='bbox 556 3852 578 3893; x_wconf 79' lang='lat' dir='ltr'>p.</span> <span class='ocrx_word' id='word_1_312' title='bbox 597 3841 646 3883; x_wconf 79' lang='lat' dir='ltr'>vos.</span> <span class='ocrx_word' id='word_1_313' title='bbox 661 3841 704 3884; x_wconf 87' lang='lat' dir='ltr'>vu</span> <span class='ocrx_word' id='word_1_314' title='bbox 795 3812 815 3877; x_wconf 78' lang='lat' dir='ltr'>tl</span> 
     </span>
    </p>
   </div>
   <div class='ocr_carea' id='block_1_10' title="bbox 0 0 1178 4162">
    <p class='ocr_par' dir='ltr' id='par_1_11' title="bbox 0 0 1178 4162">
     <span class='ocr_line' id='line_1_43' title="bbox 0 0 1178 4162; baseline 0 0"><span class='ocrx_word' id='word_1_315' title='bbox 0 0 1178 4162; x_wconf 95' lang='lat' dir='ltr'> </span> 
     </span>
    </p>
   </div>
  </div>
 </body>
</html>
