2348 4162
193 236 257 308 492
300 228 309 243 x
485 240 677 300 Praelationes
695 243 731 299 D.
749 242 784 301 ll.
804 244 832 301 b
874 316 877 321 Ι

196 414 304 496 bisque
326 416 475 479 similibus
497 419 582 482 dicis.
637 418 865 480 Commentario
888 418 972 479 enim
995 414 1117 497 scripse·

196 506 275 579 runt,
299 500 329 560 in
352 500 464 580 quibus
486 522 542 563 sua
564 503 676 583 potius,
700 520 790 581 quam
813 501 942 563 Paulina
964 506 1019 561 sut
1040 499 1118 562 Ghri·

195 583 295 645 stiaua
318 584 522 647 tradiderunt:
547 594 615 646 tuas
628 585 845 646 annotationes
858 604 951 646 nemo
968 602 1118 644 commen-

197 670 305 727 tarium
341 668 496 748 appellet,
533 669 586 729 sed
620 669 751 730 indicem
786 668 937 730 duntaxat
971 666 1119 747 legendae

196 746 372 831 scripturae
410 759 441 812 et
463 752 672 833 cognoscendi
696 751 822 831 Christi,
851 751 882 812 id
913 749 997 830 quod
1023 750 1119 810 nullus

196 833 346 895 hacteuus
369 837 523 915 praestitit
535 837 835 915 commentariorum,
857 836 910 914 qui
932 834 1046 896 saltem
1070 853 1119 895 ex·

196 924 264 981 stet.
299 915 379 979 Nam
404 919 486 998 quod
502 927 533 979 tu
552 919 697 998 causeris,
719 937 778 979 neo
792 918 844 979 tibi
868 919 926 999 ipsi
938 937 998 999 per
1020 917 1120 978 omnia

195 1001 386 1062 satisfactum
409 1003 468 1063 tuis
490 1002 756 1082 annotationibus,
791 1000 878 1063 labor
899 1007 948 1062 est
970 1006 1044 1062 ante
1064 1018 1119 1079 ma,

194 1091 229 1144 ut
251 1084 302 1144 tibi
333 1084 472 1156 credam,
507 1085 560 1145 sed
594 1104 667 1145 ecce
701 1083 810 1165 oredo,
845 1103 907 1146 non
935 1083 1119 1145 satisfeceris

195 1167 248 1228 tibi
270 1168 338 1247 ipsi.
382 1167 490 1246 Neque
512 1167 571 1229 hoc
605 1170 761 1248 quaeritur
788 1186 847 1228 nec
869 1169 985 1249 petitur
1006 1165 1119 1245 abste,

195 1251 266 1329 quin
292 1249 434 1310 volumus
457 1252 552 1313 Paulo
574 1272 661 1312 suam
683 1269 806 1331 quoque
838 1250 972 1331 gloriam
995 1250 1118 1329 salvam,

194 1352 234 1393 ne
256 1332 381 1411 quando
404 1335 497 1395 iactet
518 1332 640 1415 aliquis,
662 1333 834 1415 Philippum
865 1353 933 1394 esse
957 1333 1057 1395 Paulo
1077 1352 1118 1393 su·

196 1416 349 1497 periorem
371 1417 420 1477 vel
436 1419 608 1497 aequalem,
630 1416 744 1478 sufficit
764 1416 817 1478 tibi
839 1418 1017 1497 proximum
1031 1415 1118 1477 Paulo

194 1518 275 1562 esse.
318 1499 399 1560 Nulli
423 1500 604 1581 invidemus,
637 1502 661 1562 si
684 1502 811 1581 propior
832 1499 897 1561 fieri
921 1501 1048 1581 poterit,
1070 1499 1118 1559 sci·

197 1601 263 1643 mus
296 1588 327 1643 te
348 1583 421 1643 nihil
445 1603 535 1661 esse,
570 1603 673 1645 rursus
702 1586 815 1644 scimus
839 1583 995 1644 Christum
1020 1583 1117 1644 omnia

195 1666 225 1725 in
249 1666 390 1726 omuibus
413 1686 491 1743 esse,
515 1668 565 1747 qui
589 1669 613 1728 si
637 1687 691 1748 per
717 1669 835 1728 asinam
858 1684 946 1730 suam
972 1667 1118 1748 loquatur,

195 1748 339 1828 placebit,
363 1767 415 1809 cur
437 1749 614 1831 displiceat,
641 1751 666 1810 si
693 1769 748 1830 per
774 1750 928 1812 bominem
954 1744 1117 1831 loquuturi

198 1830 476 1894 Nonnehomoes?
492 1832 791 1895 NonneObristies‘l
811 1831 926 1895 Nonne
937 1852 1049 1894 sensus
1060 1833 1118 1893 eius

196 1914 340 1975 inteest?
364 1915 485 1990 Quodsi
502 1916 1118 1998 tuipsepolitioriorationeetcopiusiore

197 1996 367 2058 eruditione
389 1998 523 2059 libellum
540 2000 742 2061 huucorsare
754 2005 785 2060 et
806 2018 922 2079 augere
936 1999 1038 2078 voles,
1059 2016 1117 2080 gro

196 2088 258 2139 turn
282 2082 355 2141 erit:
385 2083 503 2141 interim
536 2084 627 2143 etiam
648 2083 745 2143 invito
769 2088 799 2143 te
821 2090 942 2163 gratum
966 2083 1038 2160 erit,
1067 2098 1117 2142 nos

197 2164 288 2242 potiri
310 2163 400 2223 rebus
425 2170 456 2223 et
488 2165 627 2226 sensibus
649 2165 735 2233 Pauli
780 2174 832 2225 tuo
861 2166 1033 2226 ministerio
1056 2182 1117 2246 pro

198 2245 306 2309 ductis.
351 2246 480 2307 Veniam
504 2267 565 2309 non
589 2258 672 2329 peto,
695 2250 720 2309 si
742 2254 772 2309 te
794 2247 855 2309 hoo
876 2248 959 2308 facto
983 2246 1116 2310 offendo:

198 2330 253 2389 sed
277 2336 308 2390 tu
332 2328 439 2390 desine
462 2331 592 2410 offendi,
624 2351 684 2411 quo
708 2349 764 2391 nos
786 2333 890 2412 potius
914 2330 1067 2410 offendis,
1092 2334 1118 2389 et

96 2470 100 2479 ,
196 2414 288 2472 venia
321 2431 399 2493 opus
433 2414 572 2478 habebis.
632 2415 782 2476 Dominus
811 2420 912 2474 autem
948 2420 1063 2494 augeat
1092 2416 1118 2471 et

198 2502 297 2555 servet
331 2503 361 2556 te
398 2498 428 2555 in
462 2505 631 2559 aeternum.
690 2496 952 2577 Wittembergae,
985 2494 1117 2561 291011

196 2597 277 2639 anno
301 2577 457 2642 thXXll.

604 2662 687 2724 Tuus
709 2664 855 2725 Martinus
876 2661 1082 2749 Lutherus*).

269 2951 300 3015 ³)
321 2949 462 3008 Walebius
488 2948 560 3006 falsa
589 2950 720 3020 opinione
739 2951 840 3008 ductus
867 2952 895 3007 in
915 2951 961 3008 ed.
982 2952 1005 3008 0
1027 2969 1054 3022 p.
1071 2952 1117 3007 Lu·

198 3023 269 3078 theri
287 3023 320 3077 T.
341 3023 411 3087 XIV,
431 3039 458 3091 p.
481 3025 513 3080 19
532 3028 561 3078 et
577 3024 628 3080 199
656 3023 802 3078 bulherum
824 3026 908 3080 refert
934 3025 963 3078 in
981 3025 1004 3078 P
1026 3024 1053 3079 ‘l.
1071 3024 1118 3078 lle·

196 3093 372 3149 lanchtbonis
390 3092 505 3150 librum:
530 3095 628 3163 „Pauli
657 3095 694 3150 ad
714 3095 894 3151 colossenses
921 3096 1045 3164 epistola
1064 3109 1118 3151 oum

197 3166 403 3221 commentariis
422 3165 541 3235 Philippi
560 3166 788 3222 llelancbthcnis.
811 3169 889 3225 1529.
909 3168 955 3224 8.“
974 3167 1118 3236 praelatio

195 3254 256 3293 nem
276 3237 422 3292 latinam
443 3238 642 3307 conscripsisse
661 3244 689 3295 et
713 3241 818 3294 Iustum
842 3240 938 3293 Ionam
967 3238 1042 3294 hanc
1063 3253 1118 3294 cum

205 3309 425 3364 Melancbthonis
434 3310 638 3365 commentariis
647 3311 674 3365 in
687 3311 810 3381 linguam
829 3311 1021 3379 germanicam
1037 3318 1120 3367 nana

194 3383 298 3437 tulisse.
322 3380 541 3436 Melanchtbonis
560 3382 631 3436 enim
657 3381 728 3437 libro
753 3399 808 3437 uon
826 3383 887 3448 illa,
912 3382 964 3438 sed
991 3381 1065 3439 haec
1083 3386 1121 3437 est

197 3453 356 3523 inscriptio:
379 3452 517 3522 „Philippi
538 3453 758 3510 Melanchthonis
781 3453 894 3509 Scholia
922 3453 951 3509 in
969 3454 1121 3526 Epistolam

198 3527 235 3579 ad
257 3526 438 3581 colossenses
451 3526 610 3594 recognita.
640 3526 939 3596 Wittenbergae1528.
958 3527 984 3584 8.
1006 3528 1122 3597 (Panse

195 3597 243 3662 Ill,
263 3598 344 3665 87),“
364 3603 392 3651 et
410 3595 523 3651 Lutheri
551 3594 689 3665 praefatio
711 3614 767 3652 non
794 3605 838 3653 est
859 3597 946 3654 latine
971 3598 1123 3669 composita

194 3668 223 3722 in
242 3667 315 3722 hunc
343 3667 413 3723 Phil.
437 3668 656 3724 Melanchthonis
684 3668 784 3725 librum
807 3670 938 3737 latinum,
975 3676 1006 3726 ut
1024 3671 1054 3726 in
1071 3670 1121 3740 qub

197 3753 335 3810 nusquam
354 3739 517 3810 reperiatur,
536 3740 587 3797 ssd
605 3741 764 3812 germanice
787 3741 816 3797 in
834 3741 917 3798 huius
935 3741 1000 3799 hbri
1023 3742 1121 3801 voram
