2348 4162
192 220 254 286 184
433 222 477 278 De
495 238 578 278 servo
597 222 711 278 arbitrio
731 224 764 277 D.
782 223 817 278 u.
834 223 865 278 L.

190 393 271 456 uitat.
314 389 438 453 Interim
468 391 557 453 nobis
583 397 614 453 et
645 391 713 453 aliis
741 391 852 453 blande
874 391 1109 474 persuademus,

189 495 258 536 esse
280 474 391 535 multos
414 475 512 536 bonos
536 476 617 537 viros
638 476 782 553 interra,
804 477 855 556 qni
877 476 1011 537 libenter
1031 478 1112 538 veri·

189 563 282 619 tatem
306 558 478 638 amplexnri
500 560 577 639 sint,
607 559 631 618 si
654 560 710 635 sit,
733 560 888 639 quietare
910 559 1033 640 doceat,
1055 579 1114 620 neo

189 661 258 702 esse
286 641 552 720 praesumendum,
585 647 631 702 tot
656 641 793 703 eruditos
825 648 911 703 tanta
937 642 1112 704 seculorum

88 748 91 755 ·
189 726 267 784 serie
291 725 499 785 viroserrasse
520 732 572 785 aut
595 744 656 785 non
671 726 865 805 eognovisse,
878 727 975 806 .quasi
989 728 1112 806 ignore·

191 828 277 884 mus,
300 807 444 868 mundum
467 827 535 868 esse
563 827 689 888 regnum
735 807 883 886 Satanae,
912 807 961 871 ubi
991 815 1114 890 praeter

189 891 355 951 naturalem
379 892 559 952 eaecitatem
580 897 724 971 agnatum
747 911 787 952 ex
821 909 912 951 oarne
944 893 1039 953 etiarn
1063 913 1112 953 ne·

189 975 342 1053 quissimis
365 974 519 1053 spiritibus
541 973 739 1054 regnantibus
767 993 859 1054 super
890 993 949 1035 nos
993 976 1023 1034 in
1046 978 1114 1055 ipsa

189 1059 338 1118 eaecitate
360 1056 555 1134 induremur,
589 1063 619 1118 et
641 1057 867 1136 daemoniacis,
890 1075 949 1118 neo
968 1058 1032 1119 iarn
1055 1057 1110 1119 bu-

98 1210 100 1215 ,
190 1141 287 1200 manis
310 1138 445 1201 tenebris
468 1147 612 1202 tenemur.

272 1222 304 1284 Si
326 1223 418 1302 igitur
439 1223 608 1303 Scriptura,
631 1221 784 1303 inquis1),
808 1222 943 1284 dilucida
964 1229 1030 1303 est,
1059 1241 1113 1284 eur

188 1303 219 1366 in
251 1306 309 1366 bae
336 1312 423 1386 parte
457 1312 505 1367 tot
532 1307 642 1366 seculis
676 1298 864 1367 exbellentes
897 1307 1026 1386 ingenio
1057 1307 1111 1367 viri

144 1406 148 1411 ·
189 1388 418 1451 oaeeutierunt?

103 1480 106 1487 '
270 1471 472 1552 Respondeo:
496 1472 710 1532 anoutierunt
732 1472 777 1531 sio
794 1472 823 1531 in
847 1470 1024 1531 laudemet
1045 1471 1111 1552 glo·

105 1627 108 1631 ,
188 1556 262 1615 riam
286 1554 372 1616 liberi
394 1555 525 1630 arbitrii,
561 1560 594 1614 ut
620 1554 832 1615 ostenderetur
861 1554 915 1615 illa
947 1554 1112 1634 magnifiee

188 1640 301 1700 iactata
323 1639 387 1714 vis,
419 1657 477 1718 qua
506 1657 539 1697 se
566 1637 660 1697 bomo
690 1637 847 1718 applicare
876 1643 980 1718 potest
1002 1636 1042 1697 ad
1064 1657 1111 1718 ea,

189 1741 268 1799 quae
290 1726 361 1781 sunt
379 1721 486 1782 salutis
513 1727 674 1799 aeternae,
704 1721 823 1780 seilieet
849 1739 928 1800 quae
956 1738 1025 1783 neo.
1046 1721 1112 1781 visa

188 1804 280 1880 videt,
303 1823 361 1864 neo
383 1804 486 1864 auditu
508 1803 615 1882 audit,
651 1803 746 1864 multo
777 1804 876 1863 minus
897 1802 1042 1884 intelligit
1064 1803 1112 1864 vel

190 1888 316 1967 appetit.
349 1887 417 1947 Hno
438 1887 519 1947 enirn
541 1888 683 1966 pertinet,
706 1884 788 1966 quod
802 1884 939 1947 Christus
957 1905 998 1946 ex
1020 1885 1112 1947 Esaia

188 1980 219 2030 et
240 1969 456 2050 Evangelistae
479 1971 570 2031 toties
593 1968 788 2050 asserunt*):
816 1968 984 2030 Audientes
1006 1968 1111 2030 audie·

188 2052 236 2129 tis,
249 2059 278 2111 et
289 2070 350 2113 non
360 2054 556 2134 cognoscetis
568 2058 598 2112 st
613 2052 753 2112 videntes
770 2070 831 2113 non
846 2051 1000 2112 videbitis.
1032 2050 1111 2127 Quid

188 2135 503 2216 bonestaliud,qnam
514 2135 803 2196 libernmarbitrium
817 2135 1110 2196 seueorburnunum
1129 2194 1134 2201 .

78 2280 81 2287 ,
131 2292 133 2297 ⁴
187 2219 232 2278 sie
245 2238 313 2279 esse
327 2222 460 2280 Satanae
472 2219 810 2299 potentiaoppressum,
825 2219 920 2278 utnisi
929 2218 1040 2297 spiritu
1053 2218 1110 2278 Dei

186 2300 365 2362 mirabiliter
375 2304 546 2382 suseitetur,
565 2323 619 2382 per
628 2321 809 2362 seseneeea
818 2300 1040 2381 niderspossit,
1054 2319 1111 2362 neo

188 2384 305 2462 audire,
330 2405 409 2464 quae
430 2387 460 2445 in
483 2387 568 2464 ipsos
592 2385 700 2446 oculos
733 2392 763 2445 et
784 2386 814 2444 in
839 2403 927 2444 aures
949 2384 1111 2445 manifeste

185 2469 381 2548 impingunt,
410 2474 442 2528 ut
464 2468 579 2548 palpari
604 2469 723 2548 possint
744 2465 859 2530 manu?
883 2473 968 2527 tanta
990 2474 1040 2528 est
1060 2467 1111 2527 mi·

186 2553 321 2612 seriaet
344 2553 478 2612 oaeoitas
500 2552 623 2611 humani
646 2551 777 2631 generis.
821 2550 873 2611 Sio
894 2549 975 2611 enirn
999 2556 1029 2613 et
1053 2550 1110 2630 ipsi

187 2632 406 2714 Evangelistae
428 2634 578 2709 admirati,
602 2636 652 2711 qui
666 2633 762 2708 fieret,
784 2640 816 2694 ut
837 2631 943 2694 Iudaei
966 2631 1110 2713 operibus

186 2723 217 2776 et
239 2717 338 2777 verbis
362 2717 491 2796 Christi,
521 2736 600 2797 quae
622 2717 712 2796 plane
735 2715 858 2777 fuorunt
890 2715 1109 2797 irrefragabilia

185 2805 216 2860 et
237 2800 435 2880 innegabilia,
458 2819 518 2861 non
543 2806 732 2880 caperentur,
755 2801 815 2860 isto
838 2797 1016 2878 Seript-urae
1039 2799 1107 2861 looo

184 2882 242 2944 sibi
255 2883 452 2961 respondent,
460 2882 665 2961 soilioetquod
680 2883 772 2943 homo
787 2882 845 2943 sibi
859 2881 983 2943 reliotus
1001 2882 1108 2943 videns

184 2985 247 3025 non
271 2966 352 3025 videt
376 2973 406 3025 et
427 2965 555 3027 audiens
573 2985 634 3026 non
657 2965 751 3026 audit.
784 2965 862 3040 Quid
882 2964 1107 3027 monstrosius?

184 3047 260 3125 Lux,
283 3047 458 3131 inquisti),
483 3049 564 3110 lueet
585 3051 616 3109 in
639 3048 788 3126 tenebris,
818 3056 850 3109 et
870 3047 1017 3110 tenebrae
1047 3067 1106 3110 non

185 3130 501 3214 comprehendunt2).
548 3132 622 3207 Quis
644 3132 705 3192 hoo
727 3131 888 3192 erederet?
931 3131 1008 3207 Quis
1030 3131 1106 3193 sirni-

183 3214 224 3274 liu
246 3215 382 3276 audivit?
436 3215 551 3276 Luoere
583 3218 612 3276 in
637 3214 773 3276 tenebris
797 3215 919 3289 lucem,
951 3219 1106 3277 ettamen

184 3297 325 3358 tenebras
350 3318 473 3359 manere
495 3299 648 3375 tenebras,
672 3318 730 3358 neo
752 3298 916 3358 illustrari?

266 3381 399 3443 Proinde
421 3401 482 3442 non
514 3388 561 3442 est
593 3382 654 3443 hoo
677 3382 784 3442 mirum
813 3382 844 3441 in
867 3379 958 3441 rebus
987 3380 1104 3459 divinis,

182 3567 592 3579 ——---—-—--—-—--

254 3664 285 3729 1)
315 3664 346 3718 In
371 3662 415 3718 ed.
444 3664 500 3719 len.
530 3665 576 3720 hio
604 3665 631 3719 in
662 3664 787 3735 margine
819 3664 934 3735 legitur:
968 3665 1102 3721 Erasmus·

183 3734 209 3805 ⁸)
229 3735 303 3792 usai.
324 3738 349 3794 6.
387 3735 433 3801 ⁴⁸)
453 3736 512 3792 loh.
532 3741 557 3794 1.
595 3739 628 3808 2)
648 3736 733 3793 ibin:
752 3736 972 3807 apprehendunt.
