2348 4162
124 260 168 328 34
413 259 575 333 Exemplum
593 259 753 333 theologiae
854 230 856 234 Α

125 433 235 512 mism,
262 431 400 514 politiam
428 439 460 494 et
482 433 660 513 eoolesiem,
691 433 793 495 divina
814 432 933 494 soiiioet
955 450 1050 513 opera

125 523 156 578 et
177 522 354 597 praeoepte.
398 515 483 576 Haeo
506 523 554 578 est
578 518 673 579 multo
696 520 803 596 maior,
827 516 913 603 quod
931 536 986 596 per
1006 516 1049 575 in·

124 619 262 681 gressum
283 599 441 679 religionis
464 606 580 681 negant
567 600 691 661 t-fidem
716 600 827 661 Christi
806 606 881 661 tet
901 599 1051 659 damnant

124 685 253 780 gratiam
283 681 426 764 baptismi
447 684 513 765 sni,
547 690 578 743 et
566 684 816 745 toontnmeliem
846 683 961 743 feoiunt
948 681 1049 761 rspi-

123 767 192 826 ritui
214 773 332 830 senato.
376 764 455 840 Quia
477 785 538 833 non
562 766 720 828 confidunt
746 786 800 846 per
824 767 975 827 Christum
997 771 1050 825 aut

124 848 339 928 baptismum
332 851 402 909 rusti
424 854 455 909 et
442 849 552 909 tselvi
574 849 650 928 fieri,
673 849 725 910 sed
743 869 798 930 per
814 856 893 910 vote
908 854 939 909 et
955 859 1051 928 opere

123 933 282 1012 religionis
304 950 394 1010 snae,
425 938 487 991 tem
508 932 723 1012 abundanter?
748 939 782 992 ut
803 953 840 994 eu
868 933 960 992 etiem
982 930 1050 991 aliis

125 1016 274 1095 vendant,
297 1022 328 1074 et
349 1033 412 1074 non
440 1015 539 1075 solnm
568 1018 725 1097 seipsos,
748 1015 801 1077 sed
833 1023 863 1076 et
890 1015 967 1076 alios
994 1032 1051 1094 per

125 1097 233 1158 eadem
256 1097 359 1158 salvos
382 1097 513 1179 saniant,
546 1117 619 1159 eene
641 1099 700 1160 boo
728 1106 775 1159 est
796 1117 941 1195 spernere
963 1116 1049 1157 mun·

125 1181 207 1241 dnm.
250 1180 336 1240 Haee
364 1145 552 1242 abominatio
585 1187 657 1242 tune
691 1184 831 1262 regnavit
868 1180 950 1263 apud
984 1199 1050 1257 eos,
1084 1201 1088 1207 ·

125 1283 183 1325 neo
204 1268 335 1343 possunt
356 1282 538 1344 negare‚e
520 1272 675 1326 ettamen
705 1285 766 1325 non
797 1268 970 1344 ognosunnt
998 1269 1051 1323 aut

48 1408 51 1413 .
120 1349 293 1428 'poenitent
336 1344 363 1408 Ο
397 1344 542 1408 maledie
530 1355 578 1409 us
614 1349 672 1408 iste
708 1353 902 1428 contemptus
936 1344 1050 1425 mnndi,

45 1455 48 1460 ·
126 1449 187 1508 qno
210 1449 272 1490 non
294 1436 397 1511 potest
418 1432 534 1491 maiore
557 1432 717 1510 saerilegio
747 1431 877 1492 mundus
906 1429 1050 1491 honorari

126 1522 158 1579 et
181 1514 323 1593 prinoeps
346 1515 411 1573 eius
434 1513 575 1574 diabolus
597 1514 727 1575 adorari.

208 1595 358 1676 Spernere
387 1616 460 1657 nero
488 1605 626 1658 ornatum
658 1597 752 1657 seculi
780 1595 863 1657 aliud
884 1595 958 1655 nihil
981 1613 1050 1657 esse

125 1685 244 1760 potest,
278 1697 368 1758 quam
391 1679 520 1739 formem
546 1681 638 1740 vestis
661 1680 804 1760 puellaris
837 1699 892 1760 per
919 1679 1048 1739 formam

126 1762 235 1833 ouonlli
259 1770 392 1842 mutere,
425 1765 628 1842 nequeenim
658 1782 765 1823 omnes
789 1762 919 1823 Nonuse
940 1780 1049 1822 aureas

124 1863 267 1924 coronas,
289 1844 476 1905 murenullas
498 1851 528 1906 et
549 1854 673 1924 torques
695 1846 840 1925 habuere,
862 1864 936 1925 quas
962 1844 1049 1905 relin-

125 1935 262 2008 querent,
286 1946 393 1989 omnes
418 1947 489 1989 vero
511 1929 678 2008 puellarem
690 1927 719 2011 ¹)
747 1935 873 2010 vestem,
897 1947 958 2008 qua
980 1946 1052 1986 eum.

124 2012 243 2072 honore
265 2029 369 2072 noram
392 2010 459 2072 Deo
487 2021 517 2072 et
505 2010 714 2074 thominibns
742 2031 816 2072 usae
839 2009 964 2093 sunt²)
986 2030 1050 2070 mu-

78 2157 80 2161 ,
124 2101 191 2156 tant
213 2094 344 2157 oueullo.

207 2175 288 2255 Quid
319 2177 410 2256 igitur
438 2185 585 2256 spernunt
611 2179 688 2239 istae
720 2175 957 2259 hypooritae³),
991 2176 1050 2236 nisi

125 2261 237 2322 bouem
261 2268 292 2320 ιι
314 2258 432 2321 utilem
440 2269 567 2341 vestem,
590 2262 720 2322 honeste
743 2272 773 2321 et
795 2259 969 2320 vereounde
989 2258 1049 2320 for·

125 2350 237 2405 metam
271 2351 302 2404 st
328 2350 497 2425 gestatam,
530 2352 575 2406 et
588 2347 619 2405 in
641 2364 715 2425 qne,
750 2342 988 2424 proculdubie,
1023 2344 1048 2401 si

125 2437 210 2487 oaste
231 2434 262 2487 et
284 2426 462 2488 obedientes
491 2427 744 2508 subponentibus
770 2429 928 2504 vixerunt,
961 2425 1049 2506 plura

125 2519 156 2570 et
178 2495 333 2571 sanotioru
356 2529 451 2591 opera
473 2511 627 2588 fecerunt,
660 2530 751 2591 quem
780 2512 811 2572 in
834 2509 975 2571 omnibns
999 2527 1049 2574 ou-

125 2593 214 2654 onllis
235 2613 371 2673 unquam
394 2594 473 2654 faeta
497 2601 568 2655 sunt
589 2602 619 2655 et
640 2593 705 2655 fieri
729 2601 868 2674 possunt.
889 2592 929 2653 Et
945 2598 1048 2653 tamen

125 2678 212 2737 istem
241 2677 354 2738 builam
385 2677 473 2736 huius
508 2677 665 2739 doetrinae
696 2679 741 2738 sio
773 2680 963 2738 iuetevernut
993 2694 1049 2755 per

125 2761 306 2838 eeclesiam,
339 2769 371 2819 ut
392 2779 484 2820 omne
505 2756 603 2841 genus
625 2762 760 2841 martyrii
782 2765 948 2840 superaret.
990 2757 1063 2843 Hie¹

35 2864 38 2870 ’
124 2843 226 2904 nullus
254 2844 417 2923 episeopus
450 2843 602 2923 vigilavit,
637 2844 737 2904 nullus
765 2843 875 2905 doetor
905 2843 1049 2903 olamavit

31 2928 32 2933 ’
125 2934 233 2988 eontra
260 2926 315 2986 bas
350 2925 482 3006 perfides
513 2934 543 2986 et
565 2925 761 3007 blasphemas
790 2927 1054 3008 abominationes,

25 3007 27 3013 ’
125 3010 180 3072 sed
203 3028 310 3071 omnes
332 3009 421 3070 simul
442 3010 653 3071 insaniverunt
680 3017 712 3072 et
732 3010 939 3091 probaverunt
960 3027 1049 3070 mon·

43 3166 46 3171 ,
125 3101 187 3154 stre
208 3095 301 3172 haee,
334 3099 426 3172 atque
449 3095 643 3154 nuncetiam
666 3093 833 3155 defendunt
856 3095 885 3154 vi
908 3098 938 3154 et
959 3091 1047 3156 furia.

509 3265 670 3347 Sequitur:

208 3392 305 3459 Offert
292 3401 359 3456 ιιι
380 3395 483 3456 anime
512 3404 541 3457 et
566 3415 698 3478 corpore
724 3395 828 3455 vivere
852 3393 918 3454 Deo
947 3399 1043 3454 aeter·

126 3479 274 3544 naliter„
298 3478 349 3542 sie
381 3481 460 3540 enim
496 3479 670 3540 docuerunt
702 3479 752 3539 isti
789 3477 930 3556 saerilegi
953 3477 1045 3552 esini,

126 3570 157 3623 et
192 3562 252 3623 hao
287 3563 424 3624 doetrina
460 3561 552 3624 fidem
595 3563 704 3624 Christi
743 3561 971 3639 exstinxerunt,
1017 3565 1048 3621 et

197 3729 229 3800 1)
251 3729 281 3783 In
301 3727 345 3784 ed.
364 3729 434 3784 len:
452 3727 612 3798 puetarum.
642 3729 675 3794 2)
696 3727 727 3784 In
744 3726 789 3785 sd.
809 3724 892 3798 orig:
912 3724 955 3781 nsi
973 3727 1047 3782 sunt.
1083 3725 1087 3731 '

124 3801 153 3873 3)
172 3802 204 3858 Iu
225 3800 270 3859 ed.
291 3802 358 3859 len:
377 3800 423 3859 isti
442 3798 612 3873 hypooritae.
