2348 4162
197 248 262 313 294
438 242 877 301 nomenniomen.

199 419 300 479 studio
322 434 444 477 currere
465 414 552 475 lecit:
573 416 656 489 item,
678 431 771 473 nemo
794 418 978 489 coronetur,
1005 409 1121 471 uirile

201 502 307 582 gitime
329 500 506 560 eertnserit.
540 497 691 577 Ephesios
712 510 745 556 et
764 496 1060 556 Tbeseelunioensos
1079 514 1122 554 nr·

202 588 259 645 mis
281 582 457 657 instruitft,
480 594 511 639 et
532 600 566 639 se
589 579 703 639 bonum
725 592 883 639 sertumen
905 592 1043 639 oertme
1060 576 1123 657 glo·

201 672 311 729 rietur.
345 681 375 726 et
397 665 509 725 similia
536 664 623 723 elius.
666 662 718 723 sie
739 676 770 722 et
794 662 822 724 1.
845 662 923 743 Beg.
945 662 964 723 2
986 659 1124 721 soribitur

109 758 114 767 '
202 754 232 810 in
245 736 380 827 Ebreeo,
402 746 486 827 quod
508 745 562 805 lilii
574 746 622 804 Eli
646 744 841 806 dormiebant
861 764 931 804 mm
948 743 1123 804 mulieribus

72 3814 186 3916 ἢ

202 832 402 893 militantibus
423 833 454 890 in
477 830 559 889 ostio
569 827 757 888 tabernaculi
770 828 915 895 foederis.
938 827 979 887 de
995 844 1122 906 querunt

203 917 310 976 militie
331 929 362 975 et
373 915 476 973 lloses
497 914 528 971 in
540 911 653 971 Exodo
670 913 818 977 meminit,
841 922 871 970 et
892 910 966 971 bino
976 910 1123 971 Dominus

201 998 341 1060 Zebooth
362 1008 492 1057 sonetur
505 995 588 1053 Dens
603 995 709 1074 populi
731 995 822 1071 illius,
843 993 874 1054 id
895 1004 954 1071 ert,
975 993 1123 1053 Dominus

207 1082 333 1142 militine
355 1079 404 1140 vel
426 1080 626 1138 exercituum.

285 1165 394 1223 Esaias
416 1164 508 1241 igitur
529 1158 667 1220 militiam
679 1159 788 1238 legalis
800 1158 917 1239 populi,
938 1159 1013 1239 quie
1027 1156 1057 1235 ¹)
1070 1157 1122 1219 sub

204 1248 273 1327 lege
296 1245 487 1306 vexabuntur
508 1243 594 1303 velut
610 1242 915 1322 onereimportebili,
936 1250 1018 1302 teste
1034 1240 1122 1303 Petro

203 1330 293 1391 Aeto.
321 1334 357 1393 lo
379 1327 545 1387 denunciet
564 1324 600 1397 ²)
623 1325 789 1385 finiendam
812 1344 900 1397 esse,
928 1336 961 1385 et
981 1324 1122 1386 liberator

203 1413 313 1492 alege
354 1413 383 1470 iu
415 1430 528 1470 novom
565 1409 703 1468 militium
741 1408 865 1488 spiritus
886 1408 1121 1469 bannierendot.

204 1496 299 1555 Porro
321 1497 347 1554 is
368 1494 437 1554 linis
460 1493 585 1552 militine
607 1492 787 1551 durissimae
821 1498 853 1552 et
873 1493 1031 1552 suooeesio
1053 1490 1121 1552 mili·

205 1580 266 1639 tine
286 1597 388 1638 novoe
418 1586 449 1636 et
473 1576 647 1637 liberrimae
680 1594 744 1635 non
777 1573 899 1634 dubitur
928 1574 991 1635 illis
1020 1576 1121 1635 metito

203 1662 336 1738 illorum,
358 1679 426 1720 oum
449 1659 534 1718 illam
556 1677 657 1737 neque
678 1658 756 1717 terre
776 1660 950 1738 potuerint,
982 1658 1048 1718 imo
1071 1656 1121 1718 do-

205 1746 314 1806 merito
334 1743 456 1803 illorum
469 1742 581 1821 potius,
604 1742 677 1820 quie
690 1742 736 1799 sio
756 1739 860 1800 linitur
879 1760 986 1801 eorum
1011 1741 1123 1815 militis,

204 1827 288 1907 qnod
311 1826 443 1886 donetur
472 1826 516 1884 eis
545 1824 679 1903 gratuito
714 1842 821 1883 eorum
859 1824 1016 1901 iniquitas.
1058 1823 1121 1885 Nou

204 1917 276 1970 sunt
297 1910 347 1968 bio
368 1906 607 1968 verboobscure
628 1906 679 1965 vel
700 1905 854 1986 ambigue.
897 1906 1036 1967 Militiam
1061 1904 1121 1967 lini·

205 1992 315 2052 endem
338 1991 421 2065 dicit,
443 1990 525 2064 ideo,
548 1989 632 2070 quod
655 1989 788 2050 donetur
809 1990 1044 2069 eiusiniquiter,
1065 2008 1122 2051 mt-

204 2075 314 2135 nileste
345 2071 538 2152 significans,
571 2073 683 2132 milites
717 2072 864 2152 sublege
897 2092 961 2133 non
982 2072 1122 2153 implesse

205 2158 316 2235 legem,
339 2176 440 2235 neque
462 2156 590 2235 implere
611 2157 759 2234 potuisse,
781 2155 836 2215 sed
851 2155 989 2216 militium
1008 2154 1121 2236 peoonll

205 2241 391 2319 exercuisse,
414 2247 446 2299 et
467 2237 576 2297 milites
599 2246 779 2316 peooetores
800 2238 909 2313 luiss03
937 2240 1024 2299 nesi
1047 2239 1121 2301 dioet

205 2324 297 2385 Deus.
320 2342 418 2403 oogor
438 2323 483 2383 eis
505 2328 635 2401 peecata
656 2320 788 2396 dooere,
816 2321 842 2380 si
869 2320 942 2382 volo
964 2320 1068 2401 legem
1089 2320 1121 2383 eb

205 2407 263 2466 illis
286 2407 420 2485 impleri,
452 2406 514 2464 imo
537 2403 628 2463 simul
650 2403 750 2484 legem
772 2404 898 2483 tollere,
931 2405 1006 2482 quie
1038 2405 1121 2466 video

206 2509 266 2549 ooo
288 2508 382 2569 posse
404 2507 459 2548 eos
480 2506 543 2547 non
566 2504 711 2565 peecare,
740 2494 802 2547 tum
825 2488 959 2547 maxime
982 2506 1054 2548 oum
1077 2488 1122 2549 mi·

205 2572 303 2648 litant,
324 2570 354 2630 id
378 2578 434 2648 est,
458 2571 556 2648 legem
580 2569 694 2629 viribus
707 2572 769 2628 suis
780 2572 953 2649 exprimere
975 2570 1120 2633 laborent

205 2655 282 2715 Nam
306 2654 431 2733 verbum
455 2652 634 2713 Ebrnioum:
669 2651 793 2714 Doneto
823 2660 870 2712 est
890 2654 1049 2733 iniquitas,
1071 2654 1121 2733 sig·

205 2736 309 2796 nitiont
330 2738 494 2817 gratuitum
518 2735 754 2814 beneplacitum.
798 2735 837 2796 tit
859 2754 897 2795 eo
920 2735 1055 2797 donetur
1075 2735 1121 2797 ini·

205 2822 304 2898 quitus
326 2821 394 2881 sine
416 2818 479 2879 ullo
502 2820 626 2893 roerito,
648 2821 712 2879 imo
735 2838 803 2879 oum
827 2819 988 2882 demerito.
1028 2823 1122 2900 Atque

205 2902 265 2963 boo
287 2911 334 2961 est
356 2902 438 2981 quod
454 2901 487 2975 ²)
511 2900 621 2960 subdit.
1096 2948 1099 2953 .

288 2986 453 3064 Accepit
480 2986 578 3043 enim
614 2983 659 3045 de
691 3004 805 3044 moun
829 2984 984 3045 Domini
1007 2983 1121 3066 dupli·

205 3068 275 3143 oin,
298 3086 364 3147 pro
388 3065 563 3127 omnibus
585 3068 769 3146 pooontis
790 3068 879 3130 suis.
923 3067 993 3128 lloo
1016 3076 1075 3145 est,
1096 3071 1123 3126 ul

204 3150 277 3225 dixi,
300 3171 362 3211 uon
384 3150 483 3211 solum
506 3151 718 3211 remissionem
731 3156 941 3230 peecatorum,
963 3150 1121 3213 sedetiam

205 3232 320 3292 linitum
344 3233 491 3306 militiam,
514 3232 597 3310 quod
621 3233 869 3314 estatindnihil,
893 3253 986 3313 quem
1008 3234 1122 3296 subluto

207 3316 295 3394 lege,
330 3334 409 3393 quae
431 3323 496 3376 eret
520 3318 614 3377 virtus
637 3319 769 3396 peceati,
797 3323 828 3376 et
849 3316 965 3377 donsto
988 3324 1121 3397 poento,

205 3399 287 3477 quod
311 3405 378 3461 erat
398 3398 522 3459 eculeus
545 3402 661 3475 mortis,
684 3406 849 3480 regnarent
869 3401 900 3460 in
912 3399 1057 3463 libertate
1076 3399 1119 3460 du-

277 3666 309 3731 ·)
330 3664 432 3749 tiphos.
443 3666 470 3721 6.
490 3666 653 3725 l.Thsss.2.
691 3669 722 3733 l)
744 3669 774 3723 ln
792 3666 837 3724 od.
856 3668 942 3727 1526:
962 3667 1019 3739 qni.
1037 3664 1118 3737 ulut-

205 3734 282 3793 dom:
302 3736 478 3793 denunciant.
514 3739 546 3809 3)
567 3738 685 3797 ibidemz
704 3756 769 3809 quo.
