<?xml version="1.0" encoding="UTF-8"?>
<!DOCTYPE html PUBLIC "-//W3C//DTD XHTML 1.0 Transitional//EN"
    "http://www.w3.org/TR/xhtml1/DTD/xhtml1-transitional.dtd">
<html xmlns="http://www.w3.org/1999/xhtml" xml:lang="en" lang="en">
 <head>
  <title>
</title>
<meta http-equiv="Content-Type" content="text/html;charset=utf-8" />
  <meta name='ocr-system' content='tesseract 3.04.00' />
  <meta name='ocr-capabilities' content='ocr_page ocr_carea ocr_par ocr_line ocrx_word'/>
</head>
<body>
  <div class='ocr_page' id='page_1' title='image "./dmartinilutheri02luthgoog_0251.png"; bbox 0 0 2348 4162; ppageno 0'>
   <div class='ocr_carea' id='block_1_1' title="bbox 186 234 863 302">
    <p class='ocr_par' dir='ltr' id='par_1_1' title="bbox 186 234 863 302">
     <span class='ocr_line' id='line_1_1' title="bbox 186 234 863 302; baseline -0.01 0"><span class='ocrx_word' id='word_1_1' title='bbox 186 235 249 302; x_wconf 82' lang='lat'><strong>238</strong></span> <span class='ocrx_word' id='word_1_2' title='bbox 423 234 467 292; x_wconf 88' lang='lat' dir='ltr'><strong>Da</strong></span> <span class='ocrx_word' id='word_1_3' title='bbox 485 251 567 293; x_wconf 85' lang='lat' dir='ltr'><strong>servo</strong></span> <span class='ocrx_word' id='word_1_4' title='bbox 587 236 703 294; x_wconf 87' lang='lat' dir='ltr'><strong>arbitrio</strong></span> <span class='ocrx_word' id='word_1_5' title='bbox 723 237 760 293; x_wconf 90' lang='lat' dir='ltr'><strong>D.</strong></span> <span class='ocrx_word' id='word_1_6' title='bbox 778 240 812 293; x_wconf 85' lang='lat' dir='ltr'><strong>ut.</strong></span> <span class='ocrx_word' id='word_1_7' title='bbox 832 239 863 295; x_wconf 86' lang='lat' dir='ltr'><strong>L.</strong></span> 
     </span>
    </p>
   </div>
   <div class='ocr_carea' id='block_1_2' title="bbox 183 404 1132 2156">
    <p class='ocr_par' dir='ltr' id='par_1_2' title="bbox 187 404 1118 988">
     <span class='ocr_line' id='line_1_2' title="bbox 189 404 1114 490; baseline 0.003 -22"><span class='ocrx_word' id='word_1_8' title='bbox 189 412 261 486; x_wconf 80' lang='lat' dir='ltr'><strong>stra,</strong></span> <span class='ocrx_word' id='word_1_9' title='bbox 283 407 334 467; x_wconf 87' lang='lat' dir='ltr'><strong>vel</strong></span> <span class='ocrx_word' id='word_1_10' title='bbox 355 426 374 468; x_wconf 89' lang='lat' dir='ltr'><strong>a</strong></span> <span class='ocrx_word' id='word_1_11' title='bbox 396 404 484 468; x_wconf 89' lang='lat' dir='ltr'><strong>nobis</strong></span> <span class='ocrx_word' id='word_1_12' title='bbox 507 406 582 486; x_wconf 90' lang='lat' dir='ltr'><strong>ipsis</strong></span> <span class='ocrx_word' id='word_1_13' title='bbox 604 406 787 468; x_wconf 81' lang='lat' dir='ltr'><strong>esssfaota?</strong></span> <span class='ocrx_word' id='word_1_14' title='bbox 829 408 894 469; x_wconf 90' lang='lat' dir='ltr'><strong>lam</strong></span> <span class='ocrx_word' id='word_1_15' title='bbox 916 408 1008 490; x_wconf 82' lang='lat' dir='ltr'><strong>finge,</strong></span> <span class='ocrx_word' id='word_1_16' title='bbox 1030 409 1114 471; x_wconf 85' lang='lat' dir='ltr'><strong>fruo-</strong></span> 
     </span>
     <span class='ocr_line' id='line_1_3' title="bbox 189 491 1116 574; baseline 0.004 -23"><span class='ocrx_word' id='word_1_17' title='bbox 189 497 238 551; x_wconf 87' lang='lat' dir='ltr'><strong>tus</strong></span> <span class='ocrx_word' id='word_1_18' title='bbox 260 499 383 552; x_wconf 90' lang='lat' dir='ltr'><strong>nostros</strong></span> <span class='ocrx_word' id='word_1_19' title='bbox 406 491 474 568; x_wconf 75' lang='lat' dir='ltr'><strong>diei,</strong></span> <span class='ocrx_word' id='word_1_20' title='bbox 497 491 569 570; x_wconf 87' lang='lat' dir='ltr'><strong>quia</strong></span> <span class='ocrx_word' id='word_1_21' title='bbox 586 509 643 551; x_wconf 89' lang='lat' dir='ltr'><strong>uos</strong></span> <span class='ocrx_word' id='word_1_22' title='bbox 657 491 794 569; x_wconf 84' lang='lat' dir='ltr'><strong>fsoimus,</strong></span> <span class='ocrx_word' id='word_1_23' title='bbox 816 492 867 553; x_wconf 94' lang='lat' dir='ltr'><strong>ubi</strong></span> <span class='ocrx_word' id='word_1_24' title='bbox 889 500 993 553; x_wconf 88' lang='lat' dir='ltr'><strong>manet</strong></span> <span class='ocrx_word' id='word_1_25' title='bbox 1014 495 1116 574; x_wconf 84' lang='lat' dir='ltr'><strong>gratia</strong></span> 
     </span>
     <span class='ocr_line' id='line_1_4' title="bbox 189 573 1118 656; baseline 0.002 -21"><span class='ocrx_word' id='word_1_26' title='bbox 189 584 221 635; x_wconf 92' lang='lat' dir='ltr'><strong>et</strong></span> <span class='ocrx_word' id='word_1_27' title='bbox 239 573 381 654; x_wconf 82' lang='lat' dir='ltr'><strong>spiritus?</strong></span> <span class='ocrx_word' id='word_1_28' title='bbox 423 574 531 651; x_wconf 80' lang='lat' dir='ltr'>Neque</span> <span class='ocrx_word' id='word_1_29' title='bbox 553 574 634 634; x_wconf 91' lang='lat' dir='ltr'><strong>enim</strong></span> <span class='ocrx_word' id='word_1_30' title='bbox 658 574 746 635; x_wconf 81' lang='lat' dir='ltr'><strong>didit:</strong></span> <span class='ocrx_word' id='word_1_31' title='bbox 767 574 818 635; x_wconf 81' lang='lat' dir='ltr'><strong>Ex</strong></span> <span class='ocrx_word' id='word_1_32' title='bbox 834 576 988 655; x_wconf 87' lang='lat' dir='ltr'><strong>iruotibus,</strong></span> <span class='ocrx_word' id='word_1_33' title='bbox 1012 578 1118 656; x_wconf 85' lang='lat' dir='ltr'><strong>quiex</strong></span> 
     </span>
     <span class='ocr_line' id='line_1_5' title="bbox 188 657 1118 738; baseline 0.004 -21"><span class='ocrx_word' id='word_1_34' title='bbox 188 664 275 738; x_wconf 90' lang='lat' dir='ltr'><strong>parte</strong></span> <span class='ocrx_word' id='word_1_35' title='bbox 298 657 452 718; x_wconf 79' lang='lat' dir='ltr'><strong>modicula</strong></span> <span class='ocrx_word' id='word_1_36' title='bbox 473 675 580 717; x_wconf 88' lang='lat' dir='ltr'><strong>eorum</strong></span> <span class='ocrx_word' id='word_1_37' title='bbox 602 665 683 738; x_wconf 85' lang='lat' dir='ltr'><strong>sunt,</strong></span> <span class='ocrx_word' id='word_1_38' title='bbox 705 661 900 738; x_wconf 80' lang='lat' dir='ltr'><strong>cognoseatis</strong></span> <span class='ocrx_word' id='word_1_39' title='bbox 922 678 986 725; x_wconf 85' lang='lat' dir='ltr'><strong>eos.</strong></span> <span class='ocrx_word' id='word_1_40' title='bbox 1028 659 1118 721; x_wconf 83' lang='lat' dir='ltr'><strong>Haeo</strong></span> 
     </span>
     <span class='ocr_line' id='line_1_6' title="bbox 188 739 1117 824; baseline 0.003 -24"><span class='ocrx_word' id='word_1_41' title='bbox 188 743 290 820; x_wconf 88' lang='lat' dir='ltr'><strong>potius</strong></span> <span class='ocrx_word' id='word_1_42' title='bbox 312 749 383 802; x_wconf 89' lang='lat' dir='ltr'><strong>suut</strong></span> <span class='ocrx_word' id='word_1_43' title='bbox 403 739 546 817; x_wconf 79' lang='lat' dir='ltr'><strong>ridicula,</strong></span> <span class='ocrx_word' id='word_1_44' title='bbox 569 759 815 821; x_wconf 77' lang='lat' dir='ltr'><strong>supervacanea,</strong></span> <span class='ocrx_word' id='word_1_45' title='bbox 842 742 1028 824; x_wconf 65' lang='lat' dir='ltr'><strong>frustrabere,</strong></span> <span class='ocrx_word' id='word_1_46' title='bbox 1062 742 1117 803; x_wconf 82' lang='lat' dir='ltr'><strong>fri·</strong></span> 
     </span>
     <span class='ocr_line' id='line_1_7' title="bbox 187 822 1118 905; baseline 0.004 -22"><span class='ocrx_word' id='word_1_47' title='bbox 187 822 270 904; x_wconf 78' lang='lat' dir='ltr'><strong>gida,</strong></span> <span class='ocrx_word' id='word_1_48' title='bbox 291 827 353 884; x_wconf 91' lang='lat' dir='ltr'><strong>imo</strong></span> <span class='ocrx_word' id='word_1_49' title='bbox 376 823 776 905; x_wconf 80' lang='lat' dir='ltr'><strong>stultaet&#39;odiosaoavissa,</strong></span> <span class='ocrx_word' id='word_1_50' title='bbox 798 825 1118 904; x_wconf 82' lang='lat' dir='ltr'><strong>quibussaoravsrba</strong></span> 
     </span>
     <span class='ocr_line' id='line_1_8' title="bbox 188 907 726 988; baseline 0.011 -21"><span class='ocrx_word' id='word_1_51' title='bbox 188 909 243 968; x_wconf 89' lang='lat' dir='ltr'><strong>Dei</strong></span> <span class='ocrx_word' id='word_1_52' title='bbox 267 909 444 988; x_wconf 83' lang='lat' dir='ltr'><strong>polluuntur</strong></span> <span class='ocrx_word' id='word_1_53' title='bbox 466 913 497 966; x_wconf 91' lang='lat' dir='ltr'><strong>et</strong></span> <span class='ocrx_word' id='word_1_54' title='bbox 518 907 726 986; x_wconf 81' lang='lat' dir='ltr'><strong>profanantur.</strong></span> 
     </span>
    </p>

    <p class='ocr_par' dir='ltr' id='par_1_3' title="bbox 183 990 1132 2156">
     <span class='ocr_line' id='line_1_9' title="bbox 270 990 1116 1055; baseline 0.004 -5"><span class='ocrx_word' id='word_1_55' title='bbox 270 991 321 1050; x_wconf 80' lang='lat' dir='ltr'><strong>Sia</strong></span> <span class='ocrx_word' id='word_1_56' title='bbox 345 990 457 1050; x_wconf 83' lang='lat' dir='ltr'>luditur</span> <span class='ocrx_word' id='word_1_57' title='bbox 489 997 521 1055; x_wconf 81' lang='lat' dir='ltr'><strong>et</strong></span> <span class='ocrx_word' id='word_1_58' title='bbox 540 990 615 1050; x_wconf 87' lang='lat' dir='ltr'><strong>iilud</strong></span> <span class='ocrx_word' id='word_1_59' title='bbox 639 991 750 1051; x_wconf 79' lang='lat' dir='ltr'><strong>Christi</strong></span> <span class='ocrx_word' id='word_1_60' title='bbox 786 990 912 1051; x_wconf 88' lang='lat' dir='ltr'><strong>verbum</strong></span> <span class='ocrx_word' id='word_1_61' title='bbox 944 993 976 1052; x_wconf 89' lang='lat' dir='ltr'><strong>iu</strong></span> <span class='ocrx_word' id='word_1_62' title='bbox 1005 1010 1116 1054; x_wconf 79' lang='lat' dir='ltr'><strong>druos:</strong></span> 
     </span>
     <span class='ocr_line' id='line_1_10' title="bbox 187 1072 1116 1154; baseline 0.001 -19"><span class='ocrx_word' id='word_1_63' title='bbox 187 1074 287 1154; x_wconf 89' lang='lat' dir='ltr'><strong>Pater,</strong></span> <span class='ocrx_word' id='word_1_64' title='bbox 309 1072 523 1153; x_wconf 85' lang='lat' dir='ltr'><strong>ignosoeiiiis,</strong></span> <span class='ocrx_word' id='word_1_65' title='bbox 547 1075 617 1151; x_wconf 86' lang='lat' dir='ltr'><strong>quia</strong></span> <span class='ocrx_word' id='word_1_66' title='bbox 638 1075 779 1134; x_wconf 87' lang='lat' dir='ltr'><strong>nesoiunt</strong></span> <span class='ocrx_word' id='word_1_67' title='bbox 799 1074 872 1154; x_wconf 89' lang='lat' dir='ltr'><strong>quid</strong></span> <span class='ocrx_word' id='word_1_68' title='bbox 893 1074 1024 1153; x_wconf 81' lang='lat' dir='ltr'><strong>faciuut3</strong></span> <span class='ocrx_word' id='word_1_69' title='bbox 1051 1075 1116 1154; x_wconf 90' lang='lat' dir='ltr'><strong>ubi,</strong></span> 
     </span>
     <span class='ocr_line' id='line_1_11' title="bbox 188 1158 1115 1237; baseline 0.003 -21"><span class='ocrx_word' id='word_1_70' title='bbox 188 1176 256 1217; x_wconf 88' lang='lat' dir='ltr'><strong>oum</strong></span> <span class='ocrx_word' id='word_1_71' title='bbox 280 1164 509 1236; x_wconf 78' lang='lat' dir='ltr'><strong>exspectaretur</strong></span> <span class='ocrx_word' id='word_1_72' title='bbox 530 1159 692 1234; x_wconf 86' lang='lat' dir='ltr'><strong>sententia,</strong></span> <span class='ocrx_word' id='word_1_73' title='bbox 714 1176 793 1237; x_wconf 90' lang='lat' dir='ltr'><strong>quae</strong></span> <span class='ocrx_word' id='word_1_74' title='bbox 805 1158 933 1218; x_wconf 89' lang='lat' dir='ltr'><strong>liberum</strong></span> <span class='ocrx_word' id='word_1_75' title='bbox 956 1158 1115 1219; x_wconf 79' lang='lat' dir='ltr'><strong>arbitrium</strong></span> 
     </span>
     <span class='ocr_line' id='line_1_12' title="bbox 186 1239 1115 1324; baseline 0.001 -23"><span class='ocrx_word' id='word_1_76' title='bbox 186 1246 353 1320; x_wconf 82' lang='lat' dir='ltr'><strong>astrueret,</strong></span> <span class='ocrx_word' id='word_1_77' title='bbox 387 1241 495 1300; x_wconf 89' lang='lat' dir='ltr'><strong>iterum</strong></span> <span class='ocrx_word' id='word_1_78' title='bbox 519 1239 557 1299; x_wconf 89' lang='lat' dir='ltr'><strong>ad</strong></span> <span class='ocrx_word' id='word_1_79' title='bbox 580 1240 724 1320; x_wconf 82' lang='lat' dir='ltr'><strong>sequelae</strong></span> <span class='ocrx_word' id='word_1_80' title='bbox 746 1242 820 1320; x_wconf 82' lang='lat' dir='ltr'><strong>itur,</strong></span> <span class='ocrx_word' id='word_1_81' title='bbox 855 1247 969 1320; x_wconf 89' lang='lat' dir='ltr'><strong>quanto</strong></span> <span class='ocrx_word' id='word_1_82' title='bbox 991 1243 1115 1324; x_wconf 85' lang='lat' dir='ltr'><strong>iustius,</strong></span> 
     </span>
     <span class='ocr_line' id='line_1_13' title="bbox 187 1321 1116 1405; baseline 0.003 -23"><span class='ocrx_word' id='word_1_83' title='bbox 187 1321 342 1405; x_wconf 83' lang='lat' dir='ltr'><strong>inquit1),</strong></span> <span class='ocrx_word' id='word_1_84' title='bbox 372 1329 552 1383; x_wconf 79' lang='lat' dir='ltr'><strong>excusasset</strong></span> <span class='ocrx_word' id='word_1_85' title='bbox 578 1342 648 1400; x_wconf 89' lang='lat' dir='ltr'><strong>eos,</strong></span> <span class='ocrx_word' id='word_1_86' title='bbox 680 1325 752 1405; x_wconf 91' lang='lat' dir='ltr'><strong>quia</strong></span> <span class='ocrx_word' id='word_1_87' title='bbox 780 1342 843 1384; x_wconf 91' lang='lat' dir='ltr'><strong>nou</strong></span> <span class='ocrx_word' id='word_1_88' title='bbox 865 1331 912 1384; x_wconf 84' lang='lat' dir='ltr'><strong>est</strong></span> <span class='ocrx_word' id='word_1_89' title='bbox 934 1325 993 1384; x_wconf 90' lang='lat' dir='ltr'><strong>iilis</strong></span> <span class='ocrx_word' id='word_1_90' title='bbox 1015 1325 1116 1386; x_wconf 85' lang='lat' dir='ltr'><strong>libera</strong></span> 
     </span>
     <span class='ocr_line' id='line_1_14' title="bbox 187 1407 1115 1487; baseline 0.003 -21"><span class='ocrx_word' id='word_1_91' title='bbox 187 1407 339 1486; x_wconf 82' lang='lat' dir='ltr'><strong>voluntas,</strong></span> <span class='ocrx_word' id='word_1_92' title='bbox 362 1426 422 1467; x_wconf 88' lang='lat' dir='ltr'><strong>neo</strong></span> <span class='ocrx_word' id='word_1_93' title='bbox 441 1413 586 1487; x_wconf 88' lang='lat' dir='ltr'><strong>possunt,</strong></span> <span class='ocrx_word' id='word_1_94' title='bbox 609 1409 634 1467; x_wconf 90' lang='lat' dir='ltr'><strong>si</strong></span> <span class='ocrx_word' id='word_1_95' title='bbox 657 1408 760 1486; x_wconf 88' lang='lat' dir='ltr'><strong>velint,</strong></span> <span class='ocrx_word' id='word_1_96' title='bbox 783 1407 871 1468; x_wconf 87' lang='lat' dir='ltr'><strong>aliter</strong></span> <span class='ocrx_word' id='word_1_97' title='bbox 891 1408 1003 1471; x_wconf 70' lang='lat' dir='ltr'><strong>fauere,</strong></span> <span class='ocrx_word' id='word_1_98' title='bbox 1045 1407 1115 1469; x_wconf 82' lang='lat' dir='ltr'><strong>Neo</strong></span> 
     </span>
     <span class='ocr_line' id='line_1_15' title="bbox 186 1489 1114 1571; baseline 0.001 -21"><span class='ocrx_word' id='word_1_99' title='bbox 186 1497 288 1550; x_wconf 87' lang='lat' dir='ltr'><strong>tameo</strong></span> <span class='ocrx_word' id='word_1_100' title='bbox 311 1492 369 1550; x_wconf 89' lang='lat' dir='ltr'><strong>ista</strong></span> <span class='ocrx_word' id='word_1_101' title='bbox 390 1491 516 1569; x_wconf 81' lang='lat' dir='ltr'><strong>sequela</strong></span> <span class='ocrx_word' id='word_1_102' title='bbox 536 1489 685 1570; x_wconf 89' lang='lat' dir='ltr'><strong>probatur</strong></span> <span class='ocrx_word' id='word_1_103' title='bbox 705 1489 833 1552; x_wconf 90' lang='lat' dir='ltr'><strong>liberum</strong></span> <span class='ocrx_word' id='word_1_104' title='bbox 848 1490 1003 1551; x_wconf 84' lang='lat' dir='ltr'><strong>arbitrium</strong></span> <span class='ocrx_word' id='word_1_105' title='bbox 1024 1491 1114 1571; x_wconf 89' lang='lat' dir='ltr'><strong>iilud,</strong></span> 
     </span>
     <span class='ocr_line' id='line_1_16' title="bbox 187 1571 1113 1655; baseline 0.002 -22"><span class='ocrx_word' id='word_1_106' title='bbox 187 1571 268 1653; x_wconf 92' lang='lat' dir='ltr'><strong>quod</strong></span> <span class='ocrx_word' id='word_1_107' title='bbox 305 1572 380 1634; x_wconf 91' lang='lat' dir='ltr'><strong>nihil</strong></span> <span class='ocrx_word' id='word_1_108' title='bbox 403 1574 474 1633; x_wconf 91' lang='lat' dir='ltr'><strong>boni</strong></span> <span class='ocrx_word' id='word_1_109' title='bbox 495 1582 599 1653; x_wconf 91' lang='lat' dir='ltr'><strong>potest</strong></span> <span class='ocrx_word' id='word_1_110' title='bbox 621 1574 716 1654; x_wconf 84' lang='lat' dir='ltr'><strong>vella,</strong></span> <span class='ocrx_word' id='word_1_111' title='bbox 745 1574 785 1634; x_wconf 92' lang='lat' dir='ltr'><strong>de</strong></span> <span class='ocrx_word' id='word_1_112' title='bbox 820 1591 882 1652; x_wconf 88' lang='lat' dir='ltr'><strong>quo</strong></span> <span class='ocrx_word' id='word_1_113' title='bbox 903 1577 1017 1655; x_wconf 87' lang='lat' dir='ltr'><strong>agitur,</strong></span> <span class='ocrx_word' id='word_1_114' title='bbox 1055 1575 1113 1636; x_wconf 89' lang='lat' dir='ltr'><strong>sed</strong></span> 
     </span>
     <span class='ocr_line' id='line_1_17' title="bbox 184 1656 1112 1738; baseline 0.003 -22"><span class='ocrx_word' id='word_1_115' title='bbox 184 1656 268 1736; x_wconf 87' lang='lat' dir='ltr'><strong>iilud,</strong></span> <span class='ocrx_word' id='word_1_116' title='bbox 293 1656 376 1736; x_wconf 91' lang='lat' dir='ltr'><strong>quod</strong></span> <span class='ocrx_word' id='word_1_117' title='bbox 398 1658 501 1717; x_wconf 89' lang='lat' dir='ltr'><strong>omnia</strong></span> <span class='ocrx_word' id='word_1_118' title='bbox 522 1664 634 1736; x_wconf 80' lang='lat' dir='ltr'><strong>potest,</strong></span> <span class='ocrx_word' id='word_1_119' title='bbox 658 1656 698 1717; x_wconf 91' lang='lat' dir='ltr'><strong>da</strong></span> <span class='ocrx_word' id='word_1_120' title='bbox 719 1675 780 1736; x_wconf 92' lang='lat' dir='ltr'><strong>quo</strong></span> <span class='ocrx_word' id='word_1_121' title='bbox 790 1675 882 1718; x_wconf 83' lang='lat' dir='ltr'><strong>nemo</strong></span> <span class='ocrx_word' id='word_1_122' title='bbox 895 1661 968 1738; x_wconf 79' lang='lat' dir='ltr'><strong>agit,</strong></span> <span class='ocrx_word' id='word_1_123' title='bbox 992 1665 1023 1718; x_wconf 87' lang='lat' dir='ltr'><strong>et</strong></span> <span class='ocrx_word' id='word_1_124' title='bbox 1046 1676 1112 1719; x_wconf 91' lang='lat' dir='ltr'><strong>om·</strong></span> 
     </span>
     <span class='ocr_line' id='line_1_18' title="bbox 185 1739 1112 1821; baseline 0.002 -21"><span class='ocrx_word' id='word_1_125' title='bbox 185 1759 240 1800; x_wconf 86' lang='lat' dir='ltr'><strong>nes</strong></span> <span class='ocrx_word' id='word_1_126' title='bbox 261 1747 385 1821; x_wconf 83' lang='lat' dir='ltr'><strong>negant,</strong></span> <span class='ocrx_word' id='word_1_127' title='bbox 409 1743 545 1820; x_wconf 85' lang='lat' dir='ltr'><strong>exeeptis</strong></span> <span class='ocrx_word' id='word_1_128' title='bbox 567 1739 751 1820; x_wconf 82' lang='lat' dir='ltr'><strong>Pelagianis.</strong></span> <span class='ocrx_word' id='word_1_129' title='bbox 793 1742 858 1801; x_wconf 86' lang='lat' dir='ltr'><strong>lam</strong></span> <span class='ocrx_word' id='word_1_130' title='bbox 879 1759 949 1800; x_wconf 87' lang='lat' dir='ltr'><strong>oum</strong></span> <span class='ocrx_word' id='word_1_131' title='bbox 971 1740 1112 1802; x_wconf 78' lang='lat' dir='ltr'><strong>Christus</strong></span> 
     </span>
     <span class='ocr_line' id='line_1_19' title="bbox 185 1823 1113 1904; baseline 0.002 -21"><span class='ocrx_word' id='word_1_132' title='bbox 185 1823 286 1904; x_wconf 90' lang='lat' dir='ltr'><strong>palam</strong></span> <span class='ocrx_word' id='word_1_133' title='bbox 309 1825 399 1901; x_wconf 84' lang='lat' dir='ltr'><strong>diost,</strong></span> <span class='ocrx_word' id='word_1_134' title='bbox 422 1843 476 1883; x_wconf 86' lang='lat' dir='ltr'><strong>eos</strong></span> <span class='ocrx_word' id='word_1_135' title='bbox 488 1824 617 1903; x_wconf 76' lang='lat' dir='ltr'><strong>nescire,</strong></span> <span class='ocrx_word' id='word_1_136' title='bbox 640 1823 712 1902; x_wconf 92' lang='lat' dir='ltr'><strong>quid</strong></span> <span class='ocrx_word' id='word_1_137' title='bbox 729 1823 853 1901; x_wconf 76' lang='lat' dir='ltr'><strong>fatiant,</strong></span> <span class='ocrx_word' id='word_1_138' title='bbox 875 1842 914 1884; x_wconf 86' lang='lat' dir='ltr'><strong>au</strong></span> <span class='ocrx_word' id='word_1_139' title='bbox 936 1842 1000 1885; x_wconf 90' lang='lat' dir='ltr'><strong>nou</strong></span> <span class='ocrx_word' id='word_1_140' title='bbox 1018 1825 1113 1885; x_wconf 87' lang='lat' dir='ltr'><strong>simui</strong></span> 
     </span>
     <span class='ocr_line' id='line_1_20' title="bbox 183 1906 1132 1986; baseline 0.002 -19"><span class='ocrx_word' id='word_1_141' title='bbox 183 1913 325 1986; x_wconf 82' lang='lat' dir='ltr'><strong>testatur,</strong></span> <span class='ocrx_word' id='word_1_142' title='bbox 358 1925 413 1967; x_wconf 91' lang='lat' dir='ltr'><strong>eos</strong></span> <span class='ocrx_word' id='word_1_143' title='bbox 440 1925 503 1967; x_wconf 90' lang='lat' dir='ltr'><strong>non</strong></span> <span class='ocrx_word' id='word_1_144' title='bbox 536 1924 630 1986; x_wconf 88' lang='lat' dir='ltr'><strong>posse</strong></span> <span class='ocrx_word' id='word_1_145' title='bbox 663 1907 741 1967; x_wconf 84' lang='lat' dir='ltr'><strong>veile</strong></span> <span class='ocrx_word' id='word_1_146' title='bbox 762 1906 901 1968; x_wconf 84' lang='lat' dir='ltr'><strong>bonum?</strong></span> <span class='ocrx_word' id='word_1_147' title='bbox 943 1906 1132 1983; x_wconf 76' lang='lat' dir='ltr'><strong>Quomodo¹</strong></span> 
     </span>
     <span class='ocr_line' id='line_1_21' title="bbox 183 1987 1113 2070; baseline 0.008 -21"><span class='ocrx_word' id='word_1_148' title='bbox 183 1991 263 2049; x_wconf 87' lang='lat' dir='ltr'><strong>euim</strong></span> <span class='ocrx_word' id='word_1_149' title='bbox 280 1990 364 2069; x_wconf 88' lang='lat' dir='ltr'><strong>velis,</strong></span> <span class='ocrx_word' id='word_1_150' title='bbox 388 1987 629 2069; x_wconf 82' lang='lat' dir='ltr'><strong>quodignoras?</strong></span> <span class='ocrx_word' id='word_1_151' title='bbox 671 1987 774 2069; x_wconf 84' lang='lat' dir='ltr'><strong>ignoti</strong></span> <span class='ocrx_word' id='word_1_152' title='bbox 786 2000 868 2051; x_wconf 89' lang='lat' dir='ltr'><strong>oerts</strong></span> <span class='ocrx_word' id='word_1_153' title='bbox 880 1990 964 2050; x_wconf 86' lang='lat' dir='ltr'><strong>nulia</strong></span> <span class='ocrx_word' id='word_1_154' title='bbox 985 1992 1113 2070; x_wconf 87' lang='lat' dir='ltr'><strong>oupido.</strong></span> 
     </span>
     <span class='ocr_line' id='line_1_22' title="bbox 183 2072 1113 2156; baseline 0.003 -24"><span class='ocrx_word' id='word_1_155' title='bbox 183 2072 263 2147; x_wconf 82' lang='lat' dir='ltr'><strong>Quid</strong></span> <span class='ocrx_word' id='word_1_156' title='bbox 285 2080 388 2154; x_wconf 88' lang='lat' dir='ltr'><strong>potest</strong></span> <span class='ocrx_word' id='word_1_157' title='bbox 409 2072 562 2134; x_wconf 89' lang='lat' dir='ltr'><strong>robustius</strong></span> <span class='ocrx_word' id='word_1_158' title='bbox 584 2076 693 2134; x_wconf 80' lang='lat' dir='ltr'><strong>eontra</strong></span> <span class='ocrx_word' id='word_1_159' title='bbox 713 2074 842 2134; x_wconf 88' lang='lat' dir='ltr'><strong>liberum</strong></span> <span class='ocrx_word' id='word_1_160' title='bbox 860 2072 1016 2134; x_wconf 88' lang='lat' dir='ltr'><strong>arbitrium</strong></span> <span class='ocrx_word' id='word_1_161' title='bbox 1039 2075 1113 2156; x_wconf 80' lang='lat' dir='ltr'><strong>uisi,</strong></span> 
     </span>
    </p>
   </div>
   <div class='ocr_carea' id='block_1_3' title="bbox 84 2154 1113 2238">
    <p class='ocr_par' dir='ltr' id='par_1_4' title="bbox 84 2154 1113 2238">
     <span class='ocr_line' id='line_1_23' title="bbox 84 2154 1113 2238; baseline 0.006 -24"><span class='ocrx_word' id='word_1_162' title='bbox 84 2230 88 2235; x_wconf 9' lang='grc' dir='ltr'><strong><em>ἢ</em></strong></span> <span class='ocrx_word' id='word_1_163' title='bbox 183 2174 274 2236; x_wconf 89' lang='lat' dir='ltr'><strong>quam</strong></span> <span class='ocrx_word' id='word_1_164' title='bbox 297 2159 394 2236; x_wconf 91' lang='lat' dir='ltr'><strong>ipsum</strong></span> <span class='ocrx_word' id='word_1_165' title='bbox 417 2156 497 2217; x_wconf 90' lang='lat' dir='ltr'><strong>adeo</strong></span> <span class='ocrx_word' id='word_1_166' title='bbox 519 2174 588 2217; x_wconf 88' lang='lat' dir='ltr'><strong>esse</strong></span> <span class='ocrx_word' id='word_1_167' title='bbox 609 2154 705 2238; x_wconf 86' lang='lat' dir='ltr'><strong>nihili,</strong></span> <span class='ocrx_word' id='word_1_168' title='bbox 728 2163 842 2218; x_wconf 87' lang='lat' dir='ltr'><strong>utnon</strong></span> <span class='ocrx_word' id='word_1_169' title='bbox 866 2156 959 2218; x_wconf 87' lang='lat' dir='ltr'><strong>modo</strong></span> <span class='ocrx_word' id='word_1_170' title='bbox 981 2175 1047 2218; x_wconf 89' lang='lat' dir='ltr'><strong>uon</strong></span> <span class='ocrx_word' id='word_1_171' title='bbox 1058 2176 1113 2220; x_wconf 81' lang='lat' dir='ltr'><strong>ve·</strong></span> 
     </span>
    </p>
   </div>
   <div class='ocr_carea' id='block_1_4' title="bbox 158 2239 1115 3325">
    <p class='ocr_par' dir='ltr' id='par_1_5' title="bbox 158 2239 1115 3325">
     <span class='ocr_line' id='line_1_24' title="bbox 182 2239 1115 2319; baseline 0.004 -20"><span class='ocrx_word' id='word_1_172' title='bbox 182 2239 217 2299; x_wconf 89' lang='lat' dir='ltr'><strong>lit</strong></span> <span class='ocrx_word' id='word_1_173' title='bbox 239 2240 369 2318; x_wconf 83' lang='lat' dir='ltr'><strong>bonurn,</strong></span> <span class='ocrx_word' id='word_1_174' title='bbox 403 2240 457 2300; x_wconf 91' lang='lat' dir='ltr'><strong>sed</strong></span> <span class='ocrx_word' id='word_1_175' title='bbox 487 2258 545 2300; x_wconf 87' lang='lat' dir='ltr'><strong>neo</strong></span> <span class='ocrx_word' id='word_1_176' title='bbox 566 2241 643 2300; x_wconf 87' lang='lat' dir='ltr'><strong>soiat</strong></span> <span class='ocrx_word' id='word_1_177' title='bbox 664 2239 802 2319; x_wconf 88' lang='lat' dir='ltr'><strong>quidem,</strong></span> <span class='ocrx_word' id='word_1_178' title='bbox 837 2249 984 2319; x_wconf 90' lang='lat' dir='ltr'><strong>quantum</strong></span> <span class='ocrx_word' id='word_1_179' title='bbox 1016 2240 1115 2303; x_wconf 79' lang='lat' dir='ltr'><strong>faeiat</strong></span> 
     </span>
     <span class='ocr_line' id='line_1_25' title="bbox 182 2322 1113 2406; baseline 0.001 -20"><span class='ocrx_word' id='word_1_180' title='bbox 182 2327 264 2406; x_wconf 76' lang='lat' dir='ltr'><strong>maii,</strong></span> <span class='ocrx_word' id='word_1_181' title='bbox 287 2324 411 2405; x_wconf 90' lang='lat' dir='ltr'><strong>etquid</strong></span> <span class='ocrx_word' id='word_1_182' title='bbox 435 2325 474 2383; x_wconf 87' lang='lat' dir='ltr'><strong>sit</strong></span> <span class='ocrx_word' id='word_1_183' title='bbox 497 2322 634 2384; x_wconf 83' lang='lat' dir='ltr'><strong>bonum?</strong></span> <span class='ocrx_word' id='word_1_184' title='bbox 677 2325 724 2383; x_wconf 84' lang='lat' dir='ltr'><strong>Au</strong></span> <span class='ocrx_word' id='word_1_185' title='bbox 747 2330 794 2384; x_wconf 88' lang='lat' dir='ltr'><strong>est</strong></span> <span class='ocrx_word' id='word_1_186' title='bbox 814 2324 864 2384; x_wconf 87' lang='lat' dir='ltr'><strong>hio</strong></span> <span class='ocrx_word' id='word_1_187' title='bbox 885 2322 1059 2385; x_wconf 84' lang='lat' dir='ltr'><strong>obseuritas</strong></span> <span class='ocrx_word' id='word_1_188' title='bbox 1079 2327 1113 2387; x_wconf 89' lang='lat' dir='ltr'><strong>iu</strong></span> 
     </span>
     <span class='ocr_line' id='line_1_26' title="bbox 182 2406 1112 2486; baseline -0.003 -14"><span class='ocrx_word' id='word_1_189' title='bbox 182 2409 245 2472; x_wconf 93' lang='lat' dir='ltr'><strong>ullo</strong></span> <span class='ocrx_word' id='word_1_190' title='bbox 268 2409 379 2470; x_wconf 88' lang='lat' dir='ltr'><strong>verbo:</strong></span> <span class='ocrx_word' id='word_1_191' title='bbox 420 2406 654 2484; x_wconf 79' lang='lat' dir='ltr'><strong>Nesciuntquid</strong></span> <span class='ocrx_word' id='word_1_192' title='bbox 675 2406 811 2467; x_wconf 80' lang='lat' dir='ltr'><strong>faciunt?</strong></span> <span class='ocrx_word' id='word_1_193' title='bbox 854 2406 935 2483; x_wconf 76' lang='lat' dir='ltr'><strong>Quid</strong></span> <span class='ocrx_word' id='word_1_194' title='bbox 957 2407 1112 2486; x_wconf 87' lang='lat' dir='ltr'><strong>reliquum</strong></span> 
     </span>
     <span class='ocr_line' id='line_1_27' title="bbox 181 2489 1113 2572; baseline -0.002 -17"><span class='ocrx_word' id='word_1_195' title='bbox 181 2501 229 2555; x_wconf 89' lang='lat' dir='ltr'><strong>est</strong></span> <span class='ocrx_word' id='word_1_196' title='bbox 248 2495 278 2553; x_wconf 90' lang='lat' dir='ltr'><strong>in</strong></span> <span class='ocrx_word' id='word_1_197' title='bbox 302 2493 479 2572; x_wconf 70' lang='lat' dir='ltr'><strong>seripturis,</strong></span> <span class='ocrx_word' id='word_1_198' title='bbox 511 2489 594 2568; x_wconf 92' lang='lat' dir='ltr'><strong>quod</strong></span> <span class='ocrx_word' id='word_1_199' title='bbox 624 2509 687 2551; x_wconf 91' lang='lat' dir='ltr'><strong>non</strong></span> <span class='ocrx_word' id='word_1_200' title='bbox 720 2496 812 2569; x_wconf 89' lang='lat' dir='ltr'><strong>queat</strong></span> <span class='ocrx_word' id='word_1_201' title='bbox 838 2496 946 2551; x_wconf 87' lang='lat' dir='ltr'><strong>autore</strong></span> <span class='ocrx_word' id='word_1_202' title='bbox 979 2490 1113 2553; x_wconf 77' lang='lat' dir='ltr'><strong>diatriba</strong></span> 
     </span>
     <span class='ocr_line' id='line_1_28' title="bbox 180 2572 1110 2652; baseline -0.004 -13"><span class='ocrx_word' id='word_1_203' title='bbox 180 2578 308 2639; x_wconf 90' lang='lat' dir='ltr'><strong>liberum</strong></span> <span class='ocrx_word' id='word_1_204' title='bbox 332 2576 487 2636; x_wconf 88' lang='lat' dir='ltr'><strong>arbitrium</strong></span> <span class='ocrx_word' id='word_1_205' title='bbox 510 2572 671 2652; x_wconf 78' lang='lat' dir='ltr'><strong>affirmare,</strong></span> <span class='ocrx_word' id='word_1_206' title='bbox 694 2573 817 2652; x_wconf 86' lang='lat' dir='ltr'><strong>quando</strong></span> <span class='ocrx_word' id='word_1_207' title='bbox 833 2573 1110 2635; x_wconf 86' lang='lat' dir='ltr'><strong>hooeiarissimum</strong></span> 
     </span>
     <span class='ocr_line' id='line_1_29' title="bbox 181 2655 1110 2723; baseline -0.003 -1"><span class='ocrx_word' id='word_1_208' title='bbox 181 2668 212 2723; x_wconf 88' lang='lat' dir='ltr'><strong>et</strong></span> <span class='ocrx_word' id='word_1_209' title='bbox 246 2660 549 2721; x_wconf 88' lang='lat' dir='ltr'><strong>adversantissimum</strong></span> <span class='ocrx_word' id='word_1_210' title='bbox 581 2657 706 2716; x_wconf 85' lang='lat' dir='ltr'><strong>verbum</strong></span> <span class='ocrx_word' id='word_1_211' title='bbox 736 2658 847 2718; x_wconf 79' lang='lat' dir='ltr'><strong>Christi</strong></span> <span class='ocrx_word' id='word_1_212' title='bbox 877 2656 921 2717; x_wconf 89' lang='lat' dir='ltr'><strong>iiii</strong></span> <span class='ocrx_word' id='word_1_213' title='bbox 954 2655 1110 2719; x_wconf 78' lang='lat' dir='ltr'><strong>affirmat?</strong></span> 
     </span>
     <span class='ocr_line' id='line_1_30' title="bbox 158 2737 1110 2820; baseline -0.002 -15"><span class='ocrx_word' id='word_1_214' title='bbox 158 2737 298 2804; x_wconf 79' lang='lat' dir='ltr'><strong>&#39;Eadem</strong></span> <span class='ocrx_word' id='word_1_215' title='bbox 320 2744 466 2805; x_wconf 80' lang='lat' dir='ltr'><strong>facilitate</strong></span> <span class='ocrx_word' id='word_1_216' title='bbox 499 2740 582 2801; x_wconf 84' lang='lat' dir='ltr'><strong>dieat</strong></span> <span class='ocrx_word' id='word_1_217' title='bbox 613 2741 741 2820; x_wconf 85' lang='lat' dir='ltr'><strong>aliquis,</strong></span> <span class='ocrx_word' id='word_1_218' title='bbox 774 2741 864 2801; x_wconf 90' lang='lat' dir='ltr'><strong>etiam</strong></span> <span class='ocrx_word' id='word_1_219' title='bbox 887 2739 940 2800; x_wconf 89' lang='lat' dir='ltr'><strong>iiio</strong></span> <span class='ocrx_word' id='word_1_220' title='bbox 963 2739 1110 2803; x_wconf 84' lang='lat' dir='ltr'><strong>affirmari</strong></span> 
     </span>
     <span class='ocr_line' id='line_1_31' title="bbox 179 2824 1107 2905; baseline -0.002 -17"><span class='ocrx_word' id='word_1_221' title='bbox 179 2827 309 2888; x_wconf 89' lang='lat' dir='ltr'><strong>liberum</strong></span> <span class='ocrx_word' id='word_1_222' title='bbox 331 2827 499 2887; x_wconf 87' lang='lat' dir='ltr'><strong>arbitrium:</strong></span> <span class='ocrx_word' id='word_1_223' title='bbox 523 2824 617 2884; x_wconf 86' lang='lat' dir='ltr'><strong>Terra</strong></span> <span class='ocrx_word' id='word_1_224' title='bbox 639 2829 740 2884; x_wconf 89' lang='lat' dir='ltr'><strong>autem</strong></span> <span class='ocrx_word' id='word_1_225' title='bbox 756 2829 821 2884; x_wconf 90' lang='lat' dir='ltr'><strong>erat</strong></span> <span class='ocrx_word' id='word_1_226' title='bbox 842 2825 941 2884; x_wconf 88' lang='lat' dir='ltr'><strong>inanis</strong></span> <span class='ocrx_word' id='word_1_227' title='bbox 954 2830 1107 2905; x_wconf 79' lang='lat' dir='ltr'><strong>straena,</strong></span> 
     </span>
     <span class='ocr_line' id='line_1_32' title="bbox 180 2907 1109 2988; baseline 0 -17"><span class='ocrx_word' id='word_1_228' title='bbox 180 2918 233 2971; x_wconf 89' lang='lat' dir='ltr'><strong>aut</strong></span> <span class='ocrx_word' id='word_1_229' title='bbox 265 2911 334 2970; x_wconf 82' lang='lat' dir='ltr'><strong>ilio:</strong></span> <span class='ocrx_word' id='word_1_230' title='bbox 367 2908 528 2987; x_wconf 86' lang='lat' dir='ltr'><strong>Requievit</strong></span> <span class='ocrx_word' id='word_1_231' title='bbox 549 2907 631 2967; x_wconf 89' lang='lat' dir='ltr'><strong>Deus</strong></span> <span class='ocrx_word' id='word_1_232' title='bbox 669 2907 718 2968; x_wconf 91' lang='lat' dir='ltr'><strong>die</strong></span> <span class='ocrx_word' id='word_1_233' title='bbox 740 2908 887 2988; x_wconf 82' lang='lat' dir='ltr'><strong>septimo,</strong></span> <span class='ocrx_word' id='word_1_234' title='bbox 924 2913 978 2966; x_wconf 88' lang='lat' dir='ltr'><strong>aut</strong></span> <span class='ocrx_word' id='word_1_235' title='bbox 1006 2907 1109 2973; x_wconf 84' lang='lat' dir='ltr'><strong>simili.</strong></span> 
     </span>
     <span class='ocr_line' id='line_1_33' title="bbox 179 2990 1107 3073; baseline -0.003 -19"><span class='ocrx_word' id='word_1_236' title='bbox 179 2993 256 3055; x_wconf 85' lang='lat' dir='ltr'><strong>Tum</strong></span> <span class='ocrx_word' id='word_1_237' title='bbox 292 3012 363 3053; x_wconf 89' lang='lat' dir='ltr'><strong>vers</strong></span> <span class='ocrx_word' id='word_1_238' title='bbox 384 2992 558 3071; x_wconf 79' lang='lat' dir='ltr'><strong>Scripturas</strong></span> <span class='ocrx_word' id='word_1_239' title='bbox 591 2991 754 3071; x_wconf 87' lang='lat' dir='ltr'><strong>ambiguae</strong></span> <span class='ocrx_word' id='word_1_240' title='bbox 783 3002 814 3051; x_wconf 91' lang='lat' dir='ltr'><strong>et</strong></span> <span class='ocrx_word' id='word_1_241' title='bbox 835 2990 986 3051; x_wconf 81' lang='lat' dir='ltr'><strong>obscuras</strong></span> <span class='ocrx_word' id='word_1_242' title='bbox 1007 2998 1107 3073; x_wconf 80' lang='lat' dir='ltr'><strong>eruut,</strong></span> 
     </span>
     <span class='ocr_line' id='line_1_34' title="bbox 179 3073 1108 3140; baseline -0.003 -2"><span class='ocrx_word' id='word_1_243' title='bbox 179 3079 242 3138; x_wconf 91' lang='lat' dir='ltr'><strong>imo</strong></span> <span class='ocrx_word' id='word_1_244' title='bbox 264 3077 353 3137; x_wconf 90' lang='lat' dir='ltr'><strong>simul</strong></span> <span class='ocrx_word' id='word_1_245' title='bbox 376 3078 480 3137; x_wconf 86' lang='lat' dir='ltr'><strong>omnia</strong></span> <span class='ocrx_word' id='word_1_246' title='bbox 502 3083 532 3135; x_wconf 90' lang='lat' dir='ltr'><strong>et</strong></span> <span class='ocrx_word' id='word_1_247' title='bbox 553 3073 627 3136; x_wconf 90' lang='lat' dir='ltr'><strong>nibil</strong></span> <span class='ocrx_word' id='word_1_248' title='bbox 650 3082 747 3140; x_wconf 86' lang='lat' dir='ltr'><strong>erunt.</strong></span> <span class='ocrx_word' id='word_1_249' title='bbox 789 3075 903 3134; x_wconf 89' lang='lat' dir='ltr'><strong>Varum</strong></span> <span class='ocrx_word' id='word_1_250' title='bbox 926 3074 971 3133; x_wconf 85' lang='lat' dir='ltr'><strong>sie</strong></span> <span class='ocrx_word' id='word_1_251' title='bbox 992 3074 1108 3135; x_wconf 85' lang='lat' dir='ltr'><strong>audere</strong></span> 
     </span>
     <span class='ocr_line' id='line_1_35' title="bbox 180 3157 1106 3238; baseline -0.005 -16"><span class='ocrx_word' id='word_1_252' title='bbox 180 3168 211 3222; x_wconf 89' lang='lat' dir='ltr'><strong>et</strong></span> <span class='ocrx_word' id='word_1_253' title='bbox 232 3167 363 3225; x_wconf 75' lang='lat' dir='ltr'><strong>tractare</strong></span> <span class='ocrx_word' id='word_1_254' title='bbox 385 3161 488 3221; x_wconf 90' lang='lat' dir='ltr'><strong>diviua</strong></span> <span class='ocrx_word' id='word_1_255' title='bbox 511 3157 606 3218; x_wconf 87' lang='lat' dir='ltr'><strong>verbe</strong></span> <span class='ocrx_word' id='word_1_256' title='bbox 626 3161 725 3238; x_wconf 88' lang='lat' dir='ltr'><strong>arguit</strong></span> <span class='ocrx_word' id='word_1_257' title='bbox 747 3158 899 3237; x_wconf 89' lang='lat' dir='ltr'><strong>animum,</strong></span> <span class='ocrx_word' id='word_1_258' title='bbox 926 3158 979 3237; x_wconf 89' lang='lat' dir='ltr'><strong>qui</strong></span> <span class='ocrx_word' id='word_1_259' title='bbox 1000 3159 1041 3217; x_wconf 89' lang='lat' dir='ltr'><strong>sit</strong></span> <span class='ocrx_word' id='word_1_260' title='bbox 1060 3159 1106 3219; x_wconf 89' lang='lat' dir='ltr'><strong>iu·</strong></span> 
     </span>
     <span class='ocr_line' id='line_1_36' title="bbox 179 3241 1107 3325; baseline -0.004 -20"><span class='ocrx_word' id='word_1_261' title='bbox 179 3247 274 3325; x_wconf 80' lang='lat' dir='ltr'><strong>signis</strong></span> <span class='ocrx_word' id='word_1_262' title='bbox 295 3252 489 3325; x_wconf 78' lang='lat' dir='ltr'><strong>contemptor</strong></span> <span class='ocrx_word' id='word_1_263' title='bbox 510 3242 567 3302; x_wconf 90' lang='lat' dir='ltr'><strong>Dei</strong></span> <span class='ocrx_word' id='word_1_264' title='bbox 589 3248 621 3301; x_wconf 91' lang='lat' dir='ltr'><strong>et</strong></span> <span class='ocrx_word' id='word_1_265' title='bbox 640 3241 808 3322; x_wconf 86' lang='lat' dir='ltr'><strong>homiuum,</strong></span> <span class='ocrx_word' id='word_1_266' title='bbox 830 3242 882 3321; x_wconf 93' lang='lat' dir='ltr'><strong>qui</strong></span> <span class='ocrx_word' id='word_1_267' title='bbox 904 3258 1032 3321; x_wconf 87' lang='lat' dir='ltr'><strong>prorsus</strong></span> <span class='ocrx_word' id='word_1_268' title='bbox 1043 3241 1107 3301; x_wconf 87' lang='lat' dir='ltr'><strong>nui·</strong></span> 
     </span>
    </p>
   </div>
   <div class='ocr_carea' id='block_1_5' title="bbox 179 3331 1105 3581">
    <p class='ocr_par' dir='ltr' id='par_1_6' title="bbox 179 3331 1105 3581">
     <span class='ocr_line' id='line_1_37' title="bbox 179 3331 624 3411; baseline 0.009 -20"><span class='ocrx_word' id='word_1_269' title='bbox 179 3331 239 3392; x_wconf 91' lang='lat' dir='ltr'><strong>lam</strong></span> <span class='ocrx_word' id='word_1_270' title='bbox 263 3340 415 3393; x_wconf 89' lang='lat' dir='ltr'><strong>mereatur</strong></span> <span class='ocrx_word' id='word_1_271' title='bbox 437 3332 624 3411; x_wconf 88' lang='lat' dir='ltr'><strong>patientiam.</strong></span> 
     </span>
     <span class='ocr_line' id='line_1_38' title="bbox 262 3412 1105 3495; baseline 0.004 -21"><span class='ocrx_word' id='word_1_272' title='bbox 262 3416 302 3475; x_wconf 81' lang='lat' dir='ltr'><strong>ut</strong></span> <span class='ocrx_word' id='word_1_273' title='bbox 322 3415 395 3476; x_wconf 85' lang='lat' dir='ltr'><strong>iilud</strong></span> <span class='ocrx_word' id='word_1_274' title='bbox 417 3413 526 3477; x_wconf 88' lang='lat' dir='ltr'><strong>Iohan.</strong></span> <span class='ocrx_word' id='word_1_275' title='bbox 549 3418 583 3477; x_wconf 88' lang='lat'><strong>1:</strong></span> <span class='ocrx_word' id='word_1_276' title='bbox 624 3412 717 3475; x_wconf 87' lang='lat' dir='ltr'><strong>Dedit</strong></span> <span class='ocrx_word' id='word_1_277' title='bbox 745 3416 789 3475; x_wconf 90' lang='lat' dir='ltr'><strong>eis</strong></span> <span class='ocrx_word' id='word_1_278' title='bbox 815 3420 1001 3495; x_wconf 84' lang='lat' dir='ltr'><strong>potestatem</strong></span> <span class='ocrx_word' id='word_1_279' title='bbox 1025 3415 1105 3478; x_wconf 84' lang='lat' dir='ltr'><strong>filios</strong></span> 
     </span>
     <span class='ocr_line' id='line_1_39' title="bbox 179 3495 1105 3581; baseline 0.005 -24"><span class='ocrx_word' id='word_1_280' title='bbox 179 3496 235 3557; x_wconf 86' lang='lat' dir='ltr'><strong>Dei</strong></span> <span class='ocrx_word' id='word_1_281' title='bbox 258 3498 333 3577; x_wconf 85' lang='lat' dir='ltr'><strong>fleri,</strong></span> <span class='ocrx_word' id='word_1_282' title='bbox 355 3500 400 3558; x_wconf 90' lang='lat' dir='ltr'><strong>sio</strong></span> <span class='ocrx_word' id='word_1_283' title='bbox 422 3500 535 3578; x_wconf 87' lang='lat' dir='ltr'><strong>aooipit</strong></span> <span class='ocrx_word' id='word_1_284' title='bbox 550 3495 595 3580; x_wconf 80' lang='lat'><strong>¹]:</strong></span> <span class='ocrx_word' id='word_1_285' title='bbox 638 3495 804 3571; x_wconf 78' lang='lat' dir='ltr'><strong>Quomodo</strong></span> <span class='ocrx_word' id='word_1_286' title='bbox 826 3499 915 3560; x_wconf 89' lang='lat' dir='ltr'><strong>datur</strong></span> <span class='ocrx_word' id='word_1_287' title='bbox 937 3498 997 3559; x_wconf 88' lang='lat' dir='ltr'><strong>iilis</strong></span> <span class='ocrx_word' id='word_1_288' title='bbox 1020 3506 1105 3581; x_wconf 84' lang='lat' dir='ltr'><strong>pots·</strong></span> 
     </span>
    </p>
   </div>
   <div class='ocr_carea' id='block_1_6' title="bbox 250 3764 1021 3837">
    <p class='ocr_par' dir='ltr' id='par_1_7' title="bbox 250 3764 1021 3837">
     <span class='ocr_line' id='line_1_40' title="bbox 250 3764 1021 3837; baseline -0.001 -15"><span class='ocrx_word' id='word_1_289' title='bbox 250 3766 282 3837; x_wconf 88' lang='lat'><strong>1)</strong></span> <span class='ocrx_word' id='word_1_290' title='bbox 302 3766 334 3820; x_wconf 88' lang='lat' dir='ltr'><strong>In</strong></span> <span class='ocrx_word' id='word_1_291' title='bbox 352 3767 395 3822; x_wconf 88' lang='lat' dir='ltr'><strong>ed.</strong></span> <span class='ocrx_word' id='word_1_292' title='bbox 416 3767 472 3823; x_wconf 90' lang='lat' dir='ltr'><strong>len.</strong></span> <span class='ocrx_word' id='word_1_293' title='bbox 490 3764 608 3837; x_wconf 79' lang='lat' dir='ltr'><strong>margini</strong></span> <span class='ocrx_word' id='word_1_294' title='bbox 625 3764 786 3836; x_wconf 76' lang='lat' dir='ltr'><strong>turcuptum</strong></span> <span class='ocrx_word' id='word_1_295' title='bbox 805 3770 863 3824; x_wconf 82' lang='lat' dir='ltr'><strong>sat:</strong></span> <span class='ocrx_word' id='word_1_296' title='bbox 879 3765 1021 3824; x_wconf 80' lang='lat' dir='ltr'><strong>Erasmus.</strong></span> 
     </span>
    </p>
   </div>
   <div class='ocr_carea' id='block_1_7' title="bbox 0 0 1178 4162">
    <p class='ocr_par' dir='ltr' id='par_1_8' title="bbox 0 0 1178 4162">
     <span class='ocr_line' id='line_1_41' title="bbox 0 0 1178 4162; baseline 0 3"><span class='ocrx_word' id='word_1_297' title='bbox 0 0 1178 4162; x_wconf 95' lang='lat' dir='ltr'><strong> </strong></span> 
     </span>
    </p>
   </div>
  </div>
 </body>
</html>
