2348 4162
234 282 258 325 o.
277 282 342 339 pap.
360 274 477 338 etpost.
496 265 544 322 int.
564 272 652 323 const
672 263 831 322 asserenda.
922 258 988 329 475

69 458 213 519 possum,
235 459 305 500 narn
329 440 453 519 ipsimet
474 444 612 499 neutram
634 457 736 497 earum
759 435 990 512 intellexerunt,

68 529 183 582 ettam
206 523 363 603 ignorant,
392 521 462 600 quid
486 521 563 582 haec
589 520 777 600 significent,
806 539 894 599 quam
919 536 989 597 ego.

69 605 154 665 llaec
185 607 299 667 attritio
336 604 503 665 habebatur
536 623 591 684 pro
629 604 830 678 contritione,
866 600 988 680 quando

68 687 302 750 confitebantur.
346 687 522 767 Siquando
552 686 726 753 accidebat,
762 693 794 746 ut
816 685 925 763 aliquis
948 684 990 744 di·

67 779 161 846 ceret,
184 791 302 832 senon
326 791 419 852 posse
442 773 656 833 contritionem
672 770 794 848 habere,
817 788 871 828 scu
884 766 990 827 dolere

32 896 35 901 -
70 874 124 934 pro
148 857 303 933 peccatis,
325 854 356 914 id
380 855 460 932 quod
484 857 582 933 potuit
603 852 743 914 accidere
766 871 871 913 amore
894 869 990 910 mere·

68 939 155 998 tricio
178 940 275 1017 captis
311 944 363 997 aut
392 937 559 1017 cupiditate
587 936 740 997 vindictae
761 936 894 995 incensis
917 939 990 1014 eta,

71 1031 134 1080 tum
157 1020 401 1100 interrogabant,
434 1027 594 1100 optaretne
623 1021 836 1079 contritionem
867 1015 991 1093 habere,

68 1123 108 1164 an
131 1122 204 1166 non.
227 1102 259 1165 si
283 1103 499 1183 respondebat,
521 1104 632 1183 Etiam,
657 1104 739 1184 (quis
761 1103 840 1162 enim
863 1104 993 1179 negaret

66 1194 201 1267 excepto
219 1186 396 1263 diabolot),
419 1187 611 1266 accipiebant
637 1185 709 1246 illud
732 1205 787 1265 pro
807 1184 992 1245 contritione

67 1275 98 1328 et
131 1271 329 1330 remittebant
362 1269 403 1328 illi
437 1290 492 1329 sua
520 1276 658 1349 peccata,
687 1278 813 1348 propter
841 1264 992 1327 eiusmodi

67 1352 181 1412 bonum
206 1372 283 1432 opus
307 1352 477 1432 allegantes
506 1353 680 1432 exemplum
704 1351 736 1413 S.
758 1350 904 1411 Bernardi
933 1354 990 1409 etc.

67 1435 124 1495 llio
146 1435 295 1510 videmus,
318 1444 350 1495 ut
371 1436 506 1495 humana
526 1437 604 1496 ratio
624 1435 734 1496 titubet
752 1436 781 1493 iu
806 1435 896 1494 rebus
919 1432 992 1492 divi·

67 1518 125 1597 nie,
149 1525 241 1597 utque
264 1538 319 1598 pro
343 1538 399 1578 suo
423 1519 547 1579 arbitrio
570 1538 588 1578 a
610 1519 740 1598 propriis
760 1517 904 1596 operibus
920 1534 992 1575 oon·
1089 1590 1092 1595 Ι

66 1601 251 1661 solationem
274 1609 373 1681 petat,
410 1601 447 1661 de
470 1602 591 1663 Christo
620 1609 650 1661 et
681 1600 741 1659 lide
770 1601 906 1680 cogitare
929 1616 991 1659 nun

67 1686 177 1764 possit.
214 1685 345 1760 Quando
366 1704 415 1744 res
438 1687 467 1743 in
492 1686 589 1744 lucem
612 1684 734 1764 prolata
756 1685 897 1759 cernitur,
921 1689 992 1743 cun'-

66 1769 149 1828 tritio
172 1768 230 1827 ista
252 1767 324 1827 licta
347 1777 377 1828 et
399 1768 540 1827 simulata
557 1769 705 1847 cogitatio
721 1775 776 1840 est,
800 1786 838 1825 ex
861 1765 992 1845 propriis

67 1850 182 1910 viribus
204 1850 361 1931 prolecta,
389 1853 454 1911 sine
478 1850 550 1929 lide,
581 1853 647 1911 siue
671 1851 848 1927 cognitione
871 1848 993 1927 Christi,

64 1934 96 1993 in
120 1951 183 2012 qua
204 1935 390 1993 contritione
415 1935 506 1993 miser
527 1939 673 2013 peccator
702 1934 820 1993 risisset
841 1931 992 1992 interdum
1054 2006 1057 2011 Ι

26 2088 29 2093 ⁴
66 2015 230 2092 libentius,
265 2036 355 2095 quarn
378 2016 528 2097 flevisset,
568 2036 636 2078 cum
665 2015 758 2077 libido
787 2022 818 2075 et
840 2014 993 2074 vindictae

66 2098 219 2179 cupiditas
243 2102 376 2159 animum
400 2100 492 2161 subiit
514 2101 651 2180 exceptis
673 2100 728 2179 iis,
761 2118 838 2177 quos
869 2099 917 2159 vel
941 2097 992 2157 lex

65 2201 141 2242 vere
173 2183 396 2262 perterrefecit,
429 2184 477 2243 vel
507 2186 583 2244 tristi
616 2185 722 2263 spiritu
754 2183 863 2243 frustra
885 2180 994 2241 afflixit

67 2264 221 2329 diabolus.
245 2265 369 2345 Alioqui
393 2267 460 2326 talis
485 2267 627 2327 contritio
650 2267 704 2325 luit
728 2285 799 2325 vera
820 2262 992 2344 hypocrisis

66 2367 170 2427 neque
206 2347 400 2409 mortificavit
429 2351 546 2428 peccati
580 2349 747 2408 libidinem.
792 2344 993 2426 Cogebantur

65 2432 149 2491 enirn
183 2431 324 2492 homines
356 2432 394 2490 ad
427 2433 658 2508 contritionem,
694 2450 762 2490 curn
791 2438 893 2490 tamen
923 2428 991 2508 plus

69 2514 252 2574 maluissent
273 2533 413 2594 peccare,
437 2517 462 2573 si
484 2514 630 2574 licuisset.

302 2679 476 2741 Confitendi
497 2680 575 2739 ratio
598 2678 675 2738 hacc
696 2679 766 2740 fuit:

151 2843 289 2924 Quisque
312 2845 482 2924 cogebatur
508 2846 613 2905 omnia
643 2864 698 2905 sua
718 2853 847 2924 peecata
868 2862 992 2904 enume-

66 2947 137 2989 rare
159 2926 259 3010 (quod
283 2928 473 3007 impossibile
495 2925 592 3010 erat),
620 2929 697 2989 haec
718 2929 775 2988 fuit
795 2929 903 3006 ingens
926 2945 993 2986 car·

61 3009 201 3072 cilicina.
246 3008 333 3085 Quae
365 3032 437 3073 vero
467 3011 580 3071 oblitus
609 3019 691 3088 erat,
727 3011 874 3071 hactenus
898 3011 925 3070 ei
947 3028 992 3070 re·
1058 3045 1061 3049 ·

66 3094 275 3171 mittebantur,
298 3101 339 3167 ut,
364 3114 431 3154 cum
455 3097 592 3154 venirent
614 3096 643 3154 in
668 3103 811 3170 mentem,
834 3092 992 3154 confitere-

65 3184 114 3237 tur
150 3186 269 3256 postea.
314 3177 359 3237 Eo
398 3186 489 3257 pacto
523 3197 677 3256 nunquam
716 3179 816 3256 potuit
848 3184 992 3254 statuere,

68 3259 194 3339 quando
216 3261 289 3320 satis
313 3280 388 3338 pure
410 3268 491 3320 esset
513 3260 682 3334 consessus,
705 3268 758 3319 aut
780 3259 904 3338 quando
930 3267 992 3319 tau·

65 3344 137 3401 dem
169 3344 323 3403 consessio
357 3342 448 3402 linem
482 3352 562 3404 esset
596 3344 744 3404 habitura.
787 3343 992 3403 Nihilominus

65 3435 170 3485 tamen
192 3425 352 3486 iubebatur
382 3426 524 3487 fiduciam
560 3427 714 3487 collocare
750 3429 779 3485 in
809 3445 864 3485 sua
887 3443 991 3504 opera.

65 3508 218 3569 Dicebant
231 3511 327 3568 enim:
351 3508 473 3584 Quanto
488 3511 591 3589 purius
607 3509 812 3583 confiteretur,
835 3518 865 3567 et
877 3514 991 3587 quanto

66 3592 167 3670 magis
191 3593 289 3671 ipsum
313 3591 456 3672 puderet,
490 3601 521 3653 ct
542 3613 576 3652 se
598 3613 702 3654 coram
731 3592 893 3652 sacerdote
916 3593 992 3651 vitu-

63 3681 201 3755 peraret,
227 3682 312 3736 tanto
335 3676 419 3736 illum
442 3677 530 3736 citius
553 3683 585 3737 at
607 3677 714 3737 melius
737 3675 913 3735 satisfacere
935 3692 991 3753 pro

63 3758 203 3838 peccatis
224 3760 301 3839 suis,
335 3758 418 3840 quud
447 3759 515 3821 talis
545 3759 715 3822 humiliatio
739 3765 905 3821 mereretur
924 3776 991 3843 gra·
