2348 4162
191 215 255 284 134
430 217 475 273 De
495 230 577 272 servo
595 212 711 271 arbitrio
729 213 763 269 D.
782 212 818 269 ll.
839 212 871 279 14

190 405 276 449 seras
304 385 422 463 dicere,
448 384 548 446 Deum
575 385 751 446 necessario
780 383 956 465 praescire?
992 381 1146 447 Scilicet.

193 469 382 530 voluntatem
402 467 622 528 immutabilem
645 467 703 529 Dei
725 466 885 547 praedicas
907 486 977 529 esse
998 465 1116 529 discen·

192 551 277 629 dam,
298 551 520 613 immutabilem
550 551 614 610 eius
645 569 719 611 vero
746 549 986 630 praescientiam
1021 567 1116 610 nosse

192 640 287 699 vetus.
330 633 378 696 An
401 641 433 695 tu
456 633 564 708 credis,
586 632 669 712 quod
691 632 801 694 nolens
824 633 986 713 praesciat,
1007 640 1063 695 aut
1071 632 1116 714 ig·

191 736 283 779 ncrue
305 716 401 778 velit?
444 717 476 779 Si
496 716 605 777 volens
625 715 769 796 praescit,
792 722 918 777 aeterna
939 721 986 777 eet
1009 722 1043 777 et
1061 714 1116 775 inr-

192 799 313 861 mobilis
337 798 423 883 (quin
444 800 572 875 natura)
597 798 758 877 voluntas,
792 800 817 859 si
838 800 1017 879 praesciens
1040 794 1115 877 vult,

190 890 317 945 aeterna
339 887 433 943 estet
453 879 619 943 immobilis
644 882 735 961 (quie
757 884 883 959 natura)
905 880 1045 945 scientia

273 965 322 1027 Ex
343 983 404 1046 qno
433 965 570 1045 sequitur
595 963 870 1046 irrefragabiliter,
899 964 1005 1026 omnia
1036 982 1116 1044 quae

189 1049 328 1127 iacimus,
353 1049 456 1109 omnic
478 1065 557 1126 quae
578 1045 664 1123 flunt,
688 1047 744 1109 etei
767 1044 856 1109 nobie
885 1047 1027 1110 videntur
1050 1065 1115 1107 rnu-

190 1130 324 1194 labiliter
353 1137 384 1191 et
412 1132 627 1210 contingenter
654 1127 736 1206 fleri,
763 1148 872 1191 revera
902 1136 1004 1192 tamen
1039 1128 1117 1191 flunt

188 1213 365 1275 necessario
378 1218 410 1272 et
430 1212 669 1289 immutabiliter,
692 1212 718 1272 ei
731 1212 786 1274 Dei
811 1211 1002 1274 voluntatem
1024 1231 1115 1295 spec·

190 1304 236 1357 tea
245 1295 289 1379 1).
333 1295 484 1358 Voluntas
506 1295 586 1356 enirn
609 1295 667 1356 Dei
689 1293 801 1356 efficax
822 1302 890 1377 est,
920 1314 1000 1376 qune
1020 1295 1116 1377 impe·

194 1378 251 1441 diri
273 1397 334 1440 non
355 1384 470 1459 potest,
491 1397 560 1439 cum
583 1379 623 1438 sit
633 1378 780 1439 naturalis
802 1379 872 1459 ipsa
893 1378 1035 1459 potentia
1046 1378 1115 1457 Dei,

193 1461 304 1523 deinde
326 1461 460 1542 sapiens,
482 1468 515 1522 ut
535 1460 597 1521 falli
620 1479 683 1522 non
705 1461 821 1541 possit,
850 1478 913 1521 uon
935 1467 1039 1523 autern
1061 1461 1116 1521 im·

190 1544 296 1626 pedite
317 1544 476 1605 voluntate
506 1562 584 1624 opus
617 1544 716 1624 ipenm
740 1542 883 1624 impediri
910 1562 973 1605 non
1000 1551 1116 1625 petest,

190 1625 357 1708 quin-liat,
377 1625 450 1687 loco
463 1673 473 1707 ,
496 1631 661 1707 ternpore,
687 1625 796 1704 modo,
819 1645 976 1705 mensura,
1003 1624 1115 1706 quibus

189 1711 258 1790 ipse
285 1716 315 1771 et
336 1708 496 1790 praevidet
528 1716 559 1770 et
581 1708 655 1770 vult.
705 1708 740 1771 si
768 1709 836 1770 talis
859 1715 940 1771 esset
970 1708 1116 1771 voluntas

191 1794 258 1872 Dei,
280 1811 360 1872 qnae
382 1798 508 1873 peracto
532 1811 627 1873 opere
650 1791 822 1872 eodemque
850 1797 994 1854 manente
1014 1810 1117 1853 cesse·

189 1884 257 1955 ret,
289 1874 387 1954 qualis
416 1881 463 1934 est
489 1874 647 1935 hominum
675 1874 847 1954 voluntas,
875 1874 927 1936 ubi
951 1873 1117 1937 aedificate

191 1957 294 2037 domo,
316 1975 407 2036 quem
431 1955 547 2036 volunt,
571 1963 672 2018 cesset
693 1957 783 2039 velle,
806 1966 839 2019 ut
858 1959 889 2019 in
912 1963 1012 2019 morte
1035 1956 1117 2019 deei-

190 2042 254 2119 uit,
285 2046 348 2099 tum
369 2058 443 2100 vere
464 2046 571 2119 posset
592 2039 676 2120 dici,
698 2039 814 2120 aliquid
848 2043 1066 2122 contingenter
1089 2046 1120 2102 et

196 2121 383 2185 mutabiliter
404 2119 479 2182 fieri.
523 2121 565 2183 nt
584 2122 635 2183 hic
657 2129 764 2184 contra
787 2121 831 2200 lit,
853 2141 931 2205 opus
953 2123 1120 2185 desinitret

194 2204 335 2266 voluntas
358 2210 531 2285 permanet,
560 2212 678 2266 tuntum
707 2205 809 2287 abest,
838 2213 871 2267 ut
897 2207 999 2287 ipsum
1027 2202 1118 2287 opus,

193 2286 265 2348 durn
287 2285 322 2348 fit
343 2295 374 2348 et
395 2294 564 2368 permonet,
589 2289 803 2369 contingenter
830 2308 899 2350 esse
925 2295 978 2350 aut
998 2308 1119 2370 perma-

194 2389 268 2432 nere
289 2370 397 2450 possit.
442 2369 663 2452 Contingenter
693 2379 796 2433 eutem
830 2370 896 2433 lieri
920 2371 1031 2433 dicitur
1059 2375 1119 2451 (ne

193 2452 350 2514 vocabulis
373 2451 552 2532 abutamur)
578 2453 672 2515 latine
694 2452 799 2534 lingua
821 2473 883 2515 non
915 2456 1016 2535 ipsum
1039 2474 1118 2538 opus

192 2538 374 2615 contingens
397 2533 473 2615 fieri,
495 2536 549 2597 sed
574 2536 773 2617 contingente
794 2543 825 2600 et
847 2536 986 2599 mutabili
1008 2538 1117 2599 volnu'-

191 2623 254 2679 tute
276 2617 352 2696 lieri,
374 2618 472 2697 qualis
494 2620 525 2679 in
548 2617 618 2680 Deo
647 2638 708 2680 non
732 2628 787 2683 est.
842 2620 965 2682 Deinde
999 2621 1117 2683 contin·

191 2720 268 2783 gene
291 2720 368 2782 opus
392 2699 450 2761 dici
473 2719 535 2761 non
559 2709 677 2782 potest,
700 2703 758 2763 uisi
780 2702 864 2783 quod
886 2702 976 2765 nobis
998 2704 1117 2766 contin·

191 2790 300 2864 genter
332 2788 364 2844 et
394 2783 480 2843 velut
507 2803 582 2844 cusu
618 2784 923 2866 imprudentibusque
954 2786 1045 2848 uobis
1073 2784 1119 2864 flt,

191 2867 263 2947 quia
284 2870 390 2927 nostra
421 2864 564 2928 voluntas
592 2868 643 2929 vel
665 2886 773 2951 manus
794 2867 871 2929 illnd
898 2870 1005 2949 arripit
1034 2868 1118 2931 velut

190 2967 264 3011 casu
286 2947 439 3028 oblatum,
463 2955 497 3010 ut
518 2950 569 3030 qui
590 2950 666 3014 nihil
687 2949 726 3012 de
756 2969 795 3013 eo
824 2958 878 3013 ant
910 2952 1116 3034 cogitavimus

190 3039 243 3093 aut
264 3031 417 3094 voluimus
439 3032 572 3113 autea.²)

228 3424 235 3438 Ι
261 3355 293 3425 l)
311 3355 343 3410 ln
362 3355 405 3412 ed.
424 3356 480 3413 len.
498 3356 569 3414 haec
586 3357 739 3415 enuntiatio
758 3359 924 3429 italegitur=
942 3357 985 3415 Ex
1003 3373 1060 3430 quo
1073 3374 1117 3415 se·

188 3430 281 3496 antur
304 3426 550 3498 irrefragabiliter,
583 3430 773 3500 omnisonae
797 3429 914 3486 facimus
963 3430 1015 3486 etsi
1034 3429 1119 3486 nobis

188 3497 318 3582 videntur
335 3498 504 3557 mutabiliter
521 3506 550 3556 et
570 3501 763 3572 contingenter
791 3497 852 3558 fieri
870 3508 899 3558 et
916 3469 1001 3567 dant,
1030 3506 1059 3557 et
1076 3500 1120 3557 ita

187 3575 272 3625 etiam
300 3571 494 3643 contingenter
524 3570 606 3628 nobis
624 3569 715 3640 liant,
744 3588 843 3630 revera
860 3578 952 3630 tannen
971 3569 1045 3629 liunt
1062 3580 1117 3629 etc.

192 3640 225 3710 2)
246 3642 278 3695 In
296 3641 340 3697 ed.
362 3643 418 3700 len.
440 3643 510 3711 Opp.
528 3643 608 3698 Luth.
628 3642 699 3700 haec
719 3644 817 3700 addite
833 3651 906 3712 sunt,
925 3659 998 3715 qnae
1016 3658 1070 3701 nec
1088 3644 1118 3700 in

190 3713 233 3768 ed.
253 3710 444 3771 huiuslibria.
467 3716 533 3772 1525
552 3731 605 3772 nec
623 3730 649 3770 a
663 3717 732 3774 1526
750 3717 891 3787 legunturr
911 3716 1038 3786 optarim
1046 3730 1118 3773 sane
