2348 4162
288 280 312 321 c.
331 277 397 337 pap.
418 270 448 321 ct
465 268 536 335 port.
555 263 603 321 inl.
622 246 710 321 const.
729 263 901 321 asserenda.⁴
990 262 1053 330 469

131 457 240 501 omnes
262 438 291 497 in
316 438 457 498 universa
470 438 612 509 ecclesia,
636 436 736 497 donec
758 456 937 517 papasunm
962 442 1054 517 caput

130 541 224 602 supra
246 541 353 583 omnes
377 521 540 582 attolleret.
590 521 676 581 Haec
698 539 767 600 pars
790 520 961 581 firmissime
984 540 1052 600 pro-

131 605 197 685 bat,
230 603 406 684 pontificem
437 623 504 664 esse
540 607 638 685 ipsum
674 603 901 684 antichristum,
941 606 991 684 qni
1020 620 1053 663 sc

130 687 253 749 Christo
283 689 461 768 praeposuit
496 695 526 748 et
563 688 715 766 opposuit.
771 686 960 748 Christianos
990 705 1052 746 non

131 771 196 831 vult
217 771 284 831 sine
313 790 369 831 sua
400 778 553 851 potestate
584 771 711 846 salvari,
744 789 823 848 quae
856 771 923 849 ipsa
950 777 1053 829 tamen

84 882 87 887 ·
131 853 208 915 nihil
238 861 285 914 est
327 873 427 933 neque
466 853 610 913 divinitus
639 853 779 913 ordinata
815 860 867 913 aut
900 851 1053 916 mandata.

132 936 214 1013 Quid
237 943 292 1016 est,
316 937 341 996 si
363 956 424 996 non
452 937 513 997 hoc
535 945 580 995 est
614 955 804 1015 praeponere
837 956 870 995 sa
893 943 924 996 et
945 935 1050 995 adver·

131 1021 191 1080 sari
215 1019 293 1093 Deo,
327 1027 360 1079 nt
381 1022 422 1079 ait
445 1020 474 1084 S.
501 1020 621 1081 Paulus.
664 1019 744 1079 Nihil
769 1020 829 1079 tals
860 1018 894 1078 fit
916 1040 933 1079 a
955 1018 1056 1093 Turca

131 1108 183 1164 aut
207 1102 350 1177 Tartaris,
372 1107 440 1162 utut
461 1104 562 1182 magni
586 1103 690 1164 hostes
712 1104 772 1162 sint
797 1102 1051 1163 Christianorum.

132 1186 312 1246 Permittunt
334 1187 413 1245 euim
437 1186 562 1245 credere
589 1188 620 1245 in
643 1183 795 1247 Christum
820 1185 961 1245 omnibus
971 1184 1054 1264 ,qui

133 1264 258 1345 volunt,
293 1276 407 1328 tantum
439 1264 593 1348 accipiunt
625 1289 642 1327 a
673 1269 851 1329 Christianis
886 1233 997 1329 tribuia
1025 1273 1056 1328 et

131 1351 292 1432 postulant
320 1359 476 1411 externam
511 1350 726 1411 obedientiam.
781 1350 864 1434 Papa
892 1371 964 1412 vero
987 1369 1055 1430 pro·

133 1434 219 1495 hibet
240 1452 297 1494 nos
312 1433 447 1511 credere,
471 1442 500 1493 el
522 1435 573 1513 ait,
597 1433 652 1494 sibi
679 1433 951 1512 obtemperandum
976 1453 1055 1512 esse,

133 1517 176 1578 ita
200 1517 329 1576 salutem
354 1482 541 1614 coutihgere
591 1515 658 1579 Nos
681 1523 782 1576 autem
811 1535 873 1576 non
880 1516 1055 1613 obtempa·
1073 1522 1076 1529 '

132 1600 286 1673 rabimus,
317 1607 370 1660 aut
392 1602 494 1679 potius
525 1608 652 1660 mortem
677 1608 857 1679 oppetemus
879 1601 908 1658 iu
932 1600 1056 1659 nomine

132 1683 204 1747 Dei.
216 1682 302 1743 Haec
314 1684 591 1742 nascunturomnia
600 1702 638 1742 ex
647 1702 694 1760 eo,
703 1682 784 1760 quod
796 1682 976 1761 sepontifex
987 1684 1056 1761 jure

133 1766 237 1826 divino
261 1766 450 1826 Christianae
480 1766 630 1826 ecciesiae
660 1772 751 1845 caput
779 1765 926 1845 appellari
951 1764 1056 1825 voluit.

133 1847 238 1924 Quare
266 1868 393 1908 necesse
414 1849 485 1925 fuit,
518 1857 549 1908 ut
576 1869 610 1908 se
633 1857 827 1928 compararet
857 1856 949 1925 atque
972 1854 1056 1907 ants·

132 1933 227 1992 ferret
250 1931 382 2005 Christo,
404 1950 498 2010 seque
521 1933 607 1991 initio
631 1939 740 2010 caput,
764 1930 875 1990 deinde
898 1931 1055 1991 dominum

114 2015 295 2093 ecclesiae,
319 2022 426 2093 postea
449 2016 539 2074 etiam
564 2016 695 2074 universi
718 2014 816 2093 orbis,
845 2014 978 2093 denique
1000 2022 1057 2072 ter·
1085 2024 1088 2029 '

132 2106 261 2157 restrem
285 2098 382 2157 Deum
416 2105 621 2178 nuncuparet,
654 2096 754 2158 donec
784 2063 987 2158 adelestibus
992 2103 1057 2156 tan'·

134 2180 206 2240 dem
230 2180 377 2260 angelis'
370 2201 521 2260 imperare
549 2193 721 2242 conaretur.
771 2180 872 2260 Atque
894 2182 919 2240 si
943 2174 1055 2239 disce'r-

133 2270 225 2323 natur
255 2262 396 2323 doctriua
423 2284 523 2343 papas
552 2283 680 2324 assera
713 2264 868 2344 Scriptura
907 2269 959 2323 aut
990 2281 1057 2321 cum

133 2365 172 2406 ea
196 2345 383 2429 conferatur,
407 2349 629 2426 comperiemus
652 2345 748 2405 doct
714 2353 821 2405 trmam
846 2365 946 2442 papae
969 2364 1006 2404 ea
1028 2344 1059 2403 iu

136 2437 236 2510 parte,
260 2420 323 2489 ubi
333 2431 450 2509 optima
472 2436 527 2506 est,
551 2448 590 2487 ex
614 2429 696 2488 civili
725 2439 754 2487 et
777 2427 927 2488 ethnico
920 2447 984 2486 rure
1007 2426 1065 2486 de-'

134 2519 241 2591 sumpt
242 2531 289 2571 am
315 2531 399 2588 esse,
430 2519 461 2571 et
484 2511 522 2571 de
543 2510 683 2571 civilibus
712 2512 802 2570 rebus
830 2520 920 2591 atque
943 2510 1060 2569 iudiciis

133 2602 302 2675 praecepta
330 2560 464 2671 tradere,
483 2597 561 2654 sicut
589 2594 670 2653 illius
699 2594 876 2654 Decrelales
903 2601 1061 2653 testantur.

135 2677 256 2738 Deinde
277 2676 316 2737 de
340 2679 471 2757 templis,
496 2678 619 2751 vestitu,
644 2677 780 2738 ciborum
804 2677 933 2753 delectu,
956 2694 1061 2756 perso-

136 2763 185 2820 nis
208 2767 239 2821 et
260 2760 410 2821 eiusmodi
433 2761 522 2820 rebus
540 2760 672 2836 ludicris,
697 2761 867 2839 praestigiis
889 2770 920 2819 et
941 2759 1062 2838 ineptiis

136 2842 265 2904 infinitis
289 2846 479 2905 ceremonias
501 2842 602 2922 tradit,
626 2844 697 2903 nihil
721 2852 821 2903 aulem
846 2845 874 2902 iu
899 2844 944 2902 his
968 2842 1062 2902 omni-

136 2926 196 2988 bus
218 2926 256 2985 de
278 2926 415 3003 Christo,
455 2927 492 2988 dc
515 2926 575 2986 fide
604 2935 633 2985 et
662 2926 812 2986 mandatis
843 2926 960 2987 divinis.
1004 2925 1063 2985 Po-

137 3018 254 3069 stremo
277 3009 348 3068 nihil
369 3017 415 3069 est
435 3011 492 3068 nisi
517 3008 711 3087 diabolicum,
730 3009 780 3068 ubi
814 3028 869 3069 sua
901 3007 1062 3068 mendacia

136 3092 176 3152 de
200 3092 309 3169 Missis,
331 3095 519 3172 purgatorio,
544 3095 746 3172 monasteriis,
770 3093 901 3172 propriis
917 3090 1062 3172 operibus

138 3182 171 3234 et
192 3175 322 3235 cultibus
359 3173 456 3258 (quse
481 3177 585 3235 omnia
608 3184 676 3234 sunt
700 3177 765 3256 ipse
789 3173 947 3271 papatus)
976 3180 1063 3252 urget

137 3277 232 3337 supra
254 3256 355 3319 Deum
380 3271 409 3318 et
432 3267 539 3318 contra
558 3259 667 3334 Deum,
690 3258 838 3317 damnans
860 3259 990 3335 interim,
1014 3275 1062 3315 oc·

138 3341 262 3421 cidens,
295 3340 436 3422 affligens
459 3360 567 3401 omnes
591 3342 796 3416 Christianos,
825 3343 876 3420 qui
898 3340 977 3400 hauc
999 3341 1064 3399 eiua
1128 3368 1131 3373 ·

141 3425 333 3504 impietatem
363 3444 425 3486 non
456 3444 548 3521 supra
580 3427 683 3485 omnia
712 3423 864 3483 extollunt
893 3430 923 3483 et
949 3423 1064 3482 colunt.

141 3506 339 3586 Quapropter
370 3509 449 3567 sicut
477 3509 574 3586 ipsum
608 3507 762 3567 diabolum
787 3526 842 3586 pro
866 3506 990 3566 domiuo
1013 3512 1066 3564 aut

140 3591 211 3651 Deo
235 3590 364 3650 adorare
398 3609 459 3649 nou
483 3609 663 3670 possumus,
695 3592 736 3649 ita
760 3608 882 3669 quoque
906 3590 970 3648 eius
994 3606 1065 3668 apo-

138 3673 254 3734 stolum
278 3692 389 3753 papam
418 3680 472 3735 aut
494 3674 702 3736 antichristum
729 3675 760 3732 in
787 3692 843 3733 auo
866 3673 1065 3752 imperiosa·

141 3762 198 3837 put
221 3763 252 3816 et
272 3755 429 3818 domiuum
447 3757 525 3816 ferre
546 3777 607 3817 non
626 3754 800 3838 p'ossumus.
836 3755 915 3817 Nam
938 3754 1066 3837 perdere
