2348 4162
193 246 254 312 108
487 248 590 304 Conaio
611 251 643 303 D.
664 250 697 304 ll.
717 250 829 305 Lutlreri

274 420 435 480 Haec'nisi
458 420 595 481 Christus
619 422 758 482 omnibus
782 422 934 495 dixisset,
963 428 1024 481 tarn
1047 440 1109 482 non

191 502 323 563 dicerem
347 504 385 563 ad
409 522 457 562 me
478 505 645 584 pertinere,
675 525 764 584 qnam
788 524 869 565 nunc
891 505 1043 565 Mosaicas
1064 505 1110 565 le·

191 605 246 666 ges
269 585 340 647 mihi
363 587 441 646 latas
458 606 533 646 ‘esse
556 606 647 668 nego.
690 589 759 649 Non
783 584 862 648 euim
885 587 938 647 ille
961 589 1109 668 gentium,

190 668 243 727 sed
262 666 450 751 ¹Iudaeorum
489 669 649 750 legislator
671 677 736 748 est,
773 689 841 729 cum
874 689 946 730 vero
971 669 1109 731 Christus

190 771 251 811 non
276 752 326 811 uni
350 751 441 812 alicui
464 753 581 834 populo
605 762 656 813 aut
678 756 755 839 parti
778 753 945 829 hominurn,
969 752 1022 812 sed
1039 770 1111 812 om·
1140 803 1143 808 .

189 835 278 894 nibus
310 837 455 895 creaturis
487 837 591 897 iubeat
624 836 825 916 Evangelium
859 836 1028 915 praedicari
1048 883 1056 914 ,
1080 845 1111 896 et

156 957 167 963 --
190 918 299 977 missus
322 919 362 977 sit
383 937 402 977 a
425 919 501 996 Deo,
523 926 556 979 ut
567 921 606 979 sit
627 920 763 980 salvator
778 919 912 978 omnium
937 917 1107 994 hominum,
1134 926 1136 932 '

190 1019 280 1061 uerno
303 999 353 1060 hic
383 1020 482 1080 neque
502 1001 683 1064 ludaeorum
715 1021 813 1081 neque
835 1003 970 1079 gentium
1002 1020 1036 1060 se
1058 1020 1111 1060 ex·

190 1083 306 1143 clusum
338 1103 406 1143 esse
428 1086 596 1162 existimet,
618 1083 678 1161 ¹sed
708 1088 787 1145 sciat
813 1084 852 1144 ad
881 1084 969 1144 huius
1000 1102 1108 1144 vocem

158 1173 163 1183 '
189 1167 307 1247 alligari
329 1185 437 1227 omnes
460 1174 489 1226 et
512 1168 637 1248 singulis
665 1168 836 1247 praedicari
864 1166 945 1227 idem
968 1167 1110 1246 llvauge·

190 1248 285 1326 lium,
313 1256 342 1309 et
364 1250 443 1310 hanc
470 1270 538 1310 esse
566 1252 755 1313 voluntatem
787 1257 817 1312 et
844 1250 1019 1310 mandatum
1042 1250 1111 1325 Dei,

189 1338 223 1392 ut
244 1334 449 1393 assentiantur
471 1340 502 1394 et
524 1333 650 1394 credant
672 1335 853 1414 Evangelio.

258 1414 339 1475 -Hoc
367 1416 528 1476 discrimen
552 1418 630 1478 inter
650 1414 729 1480 Mosi
759 1424 790 1477 et
818 1414 953 1494 Christi,
980 1415 1041 1475 hoc
1058 1415 1111 1475 'est

189 1499 300 1558 veteris
327 1504 357 1559 et
385 1499 456 1559 novi
488 1500 685 1575 Testamenti,
716 1492 914 1560 ministerium
945 1498 1109 1578 diligenter

190 1581 384 1642 considerent
405 1584 582 1663 praesertim
608 1582 749 1645 doctores
772 1585 800 1643 in
825 1582 965 1644 ecclesia.
1025 1577 1105 1642 Nam

190 1664 219 1741 si
238 1663 288 1723 hic
311 1663 485 1725 intellectus
509 1674 648 1726 servatus
671 1671 766 1743 esset,
790 1666 887 1725 minus
907 1664 1015 1724 fuisset
1036 1682 1108 1724 oon·

188 1746 344 1807 fusienum
367 1749 397 1807 iu
412 1747 560 1822 doctrina,
585 1757 615 1809 et
626 1769 724 1830 nuper
742 1749 858 1810 ‚servati
871 1748 997 1808 fuissent
1012 1746 1109 1825 multi,

190 1830 239 1908 qui
261 1829 290 1888 in
315 1836 399 1890 motu
419 1838 486 1891 orto
509 1851 528 1890 a
549 1833 688 1893 fanaticis
707 1830 884 1905 doctoribus
906 1830 1016 1889 misere
1038 1849 1107 1909 per·

128 1981 131 1985 ,
188 1915 307 1988 ierunt,
340 1931 467 1973 neeesse
498 1922 544 1973 est
566 1916 645 1974 enirn
684 1915 755 1976 oriri
792 1920 892 1974 sectas
915 1915 944 1972 in
969 1912 1109 1972 doctrina

190 1995 341 2054 ccclesiae
363 2003 394 2055 et
416 1996 626 2057 confusionem
647 1999 762 2079 politici
786 1997 910 2074 ordinis,
933 1997 1016 2055 sisic
1040 1995 1108 2056 sine

190 2077 363 2138 discrimine
384 2079 501 2139 indocti
528 2081 734 2141 vociferentur
754 2082 783 2139 iu
806 2080 933 2158 vulgus:
960 2078 1029 2140 Hoc
1052 2078 1109 2138 Dei

190 2158 337 2240 verbum,
368 2158 436 2221 Dei
457 2161 632 2223 mandatum
657 2174 712 2227 est.
768 2163 827 2223 Sed
852 2160 1109 2221 considerandum

189 2250 237 2302 est
259 2250 289 2302 et
310 2242 380 2324 hoo,
403 2249 435 2303 ut
455 2245 527 2324 dixi,
552 2246 634 2325 quid,
657 2246 695 2307 ad
719 2264 796 2326 quos
815 2246 972 2325 loquatur,
1000 2251 1031 2304 et
1051 2261 1108 2304 nos

192 2326 251 2385 hoc
273 2325 399 2387 verbum
423 2346 605 2408 sequamur,
628 2328 710 2408 quud
734 2330 846 2388 scimus
877 2327 1045 2388 manifestis
1067 2324 1112 2386 te?

190 2409 341 2469 stimouiis
363 2408 453 2470 uobis
476 2411 662 2490 patefactum
688 2419 718 2472 at
738 2413 928 2492 propositum
952 2428 1039 2490 esse,
1079 2415 1110 2467 ut

189 2492 300 2552 scimus
323 2510 379 2553 nos
401 2494 431 2552 in
454 2493 574 2555 Christo
605 2514 660 2576 per
683 2494 884 2575 Evangelium
915 2498 1044 2553 vocatos
1068 2491 1106 2552 ad

190 2574 396 2655 baptismum,
429 2575 520 2636 fldem
556 2578 585 2636 in
615 2575 709 2638 fllium
740 2577 798 2636 Dei
838 2583 868 2636 et
900 2574 1108 2636 obedientiam

179 2658 275 2719 iuxta
296 2678 382 2719 suam
405 2659 552 2739 cuiusque
575 2662 778 2722 vocationem.

197 2795 203 2809 ,
270 2739 372 2801 Facile
404 2741 465 2802 hoc
501 2742 548 2802 vel
583 2763 621 2803 ex
661 2744 787 2823 politico
821 2748 873 2802 aut
905 2741 1108 2802 oeconomico

189 2823 333 2904 exemplo
355 2822 628 2903 iudicaripotest,
651 2846 718 2887 curn
741 2824 959 2906 paterfamilias
993 2842 1109 2884 convo·

189 2913 257 2966 cata
280 2906 394 2967 familia
417 2907 543 2967 mandat
570 2909 673 2970 villico
697 2917 749 2968 aut
770 2908 915 2986 atriensi,
948 2913 981 2966 ut
1002 2908 1110 2987 iungat

189 2988 295 3066 boves,
318 2996 384 3050 aret
406 3010 522 3071 agrum,
546 2993 657 3052 autad
678 2991 853 3072 lignandum
878 2998 977 3066 exeat,
1007 2986 1110 3049 rursus

189 3071 309 3132 villicae
330 3092 384 3132 seu
407 3074 562 3153 ancillae,
589 3082 622 3135 ut
642 3094 735 3155 pecus
760 3076 902 3155 mulgeat,
935 3072 984 3132 lae
1008 3077 1110 3153 cogat,

192 3154 314 3234 coniugi
337 3156 556 3218 matrifamilias
579 3178 676 3239 penus
701 3165 732 3217 et
753 3158 875 3219 culinae
903 3174 1004 3215 curam
1029 3174 1111 3215 corn·

190 3237 336 3319 mandat,
370 3238 451 3300 aliud
474 3239 576 3319 filiae,
609 3241 690 3301 aliud
713 3240 776 3301 tilio
798 3239 940 3301 familias
974 3237 1111 3299 mandat.

190 3321 274 3381 Haeo
296 3328 366 3381 suut
387 3324 490 3383 omnia
513 3323 657 3385 mandata
685 3323 820 3384 eiusdem
845 3323 958 3383 domini
982 3339 1036 3380 seu
1060 3340 1111 3400 pa-

189 3404 385 3467 trisfamilias.
428 3405 493 3467 Iam
523 3409 548 3467 si
571 3407 616 3467 his
639 3407 749 3466 auditis
771 3406 884 3466 ancilla
916 3407 1024 3485 iungat
1046 3422 1110 3463 cur·

188 3506 253 3547 rum
277 3495 329 3547 aut
350 3494 482 3548 aratrum
513 3497 676 3570 sequatur,
706 3489 824 3549 villicus
846 3506 909 3549 rem
933 3487 1109 3567 pecuariam

189 3577 282 3647 curet,
306 3572 533 3633 materfamilias
555 3572 636 3636 filiae
660 3574 762 3633 munia
784 3572 885 3652 obeat,
908 3570 972 3631 filia
994 3570 1113 3647 matris,

135 3672 138 3677 ·
188 3655 331 3732 neglecto
354 3673 402 3734 eo,
439 3656 521 3735 quod
555 3655 612 3716 sibi
637 3655 913 3734 mandatum'fuit,
937 3659 980 3713 'et
1002 3652 1110 3714 horum

188 3735 300 3818 singuli
324 3736 463 3816 allegent
480 3738 656 3799 mandatum
679 3737 928 3818 patrisfamilias,
957 3735 1031 3816 quid
1053 3734 1111 3797 uisi
