2348 4162
177 225 229 294 9οψ
471 229 576 287 Οοιιοίο
594 230 628 286 D.
647 231 683 286 Μ.
701 230 814 288 Lutheri

176 389 256 472 apud
280 390 431 452 Christum
455 399 572 471 patrem
595 400 732 455 nostrum
765 393 917 455 incaelis
942 391 1099 471 sedemus,

176 495 247 535 uam
271 474 353 553 quod
376 474 414 534 ad
438 493 550 556 corpus
573 478 705 558 attinet,
742 476 842 538 adbuc
870 496 961 556 super
985 483 1098 538 terram

175 556 316 637 vivimus,
340 556 401 618 tide
422 564 525 620 autem
549 577 617 619 cum
638 561 707 640 ipso
729 579 844 620 snmus.
875 560 1000 620 illorum
1024 577 1099 639 quo·

176 660 236 722 que
259 637 362 701 officia
385 648 520 702 mactare
542 650 572 702 et
586 642 695 703 offerre
718 642 789 704 nihil
807 643 889 702 aliud
913 649 1099 722 suntquam

176 723 365 804 praedicatio
389 725 563 805 Evangelii,
585 725 660 786 illud
695 727 935 790 enimveterem
958 733 1098 786 nostrum

174 807 332 867 hominem
356 807 478 884 occidit,
501 814 531 867 ct
552 809 627 888 igne
646 809 780 869 caritatis
806 810 836 869 iu
860 816 969 870 sancto
984 808 1102 888 Spiritu

176 890 369 951 combustum
393 898 424 951 et
446 891 641 971 absumptum
663 893 731 953 Deo
767 891 867 960 offert.
917 891 974 952 Est
996 897 1100 953 antem

87 1044 91 1049 .
175 972 237 1036 hoc
258 974 440 1034 sacrificium
463 975 542 1053 grati
565 974 670 1036 odoris
692 975 774 1055 apud
798 975 923 1054 Deum,
956 974 1019 1035 hoc
1042 980 1101 1057 est,

175 1065 298 1117 serenat
331 1063 362 1117 et
384 1056 534 1118 exhilarat
563 1059 769 1118 conscientias
792 1077 866 1137 erga
893 1058 1002 1121 Deum.
1047 1058 1100 1119 At·

176 1159 236 1219 que
258 1138 297 1200 ad
318 1139 399 1201 hanc
421 1140 600 1222 allegoriam
623 1141 735 1202 Paulus
757 1142 867 1204 Roma.
892 1143 940 1205 12.
980 1136 1101 1220 alludit,

176 1222 228 1284 ubi
251 1231 380 1301 monet,
419 1231 452 1284 ut
471 1232 576 1285 nostra
604 1244 736 1305 corpora
758 1225 825 1285 Deo
857 1223 1022 1286 offeramus
1043 1225 1101 1286 ho·

175 1307 265 1367 stiam
290 1308 411 1385 vivam,
434 1315 572 1368 sanctam
595 1315 626 1368 et
647 1315 793 1389 gratam,
827 1307 910 1387 quod
943 1327 998 1388 per
1020 1308 1099 1369 assi·

177 1389 268 1450 dnum
290 1389 451 1470 Evangelii
489 1409 576 1450 usum
609 1390 644 1450 lit
667 1393 763 1466 (sient
785 1387 1006 1472 indicavimus)
1032 1398 1098 1451 tum

175 1472 395 1552 praedicando,
419 1478 482 1532 tum
505 1472 670 1534 credendo.
719 1473 822 1552 Atque
854 1473 933 1534 haec
966 1474 1102 1535 breviter

58 1616 61 1621 ,
175 1553 215 1616 de
237 1556 347 1616 veteris
368 1554 557 1615 Testamenti
580 1556 753 1636 allegoriis,
788 1557 819 1616 in
843 1557 952 1635 quibus
975 1563 1102 1636 practer

177 1637 327 1700 Christum
350 1645 382 1701 et
404 1638 606 1719 Evangelium
629 1639 703 1699 nihil
726 1646 773 1699 est
793 1639 1007 1719 spectandum.

175 1905 371 1981 Quomodo
394 1914 431 1969 et
452 1927 527 1988 quo
550 1909 680 1970 fructu
703 1907 793 1969 libri
820 1909 924 1970 Mosi
946 1926 966 1967 a
989 1907 1102 1969 ctri-

175 1992 317 2051 stianis
353 1991 513 2070 legendi
547 1990 832 2138 {ipp,eflipncio
866 1992 902 2057 D.
938 1991 1102 2052 Martini

256 2223 358 2304 Saepe
379 2225 440 2286 hoc
462 2224 574 2285 dictum
599 2232 654 2305 est,
678 2225 776 2286 Deum
800 2223 846 2286 bis
860 2225 1101 2286 tantum·maui-
1159 2220 1166 2229 ’

174 2307 253 2368 festo
276 2309 451 2370 testimonio
488 2316 519 2369 et
540 2328 619 2370 voce
654 2309 757 2389 palam
780 2307 818 2369 de
854 2307 942 2369 coelo
966 2315 1102 2369 sonante

175 2390 338 2451 tradidisse
361 2391 486 2452 verbum
509 2411 612 2475 suum,
637 2391 718 2472 quod
742 2390 825 2451 oe'rto
864 2392 977 2451 scirent
997 2390 1100 2451 homi·

176 2493 230 2533 nes
262 2493 333 2535 esse
369 2475 538 2538 doctrinam
569 2476 715 2537 divinitus
749 2473 952 2555 patefactam:
990 2473 1101 2555 semel,

175 2574 243 2616 oum
266 2558 383 2638 populo
407 2556 502 2620 lsrael
538 2565 568 2619 et
601 2560 702 2638 legem
737 2557 861 2618 tradidit
902 2565 932 2616 et
958 2556 1100 2636 politiam

56 2653 60 2658 ·
175 2641 362 2718 peculiarem
386 2642 532 2721 instituit,
566 2642 693 2719 ilerum,
727 2657 795 2699 cum
824 2641 917 2699 misso
940 2638 1101 2719 visibiliter

173 2719 289 2803 Spiritu
312 2731 420 2785 sancto
444 2745 499 2805 per
517 2725 677 2803 apostolos
690 2723 893 2802 Evangelinm
915 2723 946 2781 in
960 2723 1099 2783 omnium

174 2808 313 2886 gentium
336 2806 456 2888 linguas
472 2826 616 2887 spargere
638 2807 750 2885 coepit.
782 2806 851 2867 Etsi
865 2806 946 2865 enim
968 2812 1000 2867 et
1020 2805 1100 2867 alias

175 2907 244 2949 oum
267 2886 405 2970 patribus
424 2889 535 2967 Adam,
557 2889 656 2966 Noha,
678 2887 847 2969 Abraham,
869 2887 968 2968 Isaac,
989 2886 1100 2970 Iacob,

176 2971 316 3052 adeoque
338 2979 369 3034 et
390 2993 445 3054 per
466 2973 536 3034 illos
560 2973 628 3033 aliis
652 2973 772 3033 locutus
794 2979 841 3032 est
863 2990 960 3051 usque
981 2970 1020 3032 ad
1033 2970 1102 3033 Mu·

175 3075 240 3134 sen,
263 3064 366 3117 tamen
390 3057 420 3118 id
445 3076 508 3117 non
531 3057 712 3117 estfactum
735 3053 887 3116 eiusmodi
908 3054 1012 3133 aliqua
1033 3074 1100 3115 ma-

176 3139 286 3201 nifesta
324 3141 356 3199 iu
387 3141 522 3200 omnium
552 3140 659 3201 oculos
689 3140 863 3199 incurrente
902 3137 1006 3217 specie
1040 3157 1099 3199 seu

174 3240 291 3301 pompa
314 3228 345 3279 et
373 3222 495 3301 publice
518 3221 557 3283 de
580 3223 670 3283 coelo
694 3231 825 3284 sonante
848 3239 936 3300 voce,
959 3219 1016 3280 sed
1037 3223 1112 3300 pri·

177 3307 269 3364 vatim
294 3305 429 3383 patribus
465 3312 591 3367 osleusa
624 3307 749 3387 specie,
777 3304 908 3365 'verbum
938 3323 1026 3364 suum
1049 3323 1100 3365 so·

179 3393 283 3463 nante,
306 3396 450 3466 tanquam
473 3389 542 3450 luce
564 3391 700 3470 ipsorum
724 3387 866 3449 cordibus
888 3386 1032 3464 adfulsit,
1069 3394 1102 3450 et

174 3490 229 3551 per
264 3471 462 3533 ministerium
496 3472 583 3533 vocis
617 3471 782 3533 eorundem
824 3472 917 3532 etiam
955 3471 986 3531 in
1017 3470 1099 3531 alios

175 3554 305 3634 sparsit,
327 3556 379 3633 qui
402 3574 456 3616 eos
480 3555 663 3631 audieruut,
699 3561 731 3616 ut
752 3559 839 3634 paler
860 3554 1019 3634 Baptistae
1040 3552 1100 3615 Zu-

176 3637 295 3697 charias
319 3637 431 3717 inquit:
466 3638 551 3698 Sicut
572 3638 692 3700 locutus
715 3646 762 3698 est
784 3657 838 3718 per
862 3655 897 3697 os
919 3643 1100 3698 sanctorum

176 3720 409 3802 prophetarum,
433 3720 504 3782 inde
527 3740 622 3801 usque
644 3720 685 3780 ab
706 3720 810 3800 initio;
833 3720 1100 3801 quemadmodum
