2348 4162
121 237 186 305 484
395 236 498 309 capita
516 230 584 294 fidei
600 233 770 294 christianae

123 416 228 475 mento
250 409 290 472 de
307 410 414 492 spiritu
435 411 575 490 iactatur,
599 407 741 471 diabolus
752 413 810 470 cst
855 406 944 469 Deus
965 405 1040 468 enim

123 498 214 557 etiam
237 495 316 556 Masi
348 493 445 555 voluit
466 495 565 575 primo
587 511 642 574 per
663 493 786 573 igneum
807 492 919 553 rubum
942 496 973 552 et
991 507 1040 551 vo

122 578 190 639 cale
212 577 338 639 verbum
361 596 520 658 apparere.
562 575 670 656 Neque
692 577 854 657 quisquam
876 574 1041 656 propheta-

122 682 207 742 rum,
229 663 295 722 sive
318 660 417 740 Elias,
439 661 504 721 sive
528 658 665 741 Eliseus,
688 660 805 739 absque
827 659 938 720 decem
961 677 1043 739 prac-

124 746 222 826 ceptis
254 746 392 825 spiritum
431 743 560 823 accepit.
607 743 718 825 Neque
744 743 877 803 loannes
910 743 1043 823 Baptista

123 830 190 888 sine
211 827 411 908 praecedenti
430 827 525 887 verbo
548 825 699 887 Gabrielis
721 833 891 907 conceptus
913 833 977 902 est,
997 844 1043 885 ne·

124 930 183 990 que
221 912 287 972 sine
310 911 425 971 Mariae
460 928 539 969 voce
560 912 591 968 in
620 917 708 971 utero
740 915 881 971 materno
904 908 1042 970 saltabat

123 994 164 1054 Et
186 993 218 1055 S.
241 995 347 1054 Petrus
371 994 426 1053 ait:
462 992 633 1072 Prophetae
664 1011 725 1052 uon
749 1012 790 1053 ex
811 992 974 1053 voluntate
995 991 1043 1051 tm·

36 1120 43 1133 .
124 1097 231 1157 mana,
263 1076 317 1135 sed
340 1096 379 1136 ex
401 1075 514 1156 Spiritu
537 1084 644 1136 sancto
667 1075 948 1157 prophetaverunt,
980 1092 1041 1135 cum

123 1167 228 1221 essent
249 1160 347 1219 sancti
376 1159 526 1223 homines.
569 1158 630 1219 Sed
659 1159 776 1239 absque
797 1164 932 1221 externo
955 1157 1041 1218 verbo

125 1261 186 1303 non
210 1249 298 1303 erant
318 1243 432 1320 sancti,
455 1241 550 1303 multo
574 1243 672 1302 minus
700 1242 771 1303 illos
795 1240 881 1303 velut
901 1241 1041 1324 profanos

124 1325 225 1386 adhuc
253 1324 292 1385 ad
314 1325 560 1407 prophetandum
584 1325 713 1405 Spiritus
741 1330 866 1385 sanctus
889 1326 1040 1387 movisset.

124 1409 202 1469 Nam
224 1416 312 1469 erant
323 1409 431 1489 sancti,
454 1410 506 1488 ait,
529 1426 598 1469 cum
613 1407 741 1490 Spiritus
763 1420 890 1469 sanctus
911 1407 1040 1489 perillus

124 1491 312 1573 loqueretur.

383 1619 432 1680 De
454 1620 784 1682 excommunicatione.

207 1739 355 1799 Maiorem
379 1738 750 1817 excommunicationem,
778 1743 811 1797 ut
842 1743 937 1798 vocat
957 1755 1041 1820 papa,

125 1840 182 1883 nos
206 1827 322 1882 tentum
345 1838 400 1900 pro
425 1820 506 1880 civili
528 1838 630 1900 poena
651 1820 816 1898 habemus,
848 1839 887 1880 ac
916 1819 989 1881 ideo
1008 1818 1040 1882 ad

125 1923 183 1966 nos
212 1903 441 1965 ecclesiasticos
472 1903 625 1964 ministros
657 1904 731 1964 nihil
762 1904 906 1984 pertinet
951 1904 1042 1965 llinor

125 1997 243 2068 autem,
281 1988 342 2047 hoc
364 1992 427 2068 est,
460 2005 533 2047 vere
556 1985 729 2048 Christiana
754 1987 1041 2063 excommunicatio,

125 2089 205 2151 quae
235 2071 414 2131 manifestos
449 2078 479 2129 et
510 2071 681 2132 obstinatos
709 2076 893 2151 peccatores
925 2076 1043 2134 arcete

125 2155 325 2213 sacramentis
347 2159 400 2212 aut
422 2153 655 2214 aliaecclesiae
677 2154 916 2231 communione,
950 2153 1042 2215 donet

127 2245 221 2317 agant
248 2237 470 2318 poenitentiam
505 2245 536 2298 et
558 2238 653 2297 vitent
674 2244 812 2316 peccata,
835 2239 985 2317 pertinet,
1017 2241 1042 2296 ct

128 2323 363 2381 concionatores
385 2338 448 2381 non
471 2319 585 2381 debent
606 2319 677 2381 huic
690 2320 841 2401 spirituali
862 2339 987 2402 poenae
999 2318 1041 2381 ad-

127 2406 255 2464 miscere
278 2404 398 2464 civilem
421 2421 564 2483 poenam.

373 2531 420 2591 De
443 2531 550 2593 ordine
571 2538 600 2592 et
622 2531 794 2600 vocatione.

210 2647 242 2708 Si
264 2647 401 2728 episcopi
413 2649 528 2710 vellent
551 2669 619 2710 esse
641 2669 713 2711 vere
736 2650 876 2731 episcopi
900 2657 932 2712 et
954 2650 1042 2712 eccle

126 2731 191 2790 siae
223 2739 253 2790 et
275 2730 434 2811 Evangelii
469 2751 572 2793 curam
594 2752 718 2812 gerere,
752 2742 815 2793 tum
850 2735 986 2795 caritatis
1018 2738 1043 2793 et

127 2811 313 2873 concordiae
335 2816 447 2894 gratia,
487 2834 548 2875 non
576 2823 678 2877 tamen
700 2817 876 2877 necessario
899 2817 960 2877 illis
979 2836 1043 2878 con·

126 2896 314 2974 cederemus,
337 2905 370 2957 ut
390 2917 447 2958 nos
472 2906 502 2958 et
524 2906 646 2961 nostros
670 2901 907 2960 concionatores
930 2900 1042 2962 ordina·

126 2987 193 3039 rent
224 2986 255 3038 et
278 2979 511 3063 confirmarent,
544 2982 599 3042 sed
626 2983 752 3044 remotis
775 2982 918 3043 omnibus
941 2983 1044 3044 delira·

128 3062 246 3141 mentis,
275 3065 447 3144 praestigiis
475 3073 505 3124 et
526 3065 628 3145 impiis
652 3066 842 3126 ceremoniis.
886 3064 954 3128 Iam
976 3083 1043 3128 vero

127 3162 194 3203 cum
218 3162 280 3204 non
314 3147 374 3206 siut
395 3149 457 3206 veri
480 3148 633 3228 episcopi,
663 3149 826 3213 ueletiam
849 3167 921 3210 esse
943 3149 1044 3228 nolint,

126 3226 180 3287 sed
203 3226 309 3287 civiles
337 3232 531 3309 magistratus
564 3239 595 3291 et
616 3233 786 3311 principes,
820 3233 872 3312 qui
894 3251 959 3294 non
981 3252 1045 3294 con·

127 3311 297 3392 cionantur,
321 3331 382 3372 non
406 3312 528 3390 docent,
552 3333 613 3374 non
627 3313 793 3394 baptizant,
815 3319 1046 3397 nonporrigunl

126 3400 334 3473 sacramenta,
363 3415 419 3455 nec
441 3395 534 3456 ullum
558 3416 635 3478 opus
657 3405 709 3458 aut
732 3416 840 3458 munus
863 3399 1045 3461 ecclesiasti·

127 3495 194 3536 cum
230 3477 331 3537 facere
354 3479 475 3555 volunt,
510 3481 572 3540 imo
603 3487 829 3561 persequuntur
849 3488 883 3542 et
903 3481 1046 3545 damnant

127 3578 192 3637 ecs,
215 3563 266 3638 qui
288 3562 390 3621 vocati
412 3562 577 3642 funguntur
599 3583 724 3624 munere
741 3564 968 3648 ecclesiastico,
989 3583 1044 3628 non

125 3641 197 3702 ideo
226 3649 328 3705 tamen
352 3645 484 3706 ecclesia
516 3665 621 3707 carere
654 3646 746 3708 debet
768 3648 925 3712 ministris.
971 3649 1045 3725 Qua·

125 3732 261 3806 propter,
284 3735 315 3787 ut
337 3734 441 3790 vetera
463 3730 606 3810 exempla
624 3731 776 3792 ccclesiae
798 3737 830 3792 et
846 3731 972 3794 Petrum
994 3748 1045 3793 ncs
