2348 4162
199 248 263 316 368
371 248 414 304 Ds
429 262 511 304 servo
528 244 588 303 urb.
607 245 642 303 D.
660 246 695 303 lt.
713 246 744 302 L.
764 244 802 301 nd
828 246 864 301 D.
881 244 914 301 Ε.
932 245 967 301 R.

200 421 224 481 si
248 418 335 483 Deus
356 417 465 482 Mosen
487 439 543 500 per
570 418 673 480 Isthro
702 419 821 480 erudiet
865 425 896 479 et
918 417 1046 477 Paulum
1068 434 1120 497 per

201 506 351 565 Auuninm
375 503 494 567 docent.
548 502 628 566 Num
656 503 738 582 quod
761 510 793 563 tu
815 502 890 562 dicis
922 500 1033 582 procul
1056 518 1121 559 esse

200 587 372 647 oberratum
397 605 415 646 a
437 604 552 665 scopo,
580 587 660 646 situ
692 585 844 647 christum
866 586 1017 664 ignores,
1045 582 1120 643 urbi·

201 677 265 730 tror
287 671 437 748 teipsum
461 668 585 747 videre,
619 668 710 748 quale
731 671 793 747 sit,
822 668 1030 748 nequeenim
1054 665 1120 726 ideo

202 772 310 813 omnes
332 752 493 829 errabunt,
515 753 540 812 si
562 758 594 812 tu
616 758 670 812 sut
690 771 749 831 ego
772 771 917 813 erramus.
960 750 1047 810 Dens
1069 756 1121 821 est,

201 837 251 916 qui
275 835 418 896 mirabilis
441 836 470 895 in
495 837 608 895 sanctis
632 835 695 895 suis
717 836 920 914 praedicatur,
942 840 978 895 nt
999 839 1121 893 senetos

202 927 358 1000 putemus,
383 920 434 998 qui
457 918 638 998 longissime
664 918 724 977 sint
746 938 765 977 u
787 920 958 979 sanctitate.
1017 915 1122 995 Neque

203 1002 325 1063 difficile
347 1010 409 1080 est,
434 1007 476 1076 ut,
497 1000 591 1061 homo
615 1021 682 1060 curn
707 1002 764 1077 sis,
792 1001 964 1081 Scripturas
993 1006 1050 1059 unt
1069 999 1120 1058 Pe-

202 1095 278 1147 trum
302 1084 393 1160 diets,
418 1083 526 1163 quibus
540 1082 668 1146 ducibus
691 1090 721 1144 te
743 1085 841 1145 eredis
856 1103 986 1163 scopum
1009 1090 1121 1159 tenere,

202 1186 302 1247 neque
323 1174 406 1228 recte
428 1167 592 1248 intelligas,
617 1186 717 1247 neque
738 1166 901 1247 diligenter
922 1167 998 1226 sutis
1023 1164 1117 1227 obser·

202 1271 276 1330 ves,
311 1250 394 1330 quod
417 1251 491 1311 sutis
528 1251 752 1330 monetillud,
773 1249 856 1330 quod
878 1250 954 1311 nihil
976 1266 1120 1323 asserere,

203 1333 255 1396 sed
280 1333 447 1394 contulisse
470 1341 499 1394 ts
521 1335 651 1413 scribis3
682 1335 728 1395 sie
749 1354 811 1395 nou
833 1334 965 1413 scribit,
986 1333 1040 1413 qui
1062 1350 1119 1392 ren

203 1419 325 1498 penitus
346 1418 492 1498 perspicit
516 1427 547 1478 st
568 1425 651 1479 recte
672 1418 825 1500 iutelligit.
876 1417 945 1497 ligo
968 1435 1046 1477 vero
1068 1415 1121 1477 lroc

202 1501 280 1562 libro
304 1520 376 1561 nou
400 1501 569 1576 contuli,
608 1501 674 1561 sed
703 1504 860 1561 asserui
894 1510 931 1561 et
962 1516 1119 1573 assero,

180 1603 240 1645 .sc
261 1604 355 1665 penes
378 1584 492 1644 nullum
517 1585 588 1646 volo
609 1603 678 1644 esse
699 1584 870 1663 iudicium,
904 1584 959 1645 sed
984 1582 1119 1644 omuibus

201 1667 338 1744 suadeo,
372 1676 405 1726 ut
431 1675 588 1747 praestent
627 1667 816 1747 obsequium.
860 1669 1013 1729 Dominus
1044 1682 1117 1742 vero,

202 1752 287 1811 cuius
309 1758 356 1811 est
378 1751 455 1811 haec
477 1770 602 1828 eeussu,
630 1751 831 1811 illuminetis
853 1761 884 1811 et
904 1752 999 1812 luciut
1022 1768 1118 1811 vuscu-

202 1835 265 1895 lum
289 1833 490 1894 inhonorem
514 1844 544 1895 st
566 1835 706 1977 glorEipur.
750 1833 861 1897 Amen.

655 1937 712 1980 urs.
