2348 4162
359 308 373 315 ..
445 259 490 320 Α...
504 237 585 322 1542.
887 335 888 338 p
915 259 976 328 561

138 430 179 494 Ut
198 438 299 495 autem
323 437 388 493 erat
402 431 574 511 inUrbano
597 432 696 512 pietas
718 432 792 511 erga
814 431 977 512 coniugem

54 520 86 579 et
107 513 220 576 liberos
242 517 365 595 eximia,
387 522 419 578 et
436 513 979 594 coniunxomnibuspiacmatronae

56 598 385 677 virtutibus·excellit‚.
413 605 444 659 et
467 598 589 660 ,familia
610 598 740 659 honeste
760 597 899 658 instituta
921 603 978 677 cst,⁴
1078 633 1083 643 ·

54 684 98 742 ita
119 681 265 743 credibile
287 689 440 759 enipeum
464 702 525 742 non
549 683 614 741 sine
636 698 776 742 moerore
798 679 979 740 discessisse

56 765 242 844 asuis‚‚qui
264 765 359 845 ipsius
382 764 492 826 officiis
500 763 690 844 indigebant,
711 761 766 823 sed
789 762 977 824 tamenillud
1083 801 1088 806 -

55 853 169 923 norat,
189 852 302 909 ‚veum
326 866 395 908 esse
410 854 535 928 patrem
560 847 766 926 orphanorum
788 851 819 906 et
838 845 979 907 defensos

55 948 120 992 rem
139 928 323 991 viduarum.
380 930 446 991 Deo
479 948 561 991 nuno
595 929 738 989 familiam
772 928 978 1006 commendat·

56 1013 215 1092 quicerte
243 1013 362 1092 piorum
386 1014 582 1074 sacerdotum
603 1013 734 1083 familias
757 1013 887 1082 attexit
909 1012 979 1073 hac-

55 1102 146 1158 tenus
183 1102 214 1156 et
235 1103 321 1178 teget
351 1104 382 1156 et
395 1097 464 1157 *alet
485 1105 628 1176 posteap'
649 1095 708 1156 vel·
729 1096 838 1156 invito·
851 1093 980 1174 mundo,-

56 1179 148 1239 sicut.
166 1179 310 1259 scriptum
355 1188 428 1243 calz:
445 1179 526 1241 ¹lion
560 1179 624 1241 vidi
641 1180 766 1239 iustum
796 1178 979 1239 cesennam

56 1279 116 1325 nce
136 1270 253 1322 semem
271 1263 338 1322 eius
366 1280 516 1342 quaerens
537 1261 660 1343 panem.
703 1261 800 1342 Spero
823 1262 914 1322 etiam
936 1258 980 1322 flrss

57 1351 167 1424 turam,
190 1344 490 1426 utharumpiarum
504 1345 674 1423 mulierum,
697 1343 826 1404 filiarum
849 1343 982 1427 etflllof

56 1447 124 1488 rum
142 1425 281 1507 >militiap
305 1428 368 1488 hoc
387 1437 434 1489 est
468 1431 593 1509 pietate·
616 1436 647 1489 et
672 1427 980 1508 preciosa-‘nostras

57 1510 209 1573 acclesiae
241 1516 272 1572 el
297 1511 494 1592 respublicae
521 1519 663 1593 tegantur
692 1511 980 1577 sonuszsruroisam

57 1593 279 1658 crudelitatem.
349 1640 352 1649 .
484 1655 489 1668 ,
850 1616 852 1621 ·
953 1634 956 1639 -

79 1718 91 1731 -.
141 1676 188 1738 Ao
208 1676 248 1737 de
271 1676 394 1739 Urbano
417 1679 579 1760 hactenns,
604 1679 689 1739 cuius
712 1674 889 1745 memor-ism
911 1673 983 1749 rotie

58 1760 318 1840 neasletanus,
351 1769 384 1821 ut
410 1763 508 1842 ipsius
537 1764 651 1842 scripta
676 1759 795 1820 avidius
829 1760 984 1840 laganum·

59 1845 219 1906 confluent
240 1845 321 1904 enim
351 1846 433 1925 piam
462 1853 492 1907 et
524 1845 688 1905 salutarem
706 1843 891 1907 :doctrinam
936 1842 984 1904 lie

60 1933 161 1988 morte
193 1945 277 1988 vero¹
301 1929 365 1988 eius
391 1948 471 1990 voum
494 1930 681 2008 cogitamus,
713 1926 903 2006 'gratulemur
923 1927 983 2006 ipsi

59 2010 266 2073 dulcissimam
279 2011 615 2072 consuetudinemcum
631 2010 763 2088 Christo,
779 2010 981 2080 eeclesiarum

59 2113 133 2157 varo
148 2093 286 2155 .orbitate
307 2113 486 2154 moveamur
519 2101 550 2154 et
571 2095 833 2168 Deum-oremus·
848 2101 879 2151 ut
900 2093 983 2152 simi·

59 2177 283 2239 imvministros
320 2177 350 2236 in
373 2177 534 2258 Evangelii
558 2196 689 2238 messem
713 2176 864 2237 extrudat.
892 2175 983 2236 *ose-

61 2261 273 2342 mas-etiam„
291 2261 561 2340 ut'impendentes
586 2262 777 2320 calamitates
800 2257 866 2319 orbi
890 2264 982 2318 ternas

59 2362 125 2407 rum
148 2344 274 2422 mitiget,
298 2350 442 2420 etmores
465 2351 587 2403 nostros
609 2340 816 2403 emendemus.
875 2350 878 2357 '
914 2374 916 2379 ·

77 2440 92 2485 ·f
130 2425 345 2487 ,Peculiariter
379 2432 480 2486 autem
517 2425 602 2485 laune
639 2425 803 2503 Dialogum
836 2423 985 2483 studiosis

60 2507 329 2588 commendesqui
351 2508 596 2570 consolationem
618 2508 811 2567 utilissimam
833 2507 890 2586 piis
912 2524 984 2566 con·

61 2594 201 2655 linotet:
214 2590 308 2651 multa
330 2593 506 2652 testimonia
528 2592 681 2650 contraxit
700 2590 730 2649 in
753 2589 985 2649 annuamus

62 2674 300 2754 'eaque-erudite
320 2681 452 2738 enarrat.
495 2673 626 2734 Manuos
650 2673 740 2732 etiam
763 2672 876 2731 invitus
895 2672 984 2737 fateri

62 2760 198 2838 cogitur,
236 2758 316 2818 hano
348 2757 519 2819 doctrinam
552 2757 788 2838 promissionum
824 2754 985 2834 Evangelii

61 2842 204 2903 traditam
225 2841 256 2901 in
280 2839 367 2903 dictis
389 2847 507 2922 patrum
522 2839 820 2901 multisseoulisnon
842 2836 1011 2901 liabuiss'er‘

61 2931 179 2985 tantum
203 2923 293 3002 lucis,
329 2931 474 3002 quantam
500 2923 556 2983 Dei
588 2920 738 2983 beneflcio
767 2939 850 2980 nunc
881 2919 985 2982 habet.

62 3007 138 3067 ldco
168 3005 246 3067 baec
278 3010 392 3087 scripta
429 3005 643 3068 conservanda
678 3010 758 3065 sunt.
802 3001 862 3063 Sed
902 3010 987 3063 tanta

63 3096 112 3151 est
133 3091 280 3151 securitas
293 3088 450 3151 homiuum
473 3090 503 3149 in
520 3089 661 3148 maximis
685 3088 775 3162 vitiis,
798 3090 830 3145 ut
852 3095 985 3145 metuen-

63 3172 135 3234 dum
159 3172 207 3252 sit,
231 3180 388 3233 secuturas
411 3192 480 3233 esse
501 3191 604 3232 rursus
628 3170 825 3231 densissimas
843 3168 985 3229 tenebras

63 3265 96 3318 et
117 3256 223 3316 harum
247 3274 375 3336 poenas,
397 3255 588 3316 calamitates
610 3253 802 3333 multiplices,
823 3271 986 3331 regnorum

64 3339 251 3400 mutationes
287 3346 318 3399 ct
344 3339 513 3400 vastitates.
557 3337 613 3397 Est
640 3343 671 3396 st
693 3334 867 3414 exemplum
890 3333 986 3394 lone·

64 3430 145 3485 surm
169 3430 207 3485 et
221 3423 355 3502 dignum
370 3421 481 3500 laude,
511 3419 599 3501 quod:
628 3438 698 3479 oum
720 3419 772 3499 pia
793 3417 926 3499 coniuge
948 3416 988 3477 de

63 3513 184 3588 patrum
220 3508 252 3566 et
283 3504 501 3586 prophetarum
535 3504 636 3565 (lictis
658 3501 854 3580 colloquitur.
908 3499 986 3561 Nam

65 3591 143 3653 haec
162 3589 301 3651 societas:
327 3588 499 3669 coniugalis
519 3593 579 3648 ast
599 3586 717 3646 initium
739 3588 774 3646 st
791 3583 987 3645 seminarium

65 3671 233 3733 ecclesiae:
261 3690 355 3751 quare
384 3671 422 3733 de
444 3667 531 3731 nulla
552 3689 585 3730 re
608 3670 705 3750 magis
728 3666 820 3730 decet
840 3667 993 3744 coniuges

65 3755 218 3840 colloqui,
232 3804 236 3821 ,
245 3773 337 3836 quarn
361 3755 413 3829 da,
424 3755 496 3827 Deo
517 3760 553 3826 at
568 3753 645 3826 eius
660 3750 830 3819 aasentias
845 3754 888 3817 ,et
906 3745 1014 3807 aomx-

77 3865 171 3913 brasis
184 3877 236 3927 opp·
254 3869 279 3913 v.
289 3869 319 3913 A·
336 3871 366 3915 aa
379 3872 426 3918 ret.
437 3870 494 3917 nst.
508 3873 525 3918 t.
539 3883 566 3930 p.
580 3870 699 3917 vulin.
807 3828 856 3908 ll)
