<?xml version="1.0" encoding="UTF-8"?>
<!DOCTYPE html PUBLIC "-//W3C//DTD XHTML 1.0 Transitional//EN"
    "http://www.w3.org/TR/xhtml1/DTD/xhtml1-transitional.dtd">
<html xmlns="http://www.w3.org/1999/xhtml" xml:lang="en" lang="en">
 <head>
  <title>
</title>
<meta http-equiv="Content-Type" content="text/html;charset=utf-8" />
  <meta name='ocr-system' content='tesseract 3.04.00' />
  <meta name='ocr-capabilities' content='ocr_page ocr_carea ocr_par ocr_line ocrx_word'/>
</head>
<body>
  <div class='ocr_page' id='page_1' title='image "./dmartinilutheri02luthgoog_0023.png"; bbox 0 0 2348 4162; ppageno 0'>
   <div class='ocr_carea' id='block_1_1' title="bbox 124 240 707 311">
    <p class='ocr_par' dir='ltr' id='par_1_1' title="bbox 124 240 707 311">
     <span class='ocr_line' id='line_1_1' title="bbox 124 240 707 311; baseline 0.007 -11"><span class='ocrx_word' id='word_1_1' title='bbox 124 240 166 311; x_wconf 82' lang='lat' dir='ltr'>l2</span> <span class='ocrx_word' id='word_1_2' title='bbox 460 244 589 303; x_wconf 77' lang='lat' dir='ltr'>Formnla</span> <span class='ocrx_word' id='word_1_3' title='bbox 606 245 707 304; x_wconf 85' lang='lat' dir='ltr'>missas</span> 
     </span>
    </p>
   </div>
   <div class='ocr_carea' id='block_1_2' title="bbox 42 413 1042 834">
    <p class='ocr_par' dir='ltr' id='par_1_2' title="bbox 42 413 1042 744">
     <span class='ocr_line' id='line_1_2' title="bbox 126 413 1040 485; baseline 0.007 -10"><span class='ocrx_word' id='word_1_4' title='bbox 126 413 189 476; x_wconf 87' lang='lat' dir='ltr'>Deo</span> <span class='ocrx_word' id='word_1_5' title='bbox 219 413 446 480; x_wconf 85' lang='lat' dir='ltr'>commendant.</span> <span class='ocrx_word' id='word_1_6' title='bbox 489 417 549 480; x_wconf 81' lang='lat' dir='ltr'>Sed</span> <span class='ocrx_word' id='word_1_7' title='bbox 577 438 636 482; x_wconf 88' lang='lat' dir='ltr'>uec</span> <span class='ocrx_word' id='word_1_8' title='bbox 663 439 716 482; x_wconf 89' lang='lat' dir='ltr'>eas</span> <span class='ocrx_word' id='word_1_9' title='bbox 745 420 919 485; x_wconf 86' lang='lat' dir='ltr'>consecrari</span> <span class='ocrx_word' id='word_1_10' title='bbox 948 419 1040 482; x_wconf 86' lang='lat' dir='ltr'>velim</span> 
     </span>
     <span class='ocr_line' id='line_1_3' title="bbox 124 496 1042 586; baseline 0.005 -27"><span class='ocrx_word' id='word_1_11' title='bbox 124 503 177 559; x_wconf 87' lang='lat' dir='ltr'>aut</span> <span class='ocrx_word' id='word_1_12' title='bbox 197 496 346 578; x_wconf 77' lang='lat' dir='ltr'>benedici,</span> <span class='ocrx_word' id='word_1_13' title='bbox 370 500 454 562; x_wconf 89' lang='lat' dir='ltr'>velut</span> <span class='ocrx_word' id='word_1_14' title='bbox 474 521 594 563; x_wconf 88' lang='lat' dir='ltr'>socrum</span> <span class='ocrx_word' id='word_1_15' title='bbox 607 502 730 582; x_wconf 82' lang='lat' dir='ltr'>aliquod</span> <span class='ocrx_word' id='word_1_16' title='bbox 752 505 870 566; x_wconf 88' lang='lat' dir='ltr'>futurae</span> <span class='ocrx_word' id='word_1_17' title='bbox 886 505 946 565; x_wconf 88' lang='lat' dir='ltr'>sint</span> <span class='ocrx_word' id='word_1_18' title='bbox 967 523 1042 586; x_wconf 89' lang='lat' dir='ltr'>prae</span> 
     </span>
     <span class='ocr_line' id='line_1_4' title="bbox 125 580 1042 667; baseline 0.008 -26"><span class='ocrx_word' id='word_1_19' title='bbox 125 580 193 642; x_wconf 90' lang='lat' dir='ltr'>aliis</span> <span class='ocrx_word' id='word_1_20' title='bbox 217 583 374 658; x_wconf 87' lang='lat' dir='ltr'>vestibus,</span> <span class='ocrx_word' id='word_1_21' title='bbox 404 586 461 646; x_wconf 90' lang='lat' dir='ltr'>nisi</span> <span class='ocrx_word' id='word_1_22' title='bbox 482 587 617 667; x_wconf 85' lang='lat' dir='ltr'>generali</span> <span class='ocrx_word' id='word_1_23' title='bbox 641 587 694 648; x_wconf 88' lang='lat' dir='ltr'>illa</span> <span class='ocrx_word' id='word_1_24' title='bbox 715 587 958 664; x_wconf 86' lang='lat' dir='ltr'>benedictione,</span> <span class='ocrx_word' id='word_1_25' title='bbox 981 607 1042 664; x_wconf 87' lang='lat' dir='ltr'>qua</span> 
     </span>
     <span class='ocr_line' id='line_1_5' title="bbox 42 666 1042 744; baseline 0.006 -19"><span class='ocrx_word' id='word_1_26' title='bbox 42 690 54 713; x_wconf 66' lang='lat' dir='ltr'>s</span> <span class='ocrx_word' id='word_1_27' title='bbox 122 666 325 744; x_wconf 88' lang='lat' dir='ltr'>perverbum</span> <span class='ocrx_word' id='word_1_28' title='bbox 349 673 380 727; x_wconf 89' lang='lat' dir='ltr'>et</span> <span class='ocrx_word' id='word_1_29' title='bbox 401 670 571 730; x_wconf 90' lang='lat' dir='ltr'>orationem</span> <span class='ocrx_word' id='word_1_30' title='bbox 595 672 694 732; x_wconf 92' lang='lat' dir='ltr'>omnis</span> <span class='ocrx_word' id='word_1_31' title='bbox 716 671 799 733; x_wconf 88' lang='lat' dir='ltr'>bona</span> <span class='ocrx_word' id='word_1_32' title='bbox 820 678 960 733; x_wconf 88' lang='lat' dir='ltr'>creatura</span> <span class='ocrx_word' id='word_1_33' title='bbox 980 671 1042 732; x_wconf 90' lang='lat' dir='ltr'>Dei</span> 
     </span>
    </p>

    <p class='ocr_par' dir='ltr' id='par_1_3' title="bbox 96 747 1042 834">
     <span class='ocr_line' id='line_1_6' title="bbox 96 747 1042 834; baseline 0.007 -27"><span class='ocrx_word' id='word_1_34' title='bbox 96 779 100 784; x_wconf 89' lang='lat'><em>-</em></span> <span class='ocrx_word' id='word_1_35' title='bbox 124 747 308 810; x_wconf 84' lang='lat' dir='ltr'>sanctificari</span> <span class='ocrx_word' id='word_1_36' title='bbox 332 751 474 829; x_wconf 89' lang='lat' dir='ltr'>docetur,</span> <span class='ocrx_word' id='word_1_37' title='bbox 497 753 612 833; x_wconf 82' lang='lat' dir='ltr'>alioqui</span> <span class='ocrx_word' id='word_1_38' title='bbox 634 773 719 815; x_wconf 88' lang='lat' dir='ltr'>mera</span> <span class='ocrx_word' id='word_1_39' title='bbox 739 756 915 834; x_wconf 80' lang='lat' dir='ltr'>superstitio</span> <span class='ocrx_word' id='word_1_40' title='bbox 938 760 968 815; x_wconf 88' lang='lat' dir='ltr'>et</span> <span class='ocrx_word' id='word_1_41' title='bbox 989 754 1042 814; x_wconf 89' lang='lat' dir='ltr'>im-</span> 
     </span>
    </p>
   </div>
   <div class='ocr_carea' id='block_1_3' title="bbox 123 832 1042 990">
    <p class='ocr_par' dir='ltr' id='par_1_4' title="bbox 123 832 1042 990">
     <span class='ocr_line' id='line_1_7' title="bbox 123 832 1042 979; baseline 0.008 -88"><span class='ocrx_word' id='word_1_42' title='bbox 123 832 222 976; x_wconf 35' lang='lat' dir='ltr'>piet?</span> <span class='ocrx_word' id='word_1_43' title='bbox 243 842 380 979; x_wconf 40' lang='lat' dir='ltr'>:sstl&#39;per</span> <span class='ocrx_word' id='word_1_44' title='bbox 403 834 641 898; x_wconf 80' lang='lat' dir='ltr'>abominationis</span> <span class='ocrx_word' id='word_1_45' title='bbox 669 837 831 918; x_wconf 84' lang='lat' dir='ltr'>pontifices</span> <span class='ocrx_word' id='word_1_46' title='bbox 858 837 1042 914; x_wconf 89' lang='lat' dir='ltr'>introducta,</span> 
     </span>
     <span class='ocr_line' id='line_1_8' title="bbox 124 933 347 990; baseline 0.022 -17"><span class='ocrx_word' id='word_1_47' title='bbox 124 933 189 976; x_wconf 79' lang='lat' dir='ltr'>sicu</span> <span class='ocrx_word' id='word_1_48' title='bbox 224 935 241 977; x_wconf 92' lang='lat' dir='ltr'>e</span> <span class='ocrx_word' id='word_1_49' title='bbox 276 935 347 990; x_wconf 75' lang='lat' dir='ltr'>ara,</span> 
     </span>
    </p>
   </div>
   <div class='ocr_carea' id='block_1_4' title="bbox 203 1101 853 1185">
    <p class='ocr_par' dir='ltr' id='par_1_5' title="bbox 203 1101 853 1185">
     <span class='ocr_line' id='line_1_9' title="bbox 203 1101 853 1185; baseline 0.012 -24"><span class='ocrx_word' id='word_1_50' title='bbox 203 1120 206 1127; x_wconf 55' lang='lat'><strong>⁴</strong></span> <span class='ocrx_word' id='word_1_51' title='bbox 304 1101 355 1162; x_wconf 87' lang='lat' dir='ltr'>De</span> <span class='ocrx_word' id='word_1_52' title='bbox 377 1101 686 1183; x_wconf 71' lang='lat' dir='ltr'>commmunione</span> <span class='ocrx_word' id='word_1_53' title='bbox 707 1103 853 1185; x_wconf 85' lang='lat' dir='ltr'>populi.</span> 
     </span>
    </p>
   </div>
   <div class='ocr_carea' id='block_1_5' title="bbox 40 1255 1045 2170">
    <p class='ocr_par' dir='ltr' id='par_1_6' title="bbox 40 1255 1044 1756">
     <span class='ocr_line' id='line_1_10' title="bbox 207 1255 1043 1338; baseline 0.004 -22"><span class='ocrx_word' id='word_1_54' title='bbox 207 1255 293 1318; x_wconf 88' lang='lat' dir='ltr'>Haec</span> <span class='ocrx_word' id='word_1_55' title='bbox 314 1255 353 1318; x_wconf 89' lang='lat' dir='ltr'>de</span> <span class='ocrx_word' id='word_1_56' title='bbox 374 1257 468 1319; x_wconf 86' lang='lat' dir='ltr'>ldissa</span> <span class='ocrx_word' id='word_1_57' title='bbox 489 1268 520 1319; x_wconf 92' lang='lat' dir='ltr'>et</span> <span class='ocrx_word' id='word_1_58' title='bbox 542 1258 644 1320; x_wconf 84' lang='lat' dir='ltr'>officio</span> <span class='ocrx_word' id='word_1_59' title='bbox 679 1259 807 1320; x_wconf 89' lang='lat' dir='ltr'>ministri</span> <span class='ocrx_word' id='word_1_60' title='bbox 839 1277 893 1319; x_wconf 89' lang='lat' dir='ltr'>seu</span> <span class='ocrx_word' id='word_1_61' title='bbox 916 1257 1043 1338; x_wconf 81' lang='lat' dir='ltr'>Episco-</span> 
     </span>
     <span class='ocr_line' id='line_1_11' title="bbox 123 1338 1042 1422; baseline 0 -23"><span class='ocrx_word' id='word_1_62' title='bbox 123 1340 154 1422; x_wconf 90' lang='lat' dir='ltr'>pi</span> <span class='ocrx_word' id='word_1_63' title='bbox 177 1338 364 1416; x_wconf 72' lang='lat' dir='ltr'>dixerimus,</span> <span class='ocrx_word' id='word_1_64' title='bbox 392 1360 473 1403; x_wconf 91' lang='lat' dir='ltr'>nunc</span> <span class='ocrx_word' id='word_1_65' title='bbox 502 1340 541 1403; x_wconf 90' lang='lat' dir='ltr'>de</span> <span class='ocrx_word' id='word_1_66' title='bbox 567 1343 625 1403; x_wconf 89' lang='lat' dir='ltr'>ritu</span> <span class='ocrx_word' id='word_1_67' title='bbox 659 1340 905 1403; x_wconf 89' lang='lat' dir='ltr'>communicandi</span> <span class='ocrx_word' id='word_1_68' title='bbox 936 1341 1042 1421; x_wconf 91' lang='lat' dir='ltr'>populi</span> 
     </span>
     <span class='ocr_line' id='line_1_12' title="bbox 124 1423 1042 1505; baseline 0 -22"><span class='ocrx_word' id='word_1_69' title='bbox 124 1423 270 1499; x_wconf 88' lang='lat' dir='ltr'>dicemus,</span> <span class='ocrx_word' id='word_1_70' title='bbox 295 1426 380 1485; x_wconf 91' lang='lat' dir='ltr'>cuius</span> <span class='ocrx_word' id='word_1_71' title='bbox 403 1426 500 1505; x_wconf 84' lang='lat' dir='ltr'>gratia</span> <span class='ocrx_word' id='word_1_72' title='bbox 522 1425 714 1505; x_wconf 90' lang='lat' dir='ltr'>potissimum</span> <span class='ocrx_word' id='word_1_73' title='bbox 738 1444 836 1486; x_wconf 88' lang='lat' dir='ltr'>coena</span> <span class='ocrx_word' id='word_1_74' title='bbox 856 1425 916 1486; x_wconf 88' lang='lat' dir='ltr'>ista</span> <span class='ocrx_word' id='word_1_75' title='bbox 935 1425 1042 1485; x_wconf 91' lang='lat' dir='ltr'>Domi-</span> 
     </span>
     <span class='ocr_line' id='line_1_13' title="bbox 123 1507 1042 1569; baseline 0 -2"><span class='ocrx_word' id='word_1_76' title='bbox 123 1508 154 1567; x_wconf 89' lang='lat' dir='ltr'>ni</span> <span class='ocrx_word' id='word_1_77' title='bbox 177 1507 326 1568; x_wconf 88' lang='lat' dir='ltr'>.instituta</span> <span class='ocrx_word' id='word_1_78' title='bbox 348 1514 395 1569; x_wconf 90' lang='lat' dir='ltr'>est</span> <span class='ocrx_word' id='word_1_79' title='bbox 425 1511 457 1569; x_wconf 88' lang='lat' dir='ltr'>et</span> <span class='ocrx_word' id='word_1_80' title='bbox 490 1509 676 1569; x_wconf 89' lang='lat' dir='ltr'>eonomine</span> <span class='ocrx_word' id='word_1_81' title='bbox 703 1514 840 1569; x_wconf 85' lang='lat' dir='ltr'>vocatur.</span> <span class='ocrx_word' id='word_1_82' title='bbox 884 1508 925 1569; x_wconf 89' lang='lat' dir='ltr'>Ut</span> <span class='ocrx_word' id='word_1_83' title='bbox 961 1509 1042 1568; x_wconf 89' lang='lat' dir='ltr'>enim</span> 
     </span>
     <span class='ocr_line' id='line_1_14' title="bbox 122 1589 1044 1672; baseline -0.001 -21"><span class='ocrx_word' id='word_1_84' title='bbox 122 1590 217 1672; x_wconf 84' lang='lat' dir='ltr'>longe</span> <span class='ocrx_word' id='word_1_85' title='bbox 240 1590 490 1653; x_wconf 84' lang='lat' dir='ltr'>absurdissimum</span> <span class='ocrx_word' id='word_1_86' title='bbox 513 1598 573 1671; x_wconf 88' lang='lat' dir='ltr'>est,</span> <span class='ocrx_word' id='word_1_87' title='bbox 598 1592 768 1652; x_wconf 74' lang='lat' dir='ltr'>ministrum</span> <span class='ocrx_word' id='word_1_88' title='bbox 791 1589 877 1653; x_wconf 90' lang='lat' dir='ltr'>verbi</span> <span class='ocrx_word' id='word_1_89' title='bbox 899 1591 945 1652; x_wconf 93' lang='lat' dir='ltr'>sic</span> <span class='ocrx_word' id='word_1_90' title='bbox 966 1590 1044 1651; x_wconf 88' lang='lat' dir='ltr'>desi·</span> 
     </span>
     <span class='ocr_line' id='line_1_15' title="bbox 40 1673 1043 1756; baseline -0.001 -21"><span class='ocrx_word' id='word_1_91' title='bbox 40 1706 43 1713; x_wconf 50' lang='grc'><strong>’</strong></span> <span class='ocrx_word' id='word_1_92' title='bbox 71 1700 75 1707; x_wconf 91' lang='grc'><em>·</em></span> <span class='ocrx_word' id='word_1_93' title='bbox 123 1693 206 1755; x_wconf 83' lang='lat' dir='ltr'>pere,</span> <span class='ocrx_word' id='word_1_94' title='bbox 230 1680 263 1734; x_wconf 91' lang='lat' dir='ltr'>ut</span> <span class='ocrx_word' id='word_1_95' title='bbox 284 1674 410 1736; x_wconf 82' lang='lat' dir='ltr'>verbum</span> <span class='ocrx_word' id='word_1_96' title='bbox 432 1675 556 1756; x_wconf 87' lang='lat' dir='ltr'>publico</span> <span class='ocrx_word' id='word_1_97' title='bbox 579 1676 747 1737; x_wconf 88' lang='lat' dir='ltr'>ministerio</span> <span class='ocrx_word' id='word_1_98' title='bbox 769 1675 969 1756; x_wconf 70' lang='lat' dir='ltr'>pronunciet,</span> <span class='ocrx_word' id='word_1_99' title='bbox 992 1673 1043 1734; x_wconf 91' lang='lat' dir='ltr'>ubi</span> 
     </span>
    </p>

    <p class='ocr_par' dir='ltr' id='par_1_7' title="bbox 90 1757 1045 2170">
     <span class='ocr_line' id='line_1_16' title="bbox 90 1757 1043 1838; baseline 0.001 -21"><span class='ocrx_word' id='word_1_100' title='bbox 90 1824 93 1829; x_wconf 10' lang='grc' dir='ltr'><em>Α</em></span> <span class='ocrx_word' id='word_1_101' title='bbox 123 1757 226 1817; x_wconf 92' lang='lat' dir='ltr'>nullus</span> <span class='ocrx_word' id='word_1_102' title='bbox 249 1763 296 1818; x_wconf 90' lang='lat' dir='ltr'>est</span> <span class='ocrx_word' id='word_1_103' title='bbox 317 1759 456 1838; x_wconf 83' lang='lat' dir='ltr'>auditor,</span> <span class='ocrx_word' id='word_1_104' title='bbox 489 1767 520 1819; x_wconf 89' lang='lat' dir='ltr'>ot</span> <span class='ocrx_word' id='word_1_105' title='bbox 543 1758 600 1819; x_wconf 90' lang='lat' dir='ltr'>sibi</span> <span class='ocrx_word' id='word_1_106' title='bbox 623 1758 680 1819; x_wconf 88' lang='lat' dir='ltr'>soli</span> <span class='ocrx_word' id='word_1_107' title='bbox 702 1759 783 1819; x_wconf 87' lang='lat' dir='ltr'>inter</span> <span class='ocrx_word' id='word_1_108' title='bbox 809 1778 886 1820; x_wconf 85' lang='lat' dir='ltr'>saxa</span> <span class='ocrx_word' id='word_1_109' title='bbox 907 1763 939 1818; x_wconf 93' lang='lat' dir='ltr'>et</span> <span class='ocrx_word' id='word_1_110' title='bbox 960 1757 1043 1836; x_wconf 85' lang='lat' dir='ltr'>ligna</span> 
     </span>
     <span class='ocr_line' id='line_1_17' title="bbox 123 1839 1045 1921; baseline -0.002 -19"><span class='ocrx_word' id='word_1_111' title='bbox 123 1846 176 1902; x_wconf 86' lang='lat' dir='ltr'>out</span> <span class='ocrx_word' id='word_1_112' title='bbox 196 1841 252 1901; x_wconf 95' lang='lat' dir='ltr'>sub</span> <span class='ocrx_word' id='word_1_113' title='bbox 274 1839 345 1901; x_wconf 92' lang='lat' dir='ltr'>divo</span> <span class='ocrx_word' id='word_1_114' title='bbox 369 1841 495 1921; x_wconf 91' lang='lat' dir='ltr'>clamet,</span> <span class='ocrx_word' id='word_1_115' title='bbox 516 1843 560 1903; x_wconf 88' lang='lat' dir='ltr'>ita</span> <span class='ocrx_word' id='word_1_116' title='bbox 581 1843 844 1919; x_wconf 87' lang='lat' dir='ltr'>perversissimum</span> <span class='ocrx_word' id='word_1_117' title='bbox 866 1847 922 1917; x_wconf 88' lang='lat' dir='ltr'>est,</span> <span class='ocrx_word' id='word_1_118' title='bbox 944 1842 969 1902; x_wconf 92' lang='lat' dir='ltr'>si</span> <span class='ocrx_word' id='word_1_119' title='bbox 991 1842 1045 1900; x_wconf 84' lang='lat' dir='ltr'>mi-</span> 
     </span>
     <span class='ocr_line' id='line_1_18' title="bbox 123 1923 1043 2004; baseline -0.001 -20"><span class='ocrx_word' id='word_1_120' title='bbox 123 1925 209 1984; x_wconf 81' lang='lat' dir='ltr'>nistri</span> <span class='ocrx_word' id='word_1_121' title='bbox 232 1923 386 2003; x_wconf 88' lang='lat' dir='ltr'>publicam</span> <span class='ocrx_word' id='word_1_122' title='bbox 411 1945 542 1986; x_wconf 90' lang='lat' dir='ltr'>coenam</span> <span class='ocrx_word' id='word_1_123' title='bbox 569 1924 693 1986; x_wconf 91' lang='lat' dir='ltr'>Domini</span> <span class='ocrx_word' id='word_1_124' title='bbox 720 1932 834 2004; x_wconf 88' lang='lat' dir='ltr'>parent</span> <span class='ocrx_word' id='word_1_125' title='bbox 871 1930 901 1985; x_wconf 88' lang='lat' dir='ltr'>et</span> <span class='ocrx_word' id='word_1_126' title='bbox 924 1930 1043 1997; x_wconf 84' lang='lat' dir='ltr'>ornent,</span> 
     </span>
     <span class='ocr_line' id='line_1_19' title="bbox 123 2006 1042 2088; baseline -0.001 -20"><span class='ocrx_word' id='word_1_127' title='bbox 123 2006 174 2068; x_wconf 92' lang='lat' dir='ltr'>ubi</span> <span class='ocrx_word' id='word_1_128' title='bbox 196 2007 270 2067; x_wconf 92' lang='lat' dir='ltr'>nulli</span> <span class='ocrx_word' id='word_1_129' title='bbox 291 2009 352 2068; x_wconf 87' lang='lat' dir='ltr'>sint</span> <span class='ocrx_word' id='word_1_130' title='bbox 374 2008 522 2088; x_wconf 85' lang='lat' dir='ltr'>hospites,</span> <span class='ocrx_word' id='word_1_131' title='bbox 546 2009 597 2087; x_wconf 91' lang='lat' dir='ltr'>qui</span> <span class='ocrx_word' id='word_1_132' title='bbox 620 2006 713 2068; x_wconf 88' lang='lat' dir='ltr'>edant</span> <span class='ocrx_word' id='word_1_133' title='bbox 735 2014 766 2067; x_wconf 92' lang='lat' dir='ltr'>et</span> <span class='ocrx_word' id='word_1_134' title='bbox 787 2006 912 2086; x_wconf 86' lang='lat' dir='ltr'>bibant,</span> <span class='ocrx_word' id='word_1_135' title='bbox 934 2015 964 2067; x_wconf 92' lang='lat' dir='ltr'>et</span> <span class='ocrx_word' id='word_1_136' title='bbox 984 2008 1042 2087; x_wconf 90' lang='lat' dir='ltr'>ipsi</span> 
     </span>
     <span class='ocr_line' id='line_1_20' title="bbox 124 2091 1045 2170; baseline -0.002 -18"><span class='ocrx_word' id='word_1_137' title='bbox 124 2091 192 2169; x_wconf 89' lang='lat' dir='ltr'>soli,</span> <span class='ocrx_word' id='word_1_138' title='bbox 215 2092 265 2170; x_wconf 91' lang='lat' dir='ltr'>qui</span> <span class='ocrx_word' id='word_1_139' title='bbox 289 2091 357 2151; x_wconf 90' lang='lat' dir='ltr'>aliis</span> <span class='ocrx_word' id='word_1_140' title='bbox 370 2093 541 2153; x_wconf 87' lang='lat' dir='ltr'>ministrare</span> <span class='ocrx_word' id='word_1_141' title='bbox 564 2091 686 2170; x_wconf 91' lang='lat' dir='ltr'>debent,</span> <span class='ocrx_word' id='word_1_142' title='bbox 709 2091 740 2151; x_wconf 92' lang='lat' dir='ltr'>in</span> <span class='ocrx_word' id='word_1_143' title='bbox 763 2110 862 2152; x_wconf 87' lang='lat' dir='ltr'>vacua</span> <span class='ocrx_word' id='word_1_144' title='bbox 885 2109 992 2151; x_wconf 86' lang='lat' dir='ltr'>mensa</span> <span class='ocrx_word' id='word_1_145' title='bbox 1014 2095 1045 2151; x_wconf 92' lang='lat' dir='ltr'>et</span> 
     </span>
    </p>
   </div>
   <div class='ocr_carea' id='block_1_6' title="bbox 23 2172 1043 2250">
    <p class='ocr_par' dir='ltr' id='par_1_8' title="bbox 23 2172 1043 2250">
     <span class='ocr_line' id='line_1_21' title="bbox 23 2172 1043 2250; baseline -0.003 -14"><span class='ocrx_word' id='word_1_146' title='bbox 23 2246 26 2250; x_wconf 11' lang='grc' dir='ltr'><strong>Α</strong></span> <span class='ocrx_word' id='word_1_147' title='bbox 105 2174 194 2236; x_wconf 79' lang='lat' dir='ltr'>,aula</span> <span class='ocrx_word' id='word_1_148' title='bbox 217 2172 381 2235; x_wconf 88' lang='lat' dir='ltr'>comedant</span> <span class='ocrx_word' id='word_1_149' title='bbox 405 2182 436 2236; x_wconf 91' lang='lat' dir='ltr'>et</span> <span class='ocrx_word' id='word_1_150' title='bbox 456 2175 571 2238; x_wconf 89' lang='lat' dir='ltr'>bibant.</span> <span class='ocrx_word' id='word_1_151' title='bbox 605 2173 709 2250; x_wconf 80' lang='lat' dir='ltr'>Quare</span> <span class='ocrx_word' id='word_1_152' title='bbox 732 2175 757 2234; x_wconf 89' lang='lat' dir='ltr'>si</span> <span class='ocrx_word' id='word_1_153' title='bbox 780 2193 852 2235; x_wconf 85' lang='lat' dir='ltr'>vere</span> <span class='ocrx_word' id='word_1_154' title='bbox 868 2173 979 2235; x_wconf 80' lang='lat' dir='ltr'>Christi</span> <span class='ocrx_word' id='word_1_155' title='bbox 1000 2173 1043 2233; x_wconf 93' lang='lat' dir='ltr'>in-</span> 
     </span>
    </p>
   </div>
   <div class='ocr_carea' id='block_1_7' title="bbox 122 2254 1090 3669">
    <p class='ocr_par' dir='ltr' id='par_1_9' title="bbox 122 2254 1044 2504">
     <span class='ocr_line' id='line_1_22' title="bbox 124 2254 1044 2337; baseline -0.001 -20"><span class='ocrx_word' id='word_1_156' title='bbox 124 2259 260 2318; x_wconf 89' lang='lat' dir='ltr'>stitutum</span> <span class='ocrx_word' id='word_1_157' title='bbox 283 2258 427 2337; x_wconf 87' lang='lat' dir='ltr'>amplecti</span> <span class='ocrx_word' id='word_1_158' title='bbox 449 2258 615 2335; x_wconf 87' lang='lat' dir='ltr'>volumus,</span> <span class='ocrx_word' id='word_1_159' title='bbox 644 2254 729 2318; x_wconf 84' lang='lat' dir='ltr'>nulle</span> <span class='ocrx_word' id='word_1_160' title='bbox 759 2255 851 2318; x_wconf 93' lang='lat' dir='ltr'>debet</span> <span class='ocrx_word' id='word_1_161' title='bbox 872 2256 965 2317; x_wconf 79' lang='lat' dir='ltr'>Missa</span> <span class='ocrx_word' id='word_1_162' title='bbox 985 2257 1044 2336; x_wconf 93' lang='lat' dir='ltr'>pri·</span> 
     </span>
     <span class='ocr_line' id='line_1_23' title="bbox 122 2337 1043 2420; baseline -0.002 -19"><span class='ocrx_word' id='word_1_163' title='bbox 122 2347 195 2401; x_wconf 87' lang='lat' dir='ltr'>vata</span> <span class='ocrx_word' id='word_1_164' title='bbox 215 2340 342 2418; x_wconf 84' lang='lat' dir='ltr'>relinqui</span> <span class='ocrx_word' id='word_1_165' title='bbox 364 2341 396 2400; x_wconf 91' lang='lat' dir='ltr'>in</span> <span class='ocrx_word' id='word_1_166' title='bbox 418 2341 559 2413; x_wconf 84' lang='lat' dir='ltr'>eeclesia,</span> <span class='ocrx_word' id='word_1_167' title='bbox 581 2341 639 2402; x_wconf 90' lang='lat' dir='ltr'>nisi</span> <span class='ocrx_word' id='word_1_168' title='bbox 662 2340 807 2401; x_wconf 86' lang='lat' dir='ltr'>toleretur</span> <span class='ocrx_word' id='word_1_169' title='bbox 835 2345 865 2401; x_wconf 92' lang='lat' dir='ltr'>et</span> <span class='ocrx_word' id='word_1_170' title='bbox 887 2340 939 2400; x_wconf 91' lang='lat' dir='ltr'>bic</span> <span class='ocrx_word' id='word_1_171' title='bbox 958 2340 1008 2400; x_wconf 90' lang='lat' dir='ltr'>vel</span> <span class='ocrx_word' id='word_1_172' title='bbox 1016 2337 1043 2420; x_wconf 85' lang='lat'>1)</span> 
     </span>
     <span class='ocr_line' id='line_1_24' title="bbox 123 2422 498 2504; baseline 0.005 -20"><span class='ocrx_word' id='word_1_173' title='bbox 123 2422 284 2484; x_wconf 86' lang='lat' dir='ltr'>infirmitas</span> <span class='ocrx_word' id='word_1_174' title='bbox 306 2422 344 2483; x_wconf 90' lang='lat' dir='ltr'>ad</span> <span class='ocrx_word' id='word_1_175' title='bbox 367 2429 498 2504; x_wconf 90' lang='lat' dir='ltr'>tempus.</span> 
     </span>
    </p>

    <p class='ocr_par' dir='ltr' id='par_1_10' title="bbox 123 2503 1045 3168">
     <span class='ocr_line' id='line_1_25' title="bbox 205 2503 1044 2586; baseline -0.001 -20"><span class='ocrx_word' id='word_1_176' title='bbox 205 2506 263 2566; x_wconf 87' lang='lat' dir='ltr'>Hic</span> <span class='ocrx_word' id='word_1_177' title='bbox 284 2513 385 2566; x_wconf 90' lang='lat' dir='ltr'>autem</span> <span class='ocrx_word' id='word_1_178' title='bbox 409 2507 577 2569; x_wconf 89' lang='lat' dir='ltr'>servandus</span> <span class='ocrx_word' id='word_1_179' title='bbox 600 2513 646 2568; x_wconf 92' lang='lat' dir='ltr'>est</span> <span class='ocrx_word' id='word_1_180' title='bbox 657 2507 743 2582; x_wconf 89' lang='lat' dir='ltr'>ritus,</span> <span class='ocrx_word' id='word_1_181' title='bbox 766 2506 868 2586; x_wconf 90' lang='lat' dir='ltr'>quiin</span> <span class='ocrx_word' id='word_1_182' title='bbox 889 2503 1044 2582; x_wconf 87' lang='lat' dir='ltr'>baptismo</span> 
     </span>
     <span class='ocr_line' id='line_1_26' title="bbox 124 2586 1044 2672; baseline -0.002 -23"><span class='ocrx_word' id='word_1_183' title='bbox 124 2595 271 2665; x_wconf 89' lang='lat' dir='ltr'>servatur,</span> <span class='ocrx_word' id='word_1_184' title='bbox 294 2610 422 2670; x_wconf 88' lang='lat' dir='ltr'>nempe,</span> <span class='ocrx_word' id='word_1_185' title='bbox 456 2597 489 2651; x_wconf 91' lang='lat' dir='ltr'>ut</span> <span class='ocrx_word' id='word_1_186' title='bbox 509 2591 666 2672; x_wconf 79' lang='lat' dir='ltr'>Episcopo</span> <span class='ocrx_word' id='word_1_187' title='bbox 693 2591 823 2671; x_wconf 88' lang='lat' dir='ltr'>primum</span> <span class='ocrx_word' id='word_1_188' title='bbox 846 2586 1044 2668; x_wconf 82' lang='lat' dir='ltr'>significetur,</span> 
     </span>
     <span class='ocr_line' id='line_1_27' title="bbox 123 2672 1044 2753; baseline -0.002 -20"><span class='ocrx_word' id='word_1_189' title='bbox 123 2675 174 2753; x_wconf 92' lang='lat' dir='ltr'>qui</span> <span class='ocrx_word' id='word_1_190' title='bbox 196 2674 371 2747; x_wconf 74' lang='lat' dir='ltr'>futurisint</span> <span class='ocrx_word' id='word_1_191' title='bbox 393 2676 677 2751; x_wconf 89' lang='lat' dir='ltr'>communicantes,</span> <span class='ocrx_word' id='word_1_192' title='bbox 700 2678 870 2752; x_wconf 86' lang='lat' dir='ltr'>petantque</span> <span class='ocrx_word' id='word_1_193' title='bbox 891 2672 950 2752; x_wconf 89' lang='lat' dir='ltr'>ipsi</span> <span class='ocrx_word' id='word_1_194' title='bbox 974 2690 1044 2732; x_wconf 91' lang='lat' dir='ltr'>coe·</span> 
     </span>
     <span class='ocr_line' id='line_1_28' title="bbox 123 2754 1045 2835; baseline -0.003 -18"><span class='ocrx_word' id='word_1_195' title='bbox 123 2777 164 2817; x_wconf 90' lang='lat' dir='ltr'>na</span> <span class='ocrx_word' id='word_1_196' title='bbox 187 2756 310 2816; x_wconf 86' lang='lat' dir='ltr'>Domini</span> <span class='ocrx_word' id='word_1_197' title='bbox 343 2758 585 2835; x_wconf 88' lang='lat' dir='ltr'>communicari,</span> <span class='ocrx_word' id='word_1_198' title='bbox 619 2761 780 2816; x_wconf 88' lang='lat' dir='ltr'>uteorum</span> <span class='ocrx_word' id='word_1_199' title='bbox 806 2759 839 2814; x_wconf 90' lang='lat' dir='ltr'>et</span> <span class='ocrx_word' id='word_1_200' title='bbox 867 2754 993 2814; x_wconf 90' lang='lat' dir='ltr'>nomina</span> <span class='ocrx_word' id='word_1_201' title='bbox 1014 2760 1045 2814; x_wconf 90' lang='lat' dir='ltr'>et</span> 
     </span>
     <span class='ocr_line' id='line_1_29' title="bbox 123 2835 1044 2921; baseline -0.005 -21"><span class='ocrx_word' id='word_1_202' title='bbox 123 2841 216 2900; x_wconf 87' lang='lat' dir='ltr'>vitam</span> <span class='ocrx_word' id='word_1_203' title='bbox 241 2858 431 2920; x_wconf 84' lang='lat' dir='ltr'>cognoscere</span> <span class='ocrx_word' id='word_1_204' title='bbox 459 2846 565 2921; x_wconf 85' lang='lat' dir='ltr'>queat,</span> <span class='ocrx_word' id='word_1_205' title='bbox 593 2836 704 2899; x_wconf 90' lang='lat' dir='ltr'>deinde</span> <span class='ocrx_word' id='word_1_206' title='bbox 726 2841 866 2915; x_wconf 85' lang='lat' dir='ltr'>petentes</span> <span class='ocrx_word' id='word_1_207' title='bbox 899 2854 960 2896; x_wconf 93' lang='lat' dir='ltr'>non</span> <span class='ocrx_word' id='word_1_208' title='bbox 991 2835 1044 2896; x_wconf 91' lang='lat' dir='ltr'>ad-</span> 
     </span>
     <span class='ocr_line' id='line_1_30' title="bbox 123 2916 1043 3001; baseline -0.004 -18"><span class='ocrx_word' id='word_1_209' title='bbox 123 2923 233 3001; x_wconf 89' lang='lat' dir='ltr'>mittat,</span> <span class='ocrx_word' id='word_1_210' title='bbox 256 2923 314 2982; x_wconf 92' lang='lat' dir='ltr'>nisi</span> <span class='ocrx_word' id='word_1_211' title='bbox 337 2924 487 2985; x_wconf 87' lang='lat' dir='ltr'>rationem</span> <span class='ocrx_word' id='word_1_212' title='bbox 501 2921 572 2983; x_wconf 84' lang='lat' dir='ltr'>fidei</span> <span class='ocrx_word' id='word_1_213' title='bbox 594 2939 669 2981; x_wconf 86' lang='lat' dir='ltr'>suae</span> <span class='ocrx_word' id='word_1_214' title='bbox 690 2916 889 2995; x_wconf 88' lang='lat' dir='ltr'>reddiderint,</span> <span class='ocrx_word' id='word_1_215' title='bbox 910 2925 941 2979; x_wconf 91' lang='lat' dir='ltr'>et</span> <span class='ocrx_word' id='word_1_216' title='bbox 951 2919 1043 2979; x_wconf 85' lang='lat' dir='ltr'>inter-</span> 
     </span>
     <span class='ocr_line' id='line_1_31' title="bbox 123 3000 1045 3086; baseline -0.003 -21"><span class='ocrx_word' id='word_1_217' title='bbox 123 3006 224 3084; x_wconf 85' lang='lat' dir='ltr'>rogati</span> <span class='ocrx_word' id='word_1_218' title='bbox 245 3004 471 3086; x_wconf 88' lang='lat' dir='ltr'>responderint,</span> <span class='ocrx_word' id='word_1_219' title='bbox 494 3024 532 3065; x_wconf 85' lang='lat' dir='ltr'>on</span> <span class='ocrx_word' id='word_1_220' title='bbox 554 3003 746 3081; x_wconf 86' lang='lat' dir='ltr'>intelligant,</span> <span class='ocrx_word' id='word_1_221' title='bbox 780 3000 852 3081; x_wconf 88' lang='lat' dir='ltr'>quid</span> <span class='ocrx_word' id='word_1_222' title='bbox 885 3003 924 3062; x_wconf 90' lang='lat' dir='ltr'>sit</span> <span class='ocrx_word' id='word_1_223' title='bbox 946 3019 1045 3062; x_wconf 88' lang='lat' dir='ltr'>coena</span> 
     </span>
     <span class='ocr_line' id='line_1_32' title="bbox 124 3084 1001 3168; baseline -0.002 -19"><span class='ocrx_word' id='word_1_224' title='bbox 124 3088 258 3162; x_wconf 88' lang='lat' dir='ltr'>Domini,</span> <span class='ocrx_word' id='word_1_225' title='bbox 283 3087 355 3168; x_wconf 91' lang='lat' dir='ltr'>quid</span> <span class='ocrx_word' id='word_1_226' title='bbox 379 3093 524 3167; x_wconf 87' lang='lat' dir='ltr'>praestet,</span> <span class='ocrx_word' id='word_1_227' title='bbox 547 3104 607 3167; x_wconf 92' lang='lat' dir='ltr'>quo</span> <span class='ocrx_word' id='word_1_228' title='bbox 630 3105 687 3146; x_wconf 90' lang='lat' dir='ltr'>usu</span> <span class='ocrx_word' id='word_1_229' title='bbox 708 3084 762 3146; x_wconf 88' lang='lat' dir='ltr'>illa</span> <span class='ocrx_word' id='word_1_230' title='bbox 784 3084 878 3145; x_wconf 87' lang='lat' dir='ltr'>velint</span> <span class='ocrx_word' id='word_1_231' title='bbox 898 3085 1001 3165; x_wconf 87' lang='lat' dir='ltr'>potiri.</span> 
     </span>
    </p>

    <p class='ocr_par' dir='ltr' id='par_1_11' title="bbox 122 3167 1090 3669">
     <span class='ocr_line' id='line_1_33' title="bbox 207 3167 1045 3250; baseline -0.006 -18"><span class='ocrx_word' id='word_1_232' title='bbox 207 3170 340 3250; x_wconf 81' lang='lat' dir='ltr'>Scilicet,</span> <span class='ocrx_word' id='word_1_233' title='bbox 363 3172 387 3230; x_wconf 91' lang='lat' dir='ltr'>si</span> <span class='ocrx_word' id='word_1_234' title='bbox 410 3171 543 3250; x_wconf 89' lang='lat' dir='ltr'>poterint</span> <span class='ocrx_word' id='word_1_235' title='bbox 565 3169 658 3231; x_wconf 90' lang='lat' dir='ltr'>verba</span> <span class='ocrx_word' id='word_1_236' title='bbox 684 3167 908 3229; x_wconf 85' lang='lat' dir='ltr'>benedictionis</span> <span class='ocrx_word' id='word_1_237' title='bbox 930 3185 1045 3228; x_wconf 87' lang='lat' dir='ltr'>memo·</span> 
     </span>
     <span class='ocr_line' id='line_1_34' title="bbox 123 3248 1044 3333; baseline -0.004 -19"><span class='ocrx_word' id='word_1_238' title='bbox 123 3255 195 3314; x_wconf 87' lang='lat' dir='ltr'>riter</span> <span class='ocrx_word' id='word_1_239' title='bbox 216 3254 358 3329; x_wconf 87' lang='lat' dir='ltr'>recitare,</span> <span class='ocrx_word' id='word_1_240' title='bbox 381 3258 411 3312; x_wconf 94' lang='lat' dir='ltr'>et</span> <span class='ocrx_word' id='word_1_241' title='bbox 433 3272 605 3333; x_wconf 88' lang='lat' dir='ltr'>exponere,</span> <span class='ocrx_word' id='word_1_242' title='bbox 632 3271 702 3313; x_wconf 91' lang='lat' dir='ltr'>sese</span> <span class='ocrx_word' id='word_1_243' title='bbox 723 3250 794 3312; x_wconf 93' lang='lat' dir='ltr'>ideo</span> <span class='ocrx_word' id='word_1_244' title='bbox 816 3251 938 3330; x_wconf 86' lang='lat' dir='ltr'>venire,</span> <span class='ocrx_word' id='word_1_245' title='bbox 962 3248 1044 3329; x_wconf 94' lang='lat' dir='ltr'>quod</span> 
     </span>
     <span class='ocr_line' id='line_1_35' title="bbox 124 3332 1044 3418; baseline -0.007 -20"><span class='ocrx_word' id='word_1_246' title='bbox 124 3336 456 3418; x_wconf 81' lang='lat' dir='ltr'>conscientiapeccati,</span> <span class='ocrx_word' id='word_1_247' title='bbox 479 3342 532 3396; x_wconf 88' lang='lat' dir='ltr'>aut</span> <span class='ocrx_word' id='word_1_248' title='bbox 554 3337 663 3397; x_wconf 88' lang='lat' dir='ltr'>timore</span> <span class='ocrx_word' id='word_1_249' title='bbox 674 3335 791 3407; x_wconf 79' lang='lat' dir='ltr'>mortis,</span> <span class='ocrx_word' id='word_1_250' title='bbox 813 3334 939 3395; x_wconf 86' lang='lat' dir='ltr'>autolio</span> <span class='ocrx_word' id='word_1_251' title='bbox 962 3332 1044 3392; x_wconf 87' lang='lat' dir='ltr'>malo</span> 
     </span>
     <span class='ocr_line' id='line_1_36' title="bbox 124 3417 1045 3498; baseline -0.007 -18"><span class='ocrx_word' id='word_1_252' title='bbox 124 3420 302 3481; x_wconf 88' lang='lat' dir='ltr'>tentationis</span> <span class='ocrx_word' id='word_1_253' title='bbox 325 3419 436 3496; x_wconf 88' lang='lat' dir='ltr'>carnis,</span> <span class='ocrx_word' id='word_1_254' title='bbox 458 3418 571 3498; x_wconf 90' lang='lat' dir='ltr'>mundi,</span> <span class='ocrx_word' id='word_1_255' title='bbox 594 3418 709 3480; x_wconf 86' lang='lat' dir='ltr'>diaboli</span> <span class='ocrx_word' id='word_1_256' title='bbox 736 3417 839 3477; x_wconf 86' lang='lat' dir='ltr'>vexati</span> <span class='ocrx_word' id='word_1_257' title='bbox 862 3417 997 3478; x_wconf 84' lang='lat' dir='ltr'>esuriant</span> <span class='ocrx_word' id='word_1_258' title='bbox 1014 3422 1045 3475; x_wconf 91' lang='lat' dir='ltr'>et</span> 
     </span>
     <span class='ocr_line' id='line_1_37' title="bbox 123 3499 1043 3582; baseline -0.004 -20"><span class='ocrx_word' id='word_1_259' title='bbox 123 3503 227 3563; x_wconf 88' lang='lat' dir='ltr'>sitient</span> <span class='ocrx_word' id='word_1_260' title='bbox 249 3500 370 3562; x_wconf 87' lang='lat' dir='ltr'>verbum</span> <span class='ocrx_word' id='word_1_261' title='bbox 394 3508 424 3562; x_wconf 88' lang='lat' dir='ltr'>et</span> <span class='ocrx_word' id='word_1_262' title='bbox 444 3502 565 3582; x_wconf 87' lang='lat' dir='ltr'>signum</span> <span class='ocrx_word' id='word_1_263' title='bbox 588 3503 704 3580; x_wconf 85' lang='lat' dir='ltr'>gratiae</span> <span class='ocrx_word' id='word_1_264' title='bbox 733 3506 764 3561; x_wconf 93' lang='lat' dir='ltr'>st</span> <span class='ocrx_word' id='word_1_265' title='bbox 785 3499 891 3560; x_wconf 87' lang='lat' dir='ltr'>salutis</span> <span class='ocrx_word' id='word_1_266' title='bbox 914 3499 1043 3578; x_wconf 89' lang='lat' dir='ltr'>abipso</span> 
     </span>
     <span class='ocr_line' id='line_1_38' title="bbox 122 3581 1090 3669; baseline -0.005 -23"><span class='ocrx_word' id='word_1_267' title='bbox 122 3586 257 3646; x_wconf 90' lang='lat' dir='ltr'>Domino</span> <span class='ocrx_word' id='word_1_268' title='bbox 279 3602 334 3664; x_wconf 90' lang='lat' dir='ltr'>per</span> <span class='ocrx_word' id='word_1_269' title='bbox 357 3584 556 3646; x_wconf 90' lang='lat' dir='ltr'>ministerium</span> <span class='ocrx_word' id='word_1_270' title='bbox 579 3585 745 3666; x_wconf 83' lang='lat' dir='ltr'>Episcopi,</span> <span class='ocrx_word' id='word_1_271' title='bbox 766 3601 828 3662; x_wconf 91' lang='lat' dir='ltr'>quo</span> <span class='ocrx_word' id='word_1_272' title='bbox 852 3581 991 3645; x_wconf 88' lang='lat' dir='ltr'>solentur</span> <span class='ocrx_word' id='word_1_273' title='bbox 1014 3586 1045 3642; x_wconf 87' lang='lat' dir='ltr'>et</span> <span class='ocrx_word' id='word_1_274' title='bbox 1085 3662 1090 3669; x_wconf 30' lang='grc' dir='ltr'>Ι</span> 
     </span>
    </p>
   </div>
   <div class='ocr_carea' id='block_1_8' title="bbox 196 3773 603 3849">
    <p class='ocr_par' dir='ltr' id='par_1_12' title="bbox 196 3773 603 3849">
     <span class='ocr_line' id='line_1_39' title="bbox 196 3773 603 3849; baseline 0 -14"><span class='ocrx_word' id='word_1_275' title='bbox 196 3775 228 3849; x_wconf 91' lang='grc'>1)</span> <span class='ocrx_word' id='word_1_276' title='bbox 248 3777 280 3834; x_wconf 87' lang='lat' dir='ltr'>ln</span> <span class='ocrx_word' id='word_1_277' title='bbox 298 3775 342 3836; x_wconf 87' lang='lat' dir='ltr'>ed.</span> <span class='ocrx_word' id='word_1_278' title='bbox 360 3776 416 3837; x_wconf 83' lang='lat' dir='ltr'>Ien.</span> <span class='ocrx_word' id='word_1_279' title='bbox 436 3775 531 3835; x_wconf 82' lang='lat' dir='ltr'>deest:</span> <span class='ocrx_word' id='word_1_280' title='bbox 548 3773 603 3834; x_wconf 79' lang='lat' dir='ltr'>vel.</span> 
     </span>
    </p>
   </div>
   <div class='ocr_carea' id='block_1_9' title="bbox 0 0 1180 4162">
    <p class='ocr_par' dir='ltr' id='par_1_13' title="bbox 0 0 1180 4162">
     <span class='ocr_line' id='line_1_40' title="bbox 0 0 1180 4162; baseline 0 0"><span class='ocrx_word' id='word_1_281' title='bbox 0 0 1180 4162; x_wconf 95' lang='lat' dir='ltr'> </span> 
     </span>
    </p>
   </div>
  </div>
 </body>
</html>
