2348 4162
152 245 293 314 quomodo
313 243 375 299 uns
394 245 463 299 uos
483 260 500 298 a
519 243 683 300 christianis
702 244 812 316 tegendi
830 247 893 302 sut.
934 245 991 310 107
1033 235 1035 239 ’

70 413 151 476 haec
172 413 324 496 promissa
345 414 500 493 babuisse,
521 414 600 476 baec
621 415 730 476 fecisse
750 415 898 498 populum
913 412 992 492 Dei,

69 499 162 578 igitur
184 503 215 557 et
235 515 294 558 nos
317 497 424 559 eadem
446 498 547 559 lacere
591 505 622 559 et
655 505 835 579 exspectare
869 497 991 563 debere.

70 581 129 642 Hic
163 598 249 640 error
270 600 325 659 per
351 581 421 640 illos
444 581 616 661 fanaticos,
651 583 700 661 qui
730 601 763 642 ss
794 581 991 663 propheticos

70 663 131 725 dici
153 662 311 741 volebant,
334 664 448 727 multos
473 665 584 726 misere
605 664 749 727 seductos
772 663 917 745 perdidit,
941 666 991 745 qui

69 745 222 829 putabant
243 766 278 807 se
299 746 450 827 exemplis
477 747 559 808 illius
581 747 687 829 populi
706 755 790 808 recte
811 747 932 826 fucere,
955 748 990 828 si,

69 848 148 910 qnos
170 830 229 910 ipsi
251 828 423 892 iudicarent
442 831 575 912 impios,
609 833 638 890 vi
661 837 692 891 et
713 829 857 892 coedibus
890 848 991 910 perse·

72 919 249 992 querentur,
273 918 303 975 et
324 914 381 994 piis
404 912 674 976 concionatoribus
695 914 790 993 iniqui
812 919 913 992 erant,
936 932 991 973 seu

72 995 204 1057 oderant
225 996 327 1077 potius
341 1043 350 1077 ,
385 1015 458 1079 cum,
492 998 703 1058 existimarent
734 997 814 1057 hanc
846 1002 991 1075 tauquam

69 1078 278 1142 necessarium
300 1085 418 1160 partem
439 1080 580 1141 dotrinae
602 1079 641 1141 de
662 1080 761 1161 impiis
790 1080 869 1141 terro
892 1097 992 1160 perse·

70 1161 200 1241 quendis
223 1162 282 1223 sibi
304 1161 490 1225 occultatam
512 1164 617 1233 luisse,

153 1243 308 1325 sicigitur
327 1243 389 1307 illis
404 1245 621 1309 clamatoribus
633 1244 774 1307 fanaticis
785 1243 994 1326 respondeus:

69 1326 293 1408 Relinquamus
325 1346 400 1390 sane
428 1330 536 1391 Mosco
564 1329 607 1390 illi
635 1329 775 1410 populo,
804 1337 834 1390 et
861 1329 922 1389 sint
949 1329 992 1389 ite

68 1411 150 1471 inter
173 1428 208 1472 se
226 1412 401 1491 coniuncti,
436 1419 467 1473 ut
489 1413 592 1473 Moses
626 1432 714 1473 snum
736 1410 820 1472 illum
843 1411 990 1492 populum

70 1492 206 1575 obliget,
228 1495 371 1554 vicissim·
391 1495 443 1556 ille
466 1496 638 1577 populusa
665 1495 751 1556 Mose
778 1493 928 1575 pendeat,
962 1500 992 1553 et

68 1576 184 1645 babeat
206 1595 277 1638 suas
299 1578 385 1659 leges
412 1585 444 1638 et
475 1579 696 1659 promissiones
728 1576 876 1656 quasdam
900 1596 991 1656 peen-

70 1659 172 1738 lisrss,
193 1678 276 1721 nune
295 1662 415 1740 utrique
437 1660 529 1722 finem
547 1661 671 1739 habent,
694 1666 725 1721 et
746 1660 849 1720 Moses
871 1677 991 1719 succes·

70 1743 154 1823 sori,
178 1761 235 1803 seu
255 1745 360 1823 potius
382 1745 517 1806 Domino
541 1745 661 1805 Christo
690 1745 798 1818 cessit,
832 1749 862 1803 et
883 1742 991 1822 politia

69 1825 151 1886 illius
173 1825 280 1906 populi
301 1826 463 1889 intercidit.
513 1827 615 1904 Quare
638 1825 677 1887 ad
699 1845 757 1888 nos
779 1825 831 1886 illa
853 1825 925 1885 nihil
948 1832 991 1885 et·

71 1908 158 1988 tinet,
181 1927 239 1969 nos
262 1908 344 1971 alind
367 1910 491 1971 verbum
515 1921 546 1972 et
568 1908 744 1971 mandatum
767 1907 915 1970 habemus
937 1927 990 1968 no·

70 1989 116 2052 bis
151 1990 289 2071 dictum,
316 2012 379 2055 uon
403 1993 442 2056 de
464 1993 681 2056 observatione
714 1997 863 2054 certorum
887 1991 988 2071 legum

69 2078 124 2137 aut
144 2075 273 2155 rituum,
302 2082 356 2137 aut
377 2076 415 2138 de
438 2078 626 2157 occupandis
662 2076 798 2157 imperiis
834 2081 865 2136 et
886 2074 990 2155 gladio

67 2155 291 2238 persequendis
318 2157 477 2241 hostibus,
507 2159 561 2221 sed
589 2157 792 2221 dedocendo
829 2164 860 2218 et
880 2176 991 2238 propa·
1026 2207 1028 2211 .

67 2239 174 2322 gundo
197 2239 385 2322 Evangelio,
415 2242 555 2304 doctrina
583 2248 613 2303 et
642 2242 839 2304 confessione
874 2246 988 2319 nostra,

67 2324 146 2384 sicut
170 2322 293 2385 dicitur:
320 2325 367 2386 Its
398 2326 429 2387 in
453 2325 559 2387 orbem
591 2326 780 2403 universum,
813 2323 990 2404 praedicate

67 2405 291 2487 Evangelium,
323 2427 385 2470 nou
415 2415 534 2470 tantum
562 2410 614 2469 uni
645 2409 736 2469 alicui
765 2406 905 2487 populo,
934 2403 989 2467 sed

67 2489 152 2552 omni
182 2496 357 2569 creaturus,
383 2492 457 2553 item
483 2492 555 2557 Luc.
576 2493 630 2555 22:
658 2488 709 2553 Sic
738 2491 872 2571 oportuit
903 2487 986 2549 Chri·
1084 2547 1091 2559 ,

66 2578 147 2632 stum
170 2572 236 2653 pati
259 2591 296 2633 ec
317 2591 499 2656 resurgere,
527 2585 564 2636 et
583 2576 614 2635 in
638 2574 761 2634 nomine
784 2573 848 2633 sius
871 2570 988 2652 praedi·

66 2655 128 2714 cari
159 2655 384 2735 poenitentiam
418 2676 455 2718 sc
487 2659 698 2720 remissionem
732 2660 929 2736 peccatorum
957 2656 988 2713 in

66 2755 176 2798 omnes
197 2743 326 2818 gentes,
354 2740 529 2821 incipiendo
552 2739 592 2802 ab
613 2738 790 2802 Ierusalem.
834 2737 914 2797 Data
942 2741 990 2797 est

66 2827 96 2879 et
118 2820 286 2902 promissio
309 2820 409 2902 nubis,
432 2842 493 2884 non
517 2823 555 2884 de
569 2824 659 2884 certis
681 2821 804 2883 sedibus
818 2826 870 2881 aut
891 2816 987 2901 regno

66 2901 232 2985 corporuli,
255 2902 309 2965 ssd
332 2903 371 2966 de
389 2907 522 2968 cateruis
546 2905 651 2968 bonis:
677 2905 736 2981 Qui
771 2900 936 2966 crediderit
958 2909 989 2963 et

66 2985 239 3066 baptisatus
248 2985 347 3066 luerit,
362 2987 465 3050 salvus
488 2991 561 3068 erit3
582 2990 663 3050 hanc
675 2995 758 3048 recte
771 2993 872 3049 statuo
895 2987 986 3047 etiam

64 3067 103 3129 sd
135 3071 384 3149 mapertinsre3
405 3072 478 3132 item
502 3071 540 3132 de
562 3073 786 3133 sustentatione
819 3089 855 3132 ac
883 3069 986 3132 delen·

64 3151 154 3212 sione
178 3150 268 3213 huius
291 3154 460 3235 corporalis
483 3156 580 3217 vitae:
604 3155 737 3216 Primum
760 3153 898 3234 quaerite
920 3171 986 3233 reg·

66 3253 140 3295 num
163 3233 242 3313 Dei,
265 3241 296 3296 et
309 3233 420 3297 'cetera
458 3237 637 3299 adiicientur
666 3236 768 3316 vobis,
803 3243 833 3296 et
855 3234 987 3310 Quicun-

64 3335 124 3397 que
155 3317 311 3396 reliquerit
340 3327 508 3400 parentes,
540 3339 689 3399 uxorem,
725 3320 862 3399 liberos,
893 3336 986 3398 egros

63 3405 192 3480 propter
214 3419 263 3462 me
279 3448 287 3481 ,
322 3404 497 3484 centuplum
531 3405 659 3484 recipiet
689 3405 719 3464 iu
742 3403 801 3463 hac
828 3402 894 3462 vitu
916 3419 985 3460 cum

64 3481 265 3545 tribulatione
285 3490 317 3551 et
347 3487 380 3546 iu
403 3486 503 3548 tuturo
528 3488 622 3548 vitam
645 3493 819 3565 aeternam3
840 3486 923 3563 item,
947 3483 985 3542 de

64 3564 211 3648 operibus
247 3569 419 3630 communis
447 3571 528 3631 vitae
548 3577 590 3631 'et
617 3570 774 3631 societatis
810 3568 984 3629 hominum:

64 3647 278 3729 Quaecunque
299 3650 390 3712 vultis
413 3657 446 3714 ut
467 3651 680 3715 faciantvobis
701 3651 852 3728 homines,
876 3657 907 3712 et
929 3669 984 3711 vos

62 3730 157 3795 lacite
175 3731 248 3818 titis,
269 3733 348 3807 baec
369 3742 426 3814 est,
448 3736 554 3819 inquit,
576 3736 628 3798 lex
650 3742 681 3798 et
702 3732 881 3818 prophetae.
940 3805 943 3811 ,
