2348 4162
284 247 320 303 ad
339 248 376 305 D.
395 249 538 305 Erasmum
557 250 783 307 Roterodamum.
932 252 993 318 155

66 420 277 501 prehendere,
301 419 458 500 quomodo
479 422 505 482 is
526 422 610 483 Deus
640 425 679 484 sit
702 425 875 485 misericors
898 431 929 484 et
950 425 992 485 iu·

66 511 147 582 stus,
170 506 221 583 qui
245 513 359 566 tantam
382 505 458 566 iram
481 511 511 566 et
532 507 723 584 iniquitatem
746 507 895 584 ostendit,
928 527 992 569 non

67 594 154 649 essct
175 606 253 669 opus
276 588 346 650 fide.
389 588 497 668 Nunc,
533 609 601 649 cum
623 588 653 649 id
676 590 894 670 comprehendi
929 609 991 652 non

66 676 185 751 potest,
207 672 247 732 sit
267 673 355 733 iocus
377 671 570 732 exercendae
592 672 678 751 fidei,
710 673 781 734 dum
811 673 883 734 talia
905 693 991 754 prae·

34 792 37 797 -
67 754 211 815 dicantur
232 763 263 816 et
283 754 487 835 invulgantur,
510 775 573 816 non
589 755 678 817 aliter
700 777 800 837 quam,
824 756 895 816 dum
907 756 992 819 Deus

67 837 193 917 occidit,
215 837 292 900 tides
316 839 395 898 vitae
417 839 448 897 in
471 845 569 900 morte
591 847 760 901 exercetur.
802 840 888 902 Haec
912 859 992 900 nunc

66 922 99 981 in
122 920 314 1001 praefatione
336 922 420 982 sutis.

154 1039 223 1099 Hoc
245 1038 338 1100 modo
365 1038 477 1099 rectius
505 1038 730 1119 disputantibus
765 1041 795 1100 in
818 1043 883 1102 istis
905 1062 991 1122 para·

67 1122 161 1183 doxis
183 1123 360 1202 consulitur,
384 1141 474 1201 quarn
497 1127 549 1183 tuo
572 1123 717 1203 consilio,
740 1143 801 1204 quo
824 1145 878 1206 per
900 1125 991 1185 silen-

67 1208 147 1268 tium
169 1211 200 1266 et
221 1205 435 1267 abstinentiam
455 1206 500 1266 vis
523 1206 643 1266 illorum
658 1208 806 1287 impietati
821 1209 991 1289 consulere,

68 1307 132 1369 quo
158 1296 260 1349 tamen
283 1289 356 1351 nihil
378 1289 512 1369 proficis.
565 1289 643 1350 Nam
676 1291 700 1350 s'i
732 1291 781 1351 vei
804 1291 910 1352 credas
942 1291 992 1352 vel

67 1373 235 1453 suspiceris
257 1391 326 1434 esse
349 1391 421 1433 vera
451 1375 538 1446 (cum
561 1375 622 1433 sint
652 1392 715 1434 nou
736 1376 821 1455 parvi
844 1377 992 1436 momenti

66 1453 262 1537 paradoxa),
281 1475 360 1535 quae
382 1462 429 1516 est
452 1457 626 1517 mortalium
649 1456 856 1518 insaturabilis
879 1457 991 1539 cupido

67 1538 302 1600 scrutandorum
326 1544 510 1600 secretarum
536 1559 646 1615 rerum,
671 1546 732 1600 tum
756 1543 899 1615 maxime,
922 1560 991 1601 cum

66 1623 203 1683 maxime
226 1621 433 1699 occultatam)
459 1623 610 1697 volumus,
633 1624 727 1682 facies
741 1622 800 1683 hac
822 1624 991 1684 monitione

66 1713 121 1767 tua
143 1705 309 1786 evulgata,
343 1711 374 1766 ut
401 1706 617 1785 multomagis
652 1724 733 1765 nunc
754 1706 850 1766 velint
883 1726 990 1767 omnes

67 1789 158 1866 scire,
182 1808 220 1848 au
245 1808 317 1850 vera
340 1791 400 1850 sint
422 1808 458 1849 ea
481 1788 657 1869 paradoxa,
680 1788 818 1868 scilicet,
835 1796 897 1870 'tua
919 1808 990 1850 con·

67 1873 210 1934 tentione
222 1874 355 1951 accensi,
378 1877 412 1932 ut
427 1871 527 1932 nuilus
550 1879 687 1934 nostrum
702 1871 850 1933 hacteuus
873 1878 989 1933 tantam

66 1974 175 2017 ansam
198 1956 384 2035 praestiterit
405 1974 442 2016 ea
475 1955 647 2036 vulgandi,
681 1958 828 2034 quantam
851 1962 882 2015 tu
932 1955 991 2017 hac

66 2035 216 2120 religiosa
237 2039 452 2099 etvehementi
476 2040 655 2100 monitione.
690 2038 870 2100 Prudentius
888 2038 989 2100 'multo

66 2122 205 2203 fecisses,
229 2122 254 2181 si
276 2140 402 2201 prorsus
424 2123 572 2182 tacuisses
606 2123 645 2183 de
674 2123 720 2184 his
750 2121 916 2202 paradoxis
942 2141 989 2181 ca·

67 2204 187 2282 vendis,
209 2205 235 2265 si
258 2211 362 2266 votum
384 2212 468 2264 tuum
490 2211 588 2265 ratum
606 2205 766 2269 voluisses.
802 2206 911 2266 Actum
935 2211 990 2279 est,

66 2296 233 2370 postquam
266 2307 328 2349 non
350 2307 476 2368 prorsus
503 2308 598 2369 negas
621 2308 690 2349 esse
712 2307 807 2370 vera,
843 2289 991 2365 occultari

66 2391 128 2434 non
150 2377 306 2452 poterunt,
329 2370 384 2431 sed
397 2372 573 2452 suspicione
591 2374 725 2433 veritatis
738 2391 846 2432 omnes
869 2371 907 2432 ad
921 2390 991 2433 sese

65 2453 285 2535 investiganda
305 2454 459 2533 allicient3
483 2455 531 2515 vel
555 2474 628 2534 ergo
650 2454 795 2536 negailla
817 2474 885 2516 esse
907 2474 990 2534 vera,

67 2538 116 2599 vsi
138 2544 172 2599 tu
194 2538 278 2618 prior
300 2543 378 2616 tace,
402 2540 427 2598 si
450 2534 528 2599 alios
548 2542 651 2599 tacere
673 2538 769 2600 voles.

151 2654 290 2716 Alterum
313 2655 505 2736 paradoxon,
530 2654 676 2734 quidquid
697 2653 731 2715 fit
754 2675 772 2716 a
795 2653 904 2734 nobis,
927 2673 990 2716 non

66 2738 167 2800 libero
190 2739 332 2817 arbitrio,
355 2739 410 2799 sed
433 2758 517 2800 mera
540 2739 723 2799 necessitate
744 2737 829 2815 tisri,
860 2737 991 2799 breviter

66 2821 243 2900 videamus,
266 2841 304 2882 ne
328 2822 620 2902 perniciosissimum
649 2821 709 2882 dici
730 2822 889 2902 patiamur.
933 2821 991 2882 Hic

67 2907 112 2967 ric
134 2905 216 2981 dioc,
241 2903 291 2965 ubi
314 2904 345 2965 id
361 2904 523 2985 probatum
547 2905 643 2982 suerit,
667 2911 757 2966 extra
775 2905 897 2966 vireset
919 2922 990 2966 cou-

67 2987 136 3049 silia
158 2993 286 3066 nostra,
308 2990 339 3048 in
362 2988 457 3049 solius
482 3007 575 3069 opere
598 2989 654 3048 Dei
693 2988 829 3067 pendere
861 2989 990 3049 salutem

67 3077 217 3147 normam,
241 3071 322 3150 quod
344 3071 423 3132 infra
445 3072 477 3131 in
500 3090 631 3151 corpore
660 3070 876 3152 disputationis
899 3090 990 3152 spero

68 3174 118 3215 ms
140 3154 337 3230 evicturum,
370 3172 474 3216 nonne
507 3155 589 3215 clare
623 3156 780 3233 sequitur,
814 3154 884 3215 dum
906 3155 990 3215 Deus

67 3257 165 3319 opere
187 3256 243 3297 suo
276 3238 306 3296 in
329 3237 418 3299 nobis
441 3257 501 3298 uon
525 3237 632 3317 adest,
677 3239 781 3299 omnia
808 3256 877 3299 esse
899 3236 990 3319 mala,

67 3338 149 3400 (mae
170 3320 309 3400 facimus,
336 3327 366 3381 et
388 3340 444 3383 uos
469 3323 644 3382 necessario
661 3323 792 3402 operari,
815 3340 895 3400 quae
916 3321 990 3380 nihii

66 3404 106 3465 ad
130 3403 261 3465 salutem
285 3404 414 3466 valent?
467 3404 601 3465 sienim
631 3423 692 3465 non
716 3424 773 3466 uos
786 3452 795 3485 ,
823 3404 877 3464 sed
905 3403 991 3464 solus

148 3691 175 3759 1)
194 3689 226 3743 In
246 3688 291 3744 ed.
311 3690 397 3747 1526:
416 3694 584 3745 secretarum
604 3703 708 3753 rerum,
727 3690 784 3741 tum
809 3686 927 3742 maxime
946 3702 992 3743 oc·

68 3760 199 3818 cultatas.
218 3763 321 3819 Nostra
331 3761 414 3818 lectio
424 3762 543 3832 repetita
551 3764 599 3830 est
607 3776 642 3816 ex
652 3758 696 3815 ed.
707 3760 777 3817 1525
795 3764 823 3815 et
834 3758 922 3817 exod.
934 3760 990 3816 Ion.
