2348 4162
444 221 482 281 Α,
504 225 584 284 1538.
915 223 978 292 543

56 395 131 456 riam
154 394 204 456 vel
227 394 420 475 dignitatem,
449 393 503 455 sed
526 395 695 454 animarum
716 393 845 455 sulutem
877 402 907 454 et
929 411 977 454 ec·

57 478 172 538 clesiae
194 479 368 554 utilitatem,
397 479 493 538 nostri
516 476 610 537 hodie
631 476 770 557 episcopi
792 477 864 556 quid
887 476 977 537 sunt?

57 561 196 623 llorluae
220 561 325 622 larvas
346 568 376 621 et
391 559 518 641 ligarae,
530 568 622 639 atque
635 556 750 621 utinam
769 561 845 621 tales
863 565 977 640 essent,

55 663 94 704 ac
117 663 178 704 nou
202 645 293 705 etiam
307 663 382 704 vssa
402 645 466 705 irae
478 651 509 705 et
529 643 638 703 furoris
655 641 704 703 dei
723 649 836 722 essent,
857 642 888 702 in
910 661 976 723 per·

55 728 165 787 niciem
190 727 397 788 ecclesiarum.

140 808 219 885 Quid
234 817 324 890 putas
335 809 442 871 fuisset
457 808 592 870 dicturus
614 807 744 868 Sanctus
759 798 979 889 Hieronymus,

56 894 83 953 si
108 892 234 953 vidisset
254 892 420 954 hodiernos
433 891 608 973 episcopos,
630 890 891 970 archiepiscopos,
913 907 977 949 car·

56 975 199 1038 diocles?
248 973 328 1050 Quid
350 976 374 1035 si
396 974 512 1055 Papum
535 973 678 1050 vidisset,
706 992 769 1034 non
792 972 891 1033 solum
914 971 978 1031 nul·

57 1059 119 1119 lum
144 1077 249 1137 parem
273 1059 452 1138 episcopum
474 1056 636 1135 ferentem,
658 1054 712 1116 sed
735 1074 842 1116 omnes
864 1054 923 1116 sibi
946 1062 977 1115 ut

58 1141 185 1201 domino
211 1140 318 1202 subiici
341 1147 520 1220 cogentem,
543 1139 612 1219 plus
635 1157 726 1218 quam
749 1138 852 1200 Sicula
873 1147 977 1218 tyran·

56 1223 319 1284 uide-ecclesiam
355 1225 418 1284 suis
450 1221 662 1302 pestilentibus
691 1221 836 1283 doctrinis
875 1221 978 1301 oppri-

58 1312 204 1382 mentem,
227 1306 362 1367 omnium
385 1305 583 1366 ecclesiarum
613 1311 644 1364 et
664 1310 811 1365 terrarum
834 1322 910 1384 opes
932 1324 977 1364 rs-

11 1448 14 1455 ,
55 1391 203 1471 piantem,
226 1388 385 1466 iurantem,
409 1388 499 1469 dolis,
521 1385 628 1448 irsude
650 1393 681 1447 et
703 1388 786 1449 omni
802 1386 977 1448 mendacio·

11 1480 24 1489 ’“
56 1491 122 1531 rum
146 1490 260 1551 genere
282 1478 526 1551 extorquentem,
550 1468 631 1530 colla
651 1489 757 1549 regum
782 1467 976 1551 (etquidem

57 1551 317 1636 Christianorum)
351 1553 480 1634 pedibus
512 1552 761 1626 conculcantem,
792 1551 976 1613 osculandos

57 1636 174 1698 eisdem
201 1637 297 1718 pedes
326 1655 399 1697 suos
426 1635 621 1717 offerentem,
652 1634 785 1714 gladium
816 1641 977 1716 utrumque

57 1721 116 1781 sibi
148 1727 214 1780 toto
248 1719 323 1780 orbe
350 1726 565 1799 arrogantem,
599 1736 714 1799 pompa
749 1725 779 1778 et
811 1717 976 1797 splendore

56 1810 188 1874 cunctos
208 1821 298 1883 reges
314 1808 520 1883 superantem,
542 1799 632 1862 bellis
654 1808 685 1861 et
706 1799 907 1862 seditionibus
929 1818 975 1860 or·

55 1886 126 1949 bem
150 1884 354 1946 Christianum
377 1890 552 1961 vexantem,
575 1883 699 1944 verbum
722 1883 770 1944 dei
792 1901 854 1943 non
877 1882 990 1943 solum*

56 1968 275 2048 negligentem,
297 1966 351 2029 sed
367 1986 492 2049 prorsus
504 1969 707 2048 ignorantem,
730 1972 976 2047 persequentem,
1024 2016 1026 2020 Α

55 2047 314 2130 exstinguentem,
336 2049 447 2114 Christi
469 2050 573 2111 omnia
597 2049 878 2130 blasphemantem,
902 2066 976 2110 oves

56 2135 168 2207 Christi
190 2140 392 2216 mactantem,
414 2132 547 2195 breviter
572 2131 725 2193 horrende
746 2131 927 2194 crudelitate
947 2136 978 2192 et

18 2243 28 2261 s
57 2219 197 2279 satanice
219 2217 334 2278 malitia
365 2219 396 2277 in
424 2215 533 2296 rebus,
565 2215 749 2292 honoribus,
786 2213 977 2296 corporibus,

56 2299 217 2361 animabus
244 2299 377 2361 fidelium
406 2298 581 2380 ludentem,
612 2297 788 2378 fallentem,
816 2297 977 2374 ridentem,

56 2383 281 2462 exsultantem,
313 2389 343 2442 et
369 2380 580 2442 insatiabiliter
607 2380 708 2440 sdhuc
740 2379 777 2442 ad
809 2381 926 2440 maiora
947 2387 978 2439 et

55 2467 165 2548 peiora
186 2465 337 2543 hiantem,
365 2470 447 2525 certe
469 2481 531 2523 non
560 2462 713 2523 hominem
736 2462 913 2523 naturaliter
935 2463 976 2522 vi·

55 2554 194 2626 ventem,
222 2547 276 2609 sed
299 2553 439 2608 satanam
474 2546 506 2606 in
529 2545 633 2625 specie
663 2544 795 2606 hominis
825 2545 975 2607 furentem

55 2651 125 2692 esse
147 2626 342 2711 credidisset,
371 2636 403 2693 et
427 2627 616 2709 stupefactus
644 2629 676 2688 iu
704 2627 856 2688 silentium
879 2632 910 2688 et
929 2626 975 2689 la·

55 2716 167 2775 cumas
196 2732 264 2777 sese
286 2708 422 2777 dedisset
448 2730 544 2793 usque
573 2710 612 2771 ud
635 2716 773 2773 mortem.
823 2709 900 2771 Nem
924 2711 976 2789 qui

56 2797 136 2858 terre
150 2815 220 2867 ‚non
241 2797 355 2877 potest,
377 2802 410 2855 ut
429 2793 587 2861 Romanus
609 2791 976 2876 episcopusliugubiensi

55 2881 204 2961 episeopo
225 2880 364 2961 superior
386 2877 442 2965 sit,
469 2875 541 2958 qnid
565 2895 680 2956 quaeso
702 2877 734 2938 in
755 2875 840 2958 Papa
862 2876 976 2938 inveni·

55 2969 112 3041 ret,
134 2961 220 3042 quod
240 2980 302 3023 nou
325 2979 421 3040 usque
444 2959 482 3022 ad
506 2965 635 3021 mortem
656 2959 888 3021 exsecraretur?

139 3045 178 3105 dt
196 3044 273 3106 bsec
295 3045 398 3105 omnia
412 3062 470 3105 uos
493 3042 594 3104 miseri
614 3048 758 3123 portenta
779 3043 931 3122 sacrilega
945 3048 976 3103 et

55 3128 263 3189 abominanda
280 3125 380 3188 udacti
403 3128 514 3187 sumus
526 3126 656 3187 adorare
677 3125 770 3187 veluti
793 3126 858 3186 inre
871 3125 975 3185 divino

55 3211 176 3277 firmata
193 3210 326 3289 decreta,
347 3209 495 3271 incursuri
519 3209 634 3290 alioqui
647 3207 888 3290 indignationem
912 3227 975 3269 om-

55 3295 222 3374 nipotentis
245 3293 301 3354 Dei
331 3299 362 3353 et
383 3291 543 3353 beatorum
572 3294 637 3352 eius
659 3290 871 3372 apostolorum
895 3291 974 3352 Petri

55 3383 87 3439 et
108 3376 206 3456 Pauli,
227 3381 258 3436 et
278 3374 466 3439 tolerabilius
476 3382 637 3455 peccatum
659 3375 715 3436 luit
736 3393 876 3454 negasse,
899 3374 976 3434 blas·

54 3460 234 3539 phemasse,
265 3459 368 3519 risisse
397 3458 488 3519 etiam
524 3459 584 3533 (uti
614 3459 730 3519 faciunt
756 3458 815 3538 ipsi
837 3454 974 3539 Rornae)

54 3561 165 3604 omnes
186 3541 331 3603 articulos
353 3539 435 3620 lidei,
456 3559 549 3620 quam
574 3540 695 3602 dehoc
715 3541 782 3604 iure
802 3539 976 3601 diviuoPa·

53 3638 117 3706 pae
143 3623 356 3704 subdubitare,
389 3621 521 3703 denique
551 3626 688 3705 cogitare
716 3624 755 3685 de
776 3622 861 3705 Pspa
882 3622 976 3702 aliud,

54 3708 153 3789 quam'
170 3727 239 3769 esse
258 3727 327 3769 eum
349 3707 585 3789 sanctissimum,
608 3716 753 3770 aeternae
770 3706 975 3770 damnationis
