2348 4162
125 221 190 290 530
405 218 707 279 praefatiunculis
731 217 763 274 L

126 411 232 454 carere
253 409 314 452 non
348 397 451 471 potest
485 397 517 451 et
537 397 626 452 extra
650 408 706 453 san
726 409 821 470 supra
841 389 967 451 verbnm
989 389 1041 450 Dei

126 475 210 538 nulla
231 473 308 538 fides
329 473 496 534 subsistere
515 481 626 554 potest.
648 471 726 536 Ideo
743 473 888 553 quicquid
906 473 1043 554 Papistae

127 558 177 619 vel
196 557 343 618 Erasmus
365 556 416 617 hic
436 557 486 617 vel
508 556 622 618 docent
649 557 698 618 vel
724 556 906 636 consulunt,
939 557 1042 617 frustra

126 648 158 703 et
178 640 325 702 inutiliter
346 640 518 702 consulunt.
547 640 763 702 Conscientiae
778 639 846 703 istis
856 639 996 702 consiliis
1017 646 1043 700 et

126 722 269 784 remediis
290 722 432 783 humanis
456 724 550 783 iuvari
572 742 633 784 non
656 728 785 803 possunt
806 741 907 802 neque
931 722 1041 800 volunt,

127 807 181 868 sed
204 824 313 867 vocem
336 808 443 886 sponsi
465 806 511 867 sui
532 807 660 886 cupiunt
679 806 785 866 audire
807 813 839 866 et
860 825 970 867 vocem
991 824 1042 885 pa-

126 890 219 951 storis
250 896 282 949 et
314 889 450 970 magistri
483 889 530 950 sui
552 891 649 968 unici3
683 888 721 948 ad
744 907 853 950 vocem
876 889 1041 950 alienorum

127 972 249 1033 dicunt:
288 970 357 1031 Hoc
387 972 459 1050 quia
490 970 529 1030 de
560 971 722 1051 Scripturis
754 972 951 1033 autoritatem
986 989 1041 1031 non

127 1053 235 1133 hahet,
259 1053 369 1114 eadem
389 1053 536 1114 facilitate
562 1056 782 1131 contemnitur,
808 1072 871 1134 qna
891 1053 1043 1135 probatur.

127 1137 195 1199 Non
219 1137 330 1215 loquor
350 1137 412 1197 iam
434 1136 472 1198 de
494 1138 711 1199 controversiis
739 1139 770 1197 in
794 1135 959 1218 scripturis
986 1137 1042 1216 agi·

127 1222 213 1298 tatis,
245 1219 299 1280 sed
321 1219 361 1280 de
381 1219 445 1296 his,
477 1239 557 1300 quae
579 1227 667 1281 extra
688 1218 860 1301 Scripturas
888 1230 920 1282 et
941 1229 1043 1282 contra

126 1302 297 1382 Scripturas
319 1301 358 1364 ab
379 1301 562 1364 adversariis
587 1302 793 1372 defenduntur
825 1310 858 1365 et
886 1305 1044 1385 exiguntur

127 1405 182 1467 per
216 1387 275 1446 vim
311 1393 342 1446 st
369 1404 461 1447 omne
494 1405 592 1466 genus
619 1386 741 1450 suroris.
783 1386 871 1448 Talia
891 1405 955 1448 non
978 1392 1044 1446 sunt

127 1469 281 1530 haeretica
303 1465 468 1552 (haereses
490 1471 571 1539 enim
594 1488 612 1529 e
634 1469 798 1550 scripturis
820 1468 942 1549 fingunt
963 1469 1042 1550 spiri·

127 1559 175 1613 tus
196 1552 312 1632 impii),
335 1552 389 1612 sed
412 1571 537 1632 prorsus
559 1548 688 1632 prolan'a
707 1553 921 1613 etcertissime
941 1552 1043 1613 diabo-

128 1635 195 1696 lica.
239 1633 342 1709 Quare
363 1636 455 1696 tutius
476 1636 621 1697 Erasmus
647 1654 667 1695 a
688 1635 846 1715 theologia
879 1635 1043 1696 abstineret

127 1725 157 1778 et
181 1735 235 1796 pro
257 1736 314 1778 suo
337 1719 460 1796 ingenio
483 1721 514 1778 in
529 1719 599 1778 aliis
617 1717 708 1780 rebus
728 1717 939 1797 eloquentiam
962 1736 1043 1778 suam

127 1807 295 1860 exerceret.
325 1799 498 1880 Theclugia
518 1802 644 1880 requirit
665 1802 798 1861 animum
821 1805 903 1862 serio
925 1811 956 1862 et
977 1802 1045 1860 sinr-

32 1878 37 1889 '
127 1882 246 1962 pliciter
268 1883 392 1943 verbum
416 1883 473 1944 Dei
496 1890 693 1962 quaerentem
716 1893 747 1945 et
768 1890 941 1959 amantem,
970 1884 1045 1944 sicut

127 1964 251 2044 legitur:
274 1964 314 2026 Εἰ
335 1965 364 2026 in
386 1967 582 2047 simplicitate
605 1965 705 2028 cordis
724 1954 864 2044 bucerite
884 1966 983 2040 illum,
1005 1967 1043 2026 in-

128 2049 246 2110 venitur
269 2050 350 2109 enim
373 2048 412 2110 ab
433 2049 481 2128 iis,
503 2051 554 2129 qui
577 2068 640 2110 non
663 2055 781 2110 tentant
801 2068 882 2112 enm.
911 2048 951 2109 ht
971 2048 1044 2109 Pau·

127 2129 174 2189 lus
197 2130 286 2190 Rom.
309 2129 349 2195 12
379 2133 543 2212 praecipit,
580 2141 614 2192 ut
644 2131 784 2192 doctrina
806 2130 1044 2193 Christianorum

126 2214 166 2274 sit
187 2213 321 2292 analoga
341 2212 428 2295 fidei,
466 2222 496 2274 et
528 2215 625 2295 prima
647 2215 727 2274 Petri
756 2224 883 2293 quarto:
927 2214 1044 2294 Siquis

127 2296 277 2376 loquitur,
310 2297 397 2375 quasi
419 2316 577 2357 sermones
601 2299 673 2374 Dei,
709 2299 781 2358 item
810 2296 948 2358 secunda
969 2297 1043 2357 Petri

125 2381 238 2458 primo:
262 2379 425 2457 Prophetis
447 2379 622 2460 Scripturas
649 2381 774 2460 propria
795 2381 1044 2460 interpretatione

125 2479 188 2521 non
208 2458 259 2540 iit,
281 2479 341 2521 non
366 2463 445 2521 enim
469 2463 628 2523 voluntate
649 2464 784 2524 humana
805 2462 901 2523 allata
921 2471 971 2524 est
992 2463 1040 2523 ali·

125 2542 248 2622 quando
271 2544 441 2623 prophetia.
485 2545 524 2604 Et
550 2548 624 2606 satis
647 2564 760 2624 magna
781 2547 904 2606 miseria
926 2546 1041 2627 experti

124 2645 228 2688 sumus
250 2626 443 2706 subPapatu,
466 2646 557 2706 quam
580 2630 671 2687 variis
694 2629 792 2688 ventis
807 2627 967 2689 doctrinae
983 2629 1043 2707 agi·

124 2711 178 2770 tati
195 2729 310 2788 sumus,
332 2709 403 2769 dum
426 2710 648 2791 exscriptoris
670 2712 812 2791 proprios
833 2712 970 2772 humana
993 2730 1039 2771 vo·

126 2793 240 2853 luntate
275 2792 420 2853 articulos
453 2792 610 2873 finximus,
648 2793 749 2854 donec
785 2794 890 2855 etiamr
911 2794 1042 2854 cucullos

127 2875 345 2934 monachorum
369 2874 608 2938 adoraverimus.
653 2875 719 2951 Qua
742 2875 885 2937 idolatria
910 2878 1040 2938 omnium

123 2959 259 3037 gentium
282 2965 424 3037 portenta
445 2959 537 3037 plane
560 2960 704 3038 vicimus,
733 2978 803 3019 nam
826 2960 878 3037 qui
902 2959 1041 3038 clamant,

127 3037 239 3099 multos
259 3039 340 3101 credi
364 3040 402 3102 ab
426 3043 556 3102 eeclesia
577 3041 733 3120 articulos,
756 3042 859 3120 quiin
883 3041 1041 3123 Scripturis

125 3139 186 3183 non
209 3121 396 3200 habeantur,
430 3124 491 3184 suis
513 3131 645 3204 aguntur
664 3124 758 3201 iuriis,
780 3124 871 3184 aliam
894 3123 1041 3205 fingentes

124 3203 182 3265 sibi
195 3205 367 3284 ecclesiam,
391 3206 508 3267 scilicet
525 3215 652 3267 satanae
664 3225 866 3288 synagogam,
879 3215 911 3267 et
922 3209 1041 3269 nomine

123 3295 249 3353 sanctae
271 3288 431 3365 ecclesiae,
453 3290 578 3368 virginis
599 3297 629 3349 et
651 3308 784 3370 sponsae
807 3289 930 3367 Christi,
952 3292 1040 3370 impu·

125 3370 310 3431 deotissimis
349 3370 514 3432 mendaciis
548 3379 681 3435 scortum
715 3379 746 3433 et
787 3372 890 3432 lenam
931 3372 1039 3433 diaboli

124 3460 268 3515 ornantes
290 3458 322 3513 et
345 3454 546 3518 venditantes.
588 3453 649 3516 sed
671 3455 710 3515 de
740 3455 798 3515 hac
819 3474 868 3533 re,
902 3458 928 3516 ai
950 3455 1039 3516 donti-

124 3555 181 3596 nus
214 3537 308 3597 otium
342 3543 373 3596 et
400 3538 478 3597 vires
502 3539 705 3616 concesserit,
737 3557 806 3599 cum
840 3537 878 3598 de
913 3539 1040 3599 ecclesia

123 3620 290 3698 scripsero,
324 3619 412 3679 latius
435 3620 615 3700 disputabo,
637 3622 756 3685 interim
780 3621 910 3683 durante
948 3639 1037 3702 regno

122 3699 236 3765 diaboli
259 3720 320 3763 non
344 3710 404 3780 est,
434 3703 517 3781 quod
540 3720 647 3783 pacem
670 3712 701 3765 et
722 3703 922 3766 concordiam
944 3722 1036 3786 spere·
