<?xml version="1.0" encoding="UTF-8"?>
<!DOCTYPE html PUBLIC "-//W3C//DTD XHTML 1.0 Transitional//EN"
    "http://www.w3.org/TR/xhtml1/DTD/xhtml1-transitional.dtd">
<html xmlns="http://www.w3.org/1999/xhtml" xml:lang="en" lang="en">
 <head>
  <title>
</title>
<meta http-equiv="Content-Type" content="text/html;charset=utf-8" />
  <meta name='ocr-system' content='tesseract 3.04.00' />
  <meta name='ocr-capabilities' content='ocr_page ocr_carea ocr_par ocr_line ocrx_word'/>
</head>
<body>
  <div class='ocr_page' id='page_1' title='image "./dmartinilutheri02luthgoog_0184.png"; bbox 0 0 2348 4162; ppageno 0'>
   <div class='ocr_carea' id='block_1_1' title="bbox 274 240 985 308">
    <p class='ocr_par' dir='ltr' id='par_1_1' title="bbox 274 240 985 308">
     <span class='ocr_line' id='line_1_1' title="bbox 274 240 985 308; baseline 0 -6"><span class='ocrx_word' id='word_1_1' title='bbox 274 245 311 302; x_wconf 79' lang='lat' dir='ltr'>sd</span> <span class='ocrx_word' id='word_1_2' title='bbox 328 240 364 301; x_wconf 88' lang='lat' dir='ltr'>D.</span> <span class='ocrx_word' id='word_1_3' title='bbox 383 245 528 302; x_wconf 76' lang='lat' dir='ltr'>Erasmum</span> <span class='ocrx_word' id='word_1_4' title='bbox 541 242 769 302; x_wconf 81' lang='lat' dir='ltr'>Rotsrodemum.</span> <span class='ocrx_word' id='word_1_5' title='bbox 925 243 985 308; x_wconf 79' lang='lat'>173</span> 
     </span>
    </p>
   </div>
   <div class='ocr_carea' id='block_1_2' title="bbox 53 413 991 3162">
    <p class='ocr_par' dir='ltr' id='par_1_2' title="bbox 53 413 987 810">
     <span class='ocr_line' id='line_1_2' title="bbox 54 413 987 495; baseline 0 -20"><span class='ocrx_word' id='word_1_6' title='bbox 54 415 175 477; x_wconf 89' lang='lat' dir='ltr'>eiesiae</span> <span class='ocrx_word' id='word_1_7' title='bbox 198 415 278 495; x_wconf 87' lang='lat' dir='ltr'>Dei,</span> <span class='ocrx_word' id='word_1_8' title='bbox 315 421 348 475; x_wconf 89' lang='lat' dir='ltr'>ut</span> <span class='ocrx_word' id='word_1_9' title='bbox 377 414 429 475; x_wconf 86' lang='lat' dir='ltr'>siii</span> <span class='ocrx_word' id='word_1_10' title='bbox 461 413 633 475; x_wconf 79' lang='lat' dir='ltr'>dicerentur</span> <span class='ocrx_word' id='word_1_11' title='bbox 667 413 799 494; x_wconf 90' lang='lat' dir='ltr'>populus</span> <span class='ocrx_word' id='word_1_12' title='bbox 836 420 866 475; x_wconf 89' lang='lat' dir='ltr'>et</span> <span class='ocrx_word' id='word_1_13' title='bbox 888 414 987 475; x_wconf 83' lang='lat' dir='ltr'>sancti</span> 
     </span>
     <span class='ocr_line' id='line_1_3' title="bbox 54 497 985 580; baseline -0.001 -21"><span class='ocrx_word' id='word_1_14' title='bbox 54 498 124 580; x_wconf 86' lang='lat' dir='ltr'>Dei,</span> <span class='ocrx_word' id='word_1_15' title='bbox 147 501 200 579; x_wconf 88' lang='lat' dir='ltr'>qui</span> <span class='ocrx_word' id='word_1_16' title='bbox 222 518 286 560; x_wconf 92' lang='lat' dir='ltr'>non</span> <span class='ocrx_word' id='word_1_17' title='bbox 304 506 418 577; x_wconf 90' lang='lat' dir='ltr'>essent,</span> <span class='ocrx_word' id='word_1_18' title='bbox 441 498 493 558; x_wconf 89' lang='lat' dir='ltr'>alii</span> <span class='ocrx_word' id='word_1_19' title='bbox 507 517 580 559; x_wconf 90' lang='lat' dir='ltr'>vero</span> <span class='ocrx_word' id='word_1_20' title='bbox 602 497 768 558; x_wconf 88' lang='lat' dir='ltr'>interillos</span> <span class='ocrx_word' id='word_1_21' title='bbox 792 504 825 558; x_wconf 88' lang='lat' dir='ltr'>ui</span> <span class='ocrx_word' id='word_1_22' title='bbox 838 497 985 577; x_wconf 77' lang='lat' dir='ltr'>reliquiae</span> 
     </span>
     <span class='ocr_line' id='line_1_4' title="bbox 53 582 986 663; baseline -0.002 -20"><span class='ocrx_word' id='word_1_23' title='bbox 53 592 172 663; x_wconf 88' lang='lat' dir='ltr'>esseut,</span> <span class='ocrx_word' id='word_1_24' title='bbox 195 591 227 642; x_wconf 91' lang='lat' dir='ltr'>et</span> <span class='ocrx_word' id='word_1_25' title='bbox 248 601 310 643; x_wconf 93' lang='lat' dir='ltr'>nou</span> <span class='ocrx_word' id='word_1_26' title='bbox 334 583 507 642; x_wconf 80' lang='lat' dir='ltr'>dicerentur</span> <span class='ocrx_word' id='word_1_27' title='bbox 529 582 662 662; x_wconf 87' lang='lat' dir='ltr'>populus</span> <span class='ocrx_word' id='word_1_28' title='bbox 685 588 738 641; x_wconf 87' lang='lat' dir='ltr'>eut</span> <span class='ocrx_word' id='word_1_29' title='bbox 759 582 857 641; x_wconf 90' lang='lat' dir='ltr'>scncti</span> <span class='ocrx_word' id='word_1_30' title='bbox 870 628 879 662; x_wconf 90' lang='lat'><em>,</em></span> <span class='ocrx_word' id='word_1_31' title='bbox 908 583 986 641; x_wconf 87' lang='lat' dir='ltr'>sicut</span> 
     </span>
     <span class='ocr_line' id='line_1_5' title="bbox 55 663 987 745; baseline 0 -20"><span class='ocrx_word' id='word_1_32' title='bbox 55 671 211 727; x_wconf 86' lang='lat' dir='ltr'>monstrat</span> <span class='ocrx_word' id='word_1_33' title='bbox 231 667 360 726; x_wconf 91' lang='lat' dir='ltr'>historia</span> <span class='ocrx_word' id='word_1_34' title='bbox 384 665 460 726; x_wconf 80' lang='lat' dir='ltr'>Geiu</span> <span class='ocrx_word' id='word_1_35' title='bbox 483 672 514 724; x_wconf 87' lang='lat' dir='ltr'>et</span> <span class='ocrx_word' id='word_1_36' title='bbox 543 663 662 745; x_wconf 82' lang='lat' dir='ltr'>Hebei,</span> <span class='ocrx_word' id='word_1_37' title='bbox 688 663 802 725; x_wconf 83' lang='lat' dir='ltr'>Ismeei</span> <span class='ocrx_word' id='word_1_38' title='bbox 835 672 866 725; x_wconf 88' lang='lat' dir='ltr'>et</span> <span class='ocrx_word' id='word_1_39' title='bbox 887 663 987 744; x_wconf 86' lang='lat' dir='ltr'>Isccc,</span> 
     </span>
     <span class='ocr_line' id='line_1_6' title="bbox 54 746 321 810; baseline 0.004 -1"><span class='ocrx_word' id='word_1_40' title='bbox 54 748 141 810; x_wconf 73' lang='lat' dir='ltr'>Esau</span> <span class='ocrx_word' id='word_1_41' title='bbox 163 760 195 809; x_wconf 90' lang='lat' dir='ltr'>et</span> <span class='ocrx_word' id='word_1_42' title='bbox 215 746 321 810; x_wconf 89' lang='lat' dir='ltr'>Iscob.</span> 
     </span>
    </p>

    <p class='ocr_par' dir='ltr' id='par_1_3' title="bbox 55 829 987 1328">
     <span class='ocr_line' id='line_1_7' title="bbox 142 829 983 910; baseline -0.001 -18"><span class='ocrx_word' id='word_1_43' title='bbox 142 832 221 892; x_wconf 88' lang='lat' dir='ltr'>Vide</span> <span class='ocrx_word' id='word_1_44' title='bbox 242 832 426 892; x_wconf 79' lang='lat' dir='ltr'>Asianorum</span> <span class='ocrx_word' id='word_1_45' title='bbox 449 830 607 910; x_wconf 87' lang='lat' dir='ltr'>seculum,</span> <span class='ocrx_word' id='word_1_46' title='bbox 638 829 689 890; x_wconf 92' lang='lat' dir='ltr'>ubi</span> <span class='ocrx_word' id='word_1_47' title='bbox 723 831 774 890; x_wconf 88' lang='lat' dir='ltr'>vix</span> <span class='ocrx_word' id='word_1_48' title='bbox 796 831 930 909; x_wconf 93' lang='lat' dir='ltr'>quinque</span> <span class='ocrx_word' id='word_1_49' title='bbox 952 831 983 891; x_wconf 94' lang='lat' dir='ltr'>iu</span> 
     </span>
     <span class='ocr_line' id='line_1_8' title="bbox 55 913 987 996; baseline -0.003 -20"><span class='ocrx_word' id='word_1_50' title='bbox 55 922 124 976; x_wconf 90' lang='lat' dir='ltr'>toto</span> <span class='ocrx_word' id='word_1_51' title='bbox 148 916 226 976; x_wconf 91' lang='lat' dir='ltr'>orbe</span> <span class='ocrx_word' id='word_1_52' title='bbox 254 916 393 996; x_wconf 80' lang='lat' dir='ltr'>episcopi</span> <span class='ocrx_word' id='word_1_53' title='bbox 428 913 571 974; x_wconf 76' lang='lat' dir='ltr'>catholici</span> <span class='ocrx_word' id='word_1_54' title='bbox 597 913 710 973; x_wconf 90' lang='lat' dir='ltr'>servati</span> <span class='ocrx_word' id='word_1_55' title='bbox 732 922 803 974; x_wconf 90' lang='lat' dir='ltr'>sunt</span> <span class='ocrx_word' id='word_1_56' title='bbox 816 960 825 994; x_wconf 87' lang='lat'><em>,</em></span> <span class='ocrx_word' id='word_1_57' title='bbox 864 917 946 993; x_wconf 92' lang='lat' dir='ltr'>iique</span> <span class='ocrx_word' id='word_1_58' title='bbox 967 933 987 973; x_wconf 90' lang='lat' dir='ltr'>a</span> 
     </span>
     <span class='ocr_line' id='line_1_9' title="bbox 56 996 985 1080; baseline -0.002 -22"><span class='ocrx_word' id='word_1_59' title='bbox 56 997 184 1059; x_wconf 88' lang='lat' dir='ltr'>sedibus</span> <span class='ocrx_word' id='word_1_60' title='bbox 207 999 313 1080; x_wconf 83' lang='lat' dir='ltr'>pulsi,</span> <span class='ocrx_word' id='word_1_61' title='bbox 341 998 541 1077; x_wconf 80' lang='lat' dir='ltr'>regnantibus</span> <span class='ocrx_word' id='word_1_62' title='bbox 575 996 688 1076; x_wconf 91' lang='lat' dir='ltr'>ubique</span> <span class='ocrx_word' id='word_1_63' title='bbox 716 998 838 1058; x_wconf 85' lang='lat' dir='ltr'>Arianis</span> <span class='ocrx_word' id='word_1_64' title='bbox 860 998 985 1077; x_wconf 85' lang='lat' dir='ltr'>publico</span> 
     </span>
     <span class='ocr_line' id='line_1_10' title="bbox 56 1080 986 1159; baseline -0.003 -18"><span class='ocrx_word' id='word_1_65' title='bbox 56 1083 185 1142; x_wconf 87' lang='lat' dir='ltr'>nomine</span> <span class='ocrx_word' id='word_1_66' title='bbox 218 1092 249 1141; x_wconf 89' lang='lat' dir='ltr'>et</span> <span class='ocrx_word' id='word_1_67' title='bbox 271 1080 372 1142; x_wconf 79' lang='lat' dir='ltr'>officio</span> <span class='ocrx_word' id='word_1_68' title='bbox 396 1080 567 1159; x_wconf 91' lang='lat' dir='ltr'>ecclesiae,</span> <span class='ocrx_word' id='word_1_69' title='bbox 599 1081 796 1140; x_wconf 88' lang='lat' dir='ltr'>nibilominus</span> <span class='ocrx_word' id='word_1_70' title='bbox 829 1082 886 1140; x_wconf 91' lang='lat' dir='ltr'>sub</span> <span class='ocrx_word' id='word_1_71' title='bbox 921 1081 986 1140; x_wconf 88' lang='lat' dir='ltr'>istis</span> 
     </span>
     <span class='ocr_line' id='line_1_11' title="bbox 56 1160 986 1244; baseline -0.003 -19"><span class='ocrx_word' id='word_1_72' title='bbox 56 1166 221 1225; x_wconf 84' lang='lat' dir='ltr'>haereticis</span> <span class='ocrx_word' id='word_1_73' title='bbox 243 1184 329 1224; x_wconf 91' lang='lat' dir='ltr'>suam</span> <span class='ocrx_word' id='word_1_74' title='bbox 352 1163 514 1224; x_wconf 77' lang='lat' dir='ltr'>ecclesiam</span> <span class='ocrx_word' id='word_1_75' title='bbox 538 1165 673 1223; x_wconf 81' lang='lat' dir='ltr'>servavit</span> <span class='ocrx_word' id='word_1_76' title='bbox 684 1164 831 1242; x_wconf 78' lang='lat' dir='ltr'>Christus,</span> <span class='ocrx_word' id='word_1_77' title='bbox 844 1160 909 1224; x_wconf 91' lang='lat' dir='ltr'>sed</span> <span class='ocrx_word' id='word_1_78' title='bbox 931 1165 986 1244; x_wconf 85' lang='lat' dir='ltr'>sic,</span> 
     </span>
     <span class='ocr_line' id='line_1_12' title="bbox 57 1247 839 1328; baseline 0.005 -20"><span class='ocrx_word' id='word_1_79' title='bbox 57 1256 90 1308; x_wconf 87' lang='lat' dir='ltr'>ut</span> <span class='ocrx_word' id='word_1_80' title='bbox 113 1249 240 1308; x_wconf 88' lang='lat' dir='ltr'>rniuime</span> <span class='ocrx_word' id='word_1_81' title='bbox 261 1248 392 1308; x_wconf 86' lang='lat' dir='ltr'>ecclesis</span> <span class='ocrx_word' id='word_1_82' title='bbox 414 1255 571 1328; x_wconf 77' lang='lat' dir='ltr'>putaretur</span> <span class='ocrx_word' id='word_1_83' title='bbox 594 1253 645 1306; x_wconf 89' lang='lat' dir='ltr'>aut</span> <span class='ocrx_word' id='word_1_84' title='bbox 667 1247 839 1312; x_wconf 74' lang='lat' dir='ltr'>haberetur.</span> 
     </span>
    </p>

    <p class='ocr_par' dir='ltr' id='par_1_4' title="bbox 58 1328 988 2476">
     <span class='ocr_line' id='line_1_13' title="bbox 143 1328 984 1412; baseline -0.002 -20"><span class='ocrx_word' id='word_1_85' title='bbox 143 1331 207 1393; x_wconf 80' lang='lat' dir='ltr'>Sub</span> <span class='ocrx_word' id='word_1_86' title='bbox 228 1328 335 1412; x_wconf 84' lang='lat' dir='ltr'>Pepae</span> <span class='ocrx_word' id='word_1_87' title='bbox 355 1349 452 1410; x_wconf 91' lang='lat' dir='ltr'>reguo</span> <span class='ocrx_word' id='word_1_88' title='bbox 476 1328 605 1390; x_wconf 89' lang='lat' dir='ltr'>ostende</span> <span class='ocrx_word' id='word_1_89' title='bbox 619 1349 711 1388; x_wconf 89' lang='lat' dir='ltr'>unum</span> <span class='ocrx_word' id='word_1_90' title='bbox 724 1333 903 1411; x_wconf 87' lang='lat' dir='ltr'>episcopum</span> <span class='ocrx_word' id='word_1_91' title='bbox 927 1348 984 1390; x_wconf 94' lang='lat' dir='ltr'>suo</span> 
     </span>
     <span class='ocr_line' id='line_1_14' title="bbox 58 1413 986 1496; baseline -0.002 -21"><span class='ocrx_word' id='word_1_92' title='bbox 58 1413 163 1475; x_wconf 85' lang='lat' dir='ltr'>officio</span> <span class='ocrx_word' id='word_1_93' title='bbox 185 1414 373 1496; x_wconf 81' lang='lat' dir='ltr'>fungentem,</span> <span class='ocrx_word' id='word_1_94' title='bbox 396 1413 524 1474; x_wconf 89' lang='lat' dir='ltr'>ostende</span> <span class='ocrx_word' id='word_1_95' title='bbox 545 1432 640 1472; x_wconf 89' lang='lat' dir='ltr'>uuum</span> <span class='ocrx_word' id='word_1_96' title='bbox 662 1415 848 1493; x_wconf 82' lang='lat' dir='ltr'>concilium,</span> <span class='ocrx_word' id='word_1_97' title='bbox 871 1416 986 1493; x_wconf 89' lang='lat' dir='ltr'>inquo</span> 
     </span>
     <span class='ocr_line' id='line_1_15' title="bbox 61 1495 987 1580; baseline -0.002 -23"><span class='ocrx_word' id='word_1_98' title='bbox 61 1498 98 1558; x_wconf 90' lang='lat' dir='ltr'>de</span> <span class='ocrx_word' id='word_1_99' title='bbox 121 1497 214 1559; x_wconf 90' lang='lat' dir='ltr'>rebus</span> <span class='ocrx_word' id='word_1_100' title='bbox 235 1500 358 1580; x_wconf 90' lang='lat' dir='ltr'>pietatis</span> <span class='ocrx_word' id='word_1_101' title='bbox 387 1505 548 1557; x_wconf 78' lang='lat' dir='ltr'>tractatum</span> <span class='ocrx_word' id='word_1_102' title='bbox 572 1498 628 1577; x_wconf 86' lang='lat' dir='ltr'>sit,</span> <span class='ocrx_word' id='word_1_103' title='bbox 661 1515 699 1556; x_wconf 87' lang='lat' dir='ltr'>sc</span> <span class='ocrx_word' id='word_1_104' title='bbox 727 1516 791 1558; x_wconf 95' lang='lat' dir='ltr'>non</span> <span class='ocrx_word' id='word_1_105' title='bbox 813 1499 916 1576; x_wconf 91' lang='lat' dir='ltr'>potius</span> <span class='ocrx_word' id='word_1_106' title='bbox 949 1495 987 1556; x_wconf 92' lang='lat' dir='ltr'>de</span> 
     </span>
     <span class='ocr_line' id='line_1_16' title="bbox 58 1579 987 1662; baseline -0.003 -21"><span class='ocrx_word' id='word_1_107' title='bbox 58 1581 171 1662; x_wconf 76' lang='lat' dir='ltr'>palliis,</span> <span class='ocrx_word' id='word_1_108' title='bbox 194 1581 233 1641; x_wconf 91' lang='lat' dir='ltr'>de</span> <span class='ocrx_word' id='word_1_109' title='bbox 255 1581 425 1662; x_wconf 75' lang='lat' dir='ltr'>dignitate,</span> <span class='ocrx_word' id='word_1_110' title='bbox 448 1581 486 1640; x_wconf 92' lang='lat' dir='ltr'>de</span> <span class='ocrx_word' id='word_1_111' title='bbox 509 1581 651 1640; x_wconf 87' lang='lat' dir='ltr'>censibus</span> <span class='ocrx_word' id='word_1_112' title='bbox 698 1587 729 1639; x_wconf 91' lang='lat' dir='ltr'>et</span> <span class='ocrx_word' id='word_1_113' title='bbox 755 1581 821 1640; x_wconf 91' lang='lat' dir='ltr'>aiiis</span> <span class='ocrx_word' id='word_1_114' title='bbox 850 1579 987 1660; x_wconf 85' lang='lat' dir='ltr'>profanis</span> 
     </span>
     <span class='ocr_line' id='line_1_17' title="bbox 59 1663 982 1745; baseline -0.005 -21"><span class='ocrx_word' id='word_1_115' title='bbox 59 1666 171 1744; x_wconf 88' lang='lat' dir='ltr'>nugis,</span> <span class='ocrx_word' id='word_1_116' title='bbox 206 1683 285 1744; x_wconf 87' lang='lat' dir='ltr'>quse</span> <span class='ocrx_word' id='word_1_117' title='bbox 307 1665 431 1745; x_wconf 78' lang='lat' dir='ltr'>Spiritui</span> <span class='ocrx_word' id='word_1_118' title='bbox 461 1669 569 1724; x_wconf 83' lang='lat' dir='ltr'>sancto</span> <span class='ocrx_word' id='word_1_119' title='bbox 601 1664 732 1722; x_wconf 90' lang='lat' dir='ltr'>tribuere</span> <span class='ocrx_word' id='word_1_120' title='bbox 779 1663 836 1723; x_wconf 90' lang='lat' dir='ltr'>nisi</span> <span class='ocrx_word' id='word_1_121' title='bbox 856 1665 982 1723; x_wconf 81' lang='lat' dir='ltr'>insonus</span> 
     </span>
     <span class='ocr_line' id='line_1_18' title="bbox 61 1746 986 1828; baseline -0.002 -21"><span class='ocrx_word' id='word_1_122' title='bbox 61 1766 122 1808; x_wconf 92' lang='lat' dir='ltr'>non</span> <span class='ocrx_word' id='word_1_123' title='bbox 141 1751 260 1828; x_wconf 86' lang='lat' dir='ltr'>possit;</span> <span class='ocrx_word' id='word_1_124' title='bbox 283 1754 314 1809; x_wconf 90' lang='lat' dir='ltr'>et</span> <span class='ocrx_word' id='word_1_125' title='bbox 330 1747 528 1808; x_wconf 87' lang='lat' dir='ltr'>nihilominus</span> <span class='ocrx_word' id='word_1_126' title='bbox 543 1747 564 1805; x_wconf 91' lang='lat' dir='ltr'>ii</span> <span class='ocrx_word' id='word_1_127' title='bbox 587 1746 718 1806; x_wconf 85' lang='lat' dir='ltr'>eeclesia</span> <span class='ocrx_word' id='word_1_128' title='bbox 736 1754 894 1824; x_wconf 86' lang='lat' dir='ltr'>vocentur,</span> <span class='ocrx_word' id='word_1_129' title='bbox 918 1765 986 1805; x_wconf 85' lang='lat' dir='ltr'>curn</span> 
     </span>
     <span class='ocr_line' id='line_1_19' title="bbox 61 1828 988 1910; baseline -0.004 -18"><span class='ocrx_word' id='word_1_130' title='bbox 61 1849 168 1892; x_wconf 89' lang='lat' dir='ltr'>omnes</span> <span class='ocrx_word' id='word_1_131' title='bbox 191 1832 300 1892; x_wconf 91' lang='lat' dir='ltr'>saitem</span> <span class='ocrx_word' id='word_1_132' title='bbox 322 1832 367 1891; x_wconf 90' lang='lat' dir='ltr'>sic</span> <span class='ocrx_word' id='word_1_133' title='bbox 388 1832 525 1890; x_wconf 88' lang='lat' dir='ltr'>viventes</span> <span class='ocrx_word' id='word_1_134' title='bbox 548 1828 657 1910; x_wconf 90' lang='lat' dir='ltr'>perditi</span> <span class='ocrx_word' id='word_1_135' title='bbox 679 1831 739 1888; x_wconf 85' lang='lat' dir='ltr'>sint</span> <span class='ocrx_word' id='word_1_136' title='bbox 787 1837 819 1890; x_wconf 90' lang='lat' dir='ltr'>et</span> <span class='ocrx_word' id='word_1_137' title='bbox 839 1829 913 1889; x_wconf 88' lang='lat' dir='ltr'>nihii</span> <span class='ocrx_word' id='word_1_138' title='bbox 936 1831 988 1888; x_wconf 90' lang='lat' dir='ltr'>mi·</span> 
     </span>
     <span class='ocr_line' id='line_1_20' title="bbox 60 1912 987 1994; baseline -0.003 -20"><span class='ocrx_word' id='word_1_139' title='bbox 60 1931 232 1994; x_wconf 87' lang='lat' dir='ltr'>nusquam</span> <span class='ocrx_word' id='word_1_140' title='bbox 261 1915 401 1978; x_wconf 76' lang='lat' dir='ltr'>ecclesis,</span> <span class='ocrx_word' id='word_1_141' title='bbox 460 1915 572 1974; x_wconf 91' lang='lat' dir='ltr'>Verum</span> <span class='ocrx_word' id='word_1_142' title='bbox 595 1912 651 1972; x_wconf 93' lang='lat' dir='ltr'>sub</span> <span class='ocrx_word' id='word_1_143' title='bbox 678 1913 715 1972; x_wconf 92' lang='lat' dir='ltr'>iis</span> <span class='ocrx_word' id='word_1_144' title='bbox 738 1915 872 1974; x_wconf 86' lang='lat' dir='ltr'>servavit</span> <span class='ocrx_word' id='word_1_145' title='bbox 900 1931 987 1972; x_wconf 85' lang='lat' dir='ltr'>susm</span> 
     </span>
     <span class='ocr_line' id='line_1_21' title="bbox 60 1994 988 2078; baseline -0.004 -19"><span class='ocrx_word' id='word_1_146' title='bbox 60 1997 225 2059; x_wconf 74' lang='lat' dir='ltr'>ecclesiam</span> <span class='ocrx_word' id='word_1_147' title='bbox 240 2044 249 2078; x_wconf 87' lang='lat'><em>,</em></span> <span class='ocrx_word' id='word_1_148' title='bbox 283 1997 338 2058; x_wconf 91' lang='lat' dir='ltr'>scd</span> <span class='ocrx_word' id='word_1_149' title='bbox 371 2005 403 2057; x_wconf 94' lang='lat' dir='ltr'>ut</span> <span class='ocrx_word' id='word_1_150' title='bbox 432 2017 502 2073; x_wconf 35' lang='lat' dir='ltr'>non,</span> <span class='ocrx_word' id='word_1_151' title='bbox 529 1996 679 2057; x_wconf 89' lang='lat' dir='ltr'>diceretur</span> <span class='ocrx_word' id='word_1_152' title='bbox 712 1997 853 2060; x_wconf 87' lang='lat' dir='ltr'>ecclesia.</span> <span class='ocrx_word' id='word_1_153' title='bbox 904 1994 988 2072; x_wconf 75' lang='lat' dir='ltr'>Quot</span> 
     </span>
     <span class='ocr_line' id='line_1_22' title="bbox 61 2079 988 2162; baseline -0.003 -21"><span class='ocrx_word' id='word_1_154' title='bbox 61 2088 187 2142; x_wconf 85' lang='lat' dir='ltr'>sanctos</span> <span class='ocrx_word' id='word_1_155' title='bbox 208 2091 298 2162; x_wconf 87' lang='lat' dir='ltr'>putas</span> <span class='ocrx_word' id='word_1_156' title='bbox 321 2087 504 2142; x_wconf 89' lang='lat' dir='ltr'>exusserunt</span> <span class='ocrx_word' id='word_1_157' title='bbox 532 2087 564 2140; x_wconf 90' lang='lat' dir='ltr'>et</span> <span class='ocrx_word' id='word_1_158' title='bbox 585 2079 764 2141; x_wconf 90' lang='lat' dir='ltr'>occiderunt</span> <span class='ocrx_word' id='word_1_159' title='bbox 785 2082 847 2141; x_wconf 85' lang='lat' dir='ltr'>ism</span> <span class='ocrx_word' id='word_1_160' title='bbox 869 2079 988 2157; x_wconf 86' lang='lat' dir='ltr'>aliquot</span> 
     </span>
     <span class='ocr_line' id='line_1_23' title="bbox 60 2164 987 2244; baseline -0.003 -19"><span class='ocrx_word' id='word_1_161' title='bbox 60 2165 172 2225; x_wconf 90' lang='lat' dir='ltr'>seculis</span> <span class='ocrx_word' id='word_1_162' title='bbox 194 2165 252 2225; x_wconf 92' lang='lat' dir='ltr'>soii</span> <span class='ocrx_word' id='word_1_163' title='bbox 266 2166 295 2240; x_wconf 83' lang='grc' dir='ltr'>ι)</span> <span class='ocrx_word' id='word_1_164' title='bbox 325 2165 367 2224; x_wconf 88' lang='lat' dir='ltr'>iili</span> <span class='ocrx_word' id='word_1_165' title='bbox 390 2164 585 2244; x_wconf 87' lang='lat' dir='ltr'>inquisitores</span> <span class='ocrx_word' id='word_1_166' title='bbox 612 2164 785 2224; x_wconf 84' lang='lat' dir='ltr'>baereticae</span> <span class='ocrx_word' id='word_1_167' title='bbox 813 2164 987 2244; x_wconf 83' lang='lat' dir='ltr'>pravitatis,</span> 
     </span>
     <span class='ocr_line' id='line_1_24' title="bbox 61 2247 985 2328; baseline -0.002 -20"><span class='ocrx_word' id='word_1_168' title='bbox 61 2248 143 2309; x_wconf 81' lang='lat' dir='ltr'>velut</span> <span class='ocrx_word' id='word_1_169' title='bbox 164 2248 314 2310; x_wconf 86' lang='lat' dir='ltr'>Ioannem</span> <span class='ocrx_word' id='word_1_170' title='bbox 337 2247 469 2308; x_wconf 86' lang='lat' dir='ltr'>Hussum</span> <span class='ocrx_word' id='word_1_171' title='bbox 497 2255 527 2308; x_wconf 94' lang='lat' dir='ltr'>et</span> <span class='ocrx_word' id='word_1_172' title='bbox 554 2247 690 2328; x_wconf 82' lang='lat' dir='ltr'>similes,</span> <span class='ocrx_word' id='word_1_173' title='bbox 720 2266 850 2327; x_wconf 89' lang='lat' dir='ltr'>quorum</span> <span class='ocrx_word' id='word_1_174' title='bbox 879 2247 985 2307; x_wconf 88' lang='lat' dir='ltr'>seculo</span> 
     </span>
     <span class='ocr_line' id='line_1_25' title="bbox 60 2329 985 2393; baseline -0.002 -2"><span class='ocrx_word' id='word_1_175' title='bbox 60 2350 120 2392; x_wconf 93' lang='lat' dir='ltr'>non</span> <span class='ocrx_word' id='word_1_176' title='bbox 144 2331 271 2393; x_wconf 91' lang='lat' dir='ltr'>dubium</span> <span class='ocrx_word' id='word_1_177' title='bbox 284 2339 331 2392; x_wconf 87' lang='lat' dir='ltr'>est</span> <span class='ocrx_word' id='word_1_178' title='bbox 352 2330 466 2392; x_wconf 89' lang='lat' dir='ltr'>multos</span> <span class='ocrx_word' id='word_1_179' title='bbox 489 2332 571 2391; x_wconf 86' lang='lat' dir='ltr'>viros</span> <span class='ocrx_word' id='word_1_180' title='bbox 589 2340 713 2390; x_wconf 87' lang='lat' dir='ltr'>sanctos</span> <span class='ocrx_word' id='word_1_181' title='bbox 736 2332 852 2391; x_wconf 89' lang='lat' dir='ltr'>vixisse</span> <span class='ocrx_word' id='word_1_182' title='bbox 874 2329 985 2390; x_wconf 90' lang='lat' dir='ltr'>eodem</span> 
     </span>
     <span class='ocr_line' id='line_1_26' title="bbox 60 2415 406 2476; baseline 0.006 -2"><span class='ocrx_word' id='word_1_183' title='bbox 60 2415 190 2476; x_wconf 80' lang='lat' dir='ltr'>siritu?</span> <span class='ocrx_word' id='word_1_184' title='bbox 403 2426 406 2432; x_wconf 86' lang='lat'>&#39;</span> 
     </span>
    </p>

    <p class='ocr_par' dir='ltr' id='par_1_5' title="bbox 60 2434 991 3162">
     <span class='ocr_line' id='line_1_27' title="bbox 74 2434 987 2577; baseline -0.003 -17"><span class='ocrx_word' id='word_1_185' title='bbox 74 2434 94 2495; x_wconf 74' lang='lat' dir='ltr'>p</span> <span class='ocrx_word' id='word_1_186' title='bbox 143 2499 206 2560; x_wconf 84' lang='lat' dir='ltr'>Gur</span> <span class='ocrx_word' id='word_1_187' title='bbox 227 2516 290 2557; x_wconf 93' lang='lat' dir='ltr'>non</span> <span class='ocrx_word' id='word_1_188' title='bbox 311 2496 386 2557; x_wconf 92' lang='lat' dir='ltr'>iilud</span> <span class='ocrx_word' id='word_1_189' title='bbox 408 2498 510 2577; x_wconf 88' lang='lat' dir='ltr'>potius</span> <span class='ocrx_word' id='word_1_190' title='bbox 534 2497 661 2575; x_wconf 84' lang='lat' dir='ltr'>miraris,</span> <span class='ocrx_word' id='word_1_191' title='bbox 682 2496 820 2575; x_wconf 81' lang='lat' dir='ltr'>Eresme,</span> <span class='ocrx_word' id='word_1_192' title='bbox 842 2494 925 2576; x_wconf 92' lang='lat' dir='ltr'>quod</span> <span class='ocrx_word' id='word_1_193' title='bbox 949 2494 987 2557; x_wconf 88' lang='lat' dir='ltr'>eb</span> 
     </span>
     <span class='ocr_line' id='line_1_28' title="bbox 60 2579 987 2662; baseline -0.004 -20"><span class='ocrx_word' id='word_1_194' title='bbox 60 2583 181 2662; x_wconf 91' lang='lat' dir='ltr'>origine</span> <span class='ocrx_word' id='word_1_195' title='bbox 204 2579 308 2641; x_wconf 87' lang='lat' dir='ltr'>mundi</span> <span class='ocrx_word' id='word_1_196' title='bbox 338 2600 459 2660; x_wconf 89' lang='lat' dir='ltr'>semper</span> <span class='ocrx_word' id='word_1_197' title='bbox 487 2582 567 2640; x_wconf 88' lang='lat' dir='ltr'>iuter</span> <span class='ocrx_word' id='word_1_198' title='bbox 588 2587 698 2658; x_wconf 85' lang='lat' dir='ltr'>gentes</span> <span class='ocrx_word' id='word_1_199' title='bbox 727 2580 848 2640; x_wconf 85' lang='lat' dir='ltr'>suerunt</span> <span class='ocrx_word' id='word_1_200' title='bbox 883 2579 987 2640; x_wconf 89' lang='lat' dir='ltr'>excel·</span> 
     </span>
     <span class='ocr_line' id='line_1_29' title="bbox 60 2662 987 2743; baseline -0.002 -19"><span class='ocrx_word' id='word_1_201' title='bbox 60 2665 193 2726; x_wconf 85' lang='lat' dir='ltr'>lentiore</span> <span class='ocrx_word' id='word_1_202' title='bbox 214 2665 347 2743; x_wconf 88' lang='lat' dir='ltr'>ingenia,</span> <span class='ocrx_word' id='word_1_203' title='bbox 372 2666 470 2725; x_wconf 87' lang='lat' dir='ltr'>maior</span> <span class='ocrx_word' id='word_1_204' title='bbox 492 2662 642 2740; x_wconf 89' lang='lat' dir='ltr'>eruditio,</span> <span class='ocrx_word' id='word_1_205' title='bbox 665 2662 820 2723; x_wconf 79' lang='lat' dir='ltr'>ardentius</span> <span class='ocrx_word' id='word_1_206' title='bbox 843 2662 987 2740; x_wconf 85' lang='lat' dir='ltr'>studium,</span> 
     </span>
     <span class='ocr_line' id='line_1_30' title="bbox 60 2746 988 2827; baseline -0.002 -19"><span class='ocrx_word' id='word_1_207' title='bbox 60 2767 151 2827; x_wconf 91' lang='lat' dir='ltr'>quam</span> <span class='ocrx_word' id='word_1_208' title='bbox 174 2750 253 2808; x_wconf 90' lang='lat' dir='ltr'>iuter</span> <span class='ocrx_word' id='word_1_209' title='bbox 275 2747 464 2808; x_wconf 79' lang='lat' dir='ltr'>Christianos</span> <span class='ocrx_word' id='word_1_210' title='bbox 488 2747 536 2807; x_wconf 86' lang='lat' dir='ltr'>vei</span> <span class='ocrx_word' id='word_1_211' title='bbox 558 2747 690 2827; x_wconf 89' lang='lat' dir='ltr'>populos</span> <span class='ocrx_word' id='word_1_212' title='bbox 713 2747 781 2826; x_wconf 85' lang='lat' dir='ltr'>Dei,</span> <span class='ocrx_word' id='word_1_213' title='bbox 804 2749 882 2806; x_wconf 92' lang='lat' dir='ltr'>sicut</span> <span class='ocrx_word' id='word_1_214' title='bbox 904 2746 988 2807; x_wconf 85' lang='lat' dir='ltr'>Obri-</span> 
     </span>
     <span class='ocr_line' id='line_1_31' title="bbox 61 2829 987 2915; baseline -0.002 -25"><span class='ocrx_word' id='word_1_215' title='bbox 61 2829 169 2915; x_wconf 81' lang='lat' dir='ltr'>stus*)</span> <span class='ocrx_word' id='word_1_216' title='bbox 191 2833 259 2912; x_wconf 89' lang='lat' dir='ltr'>ipse</span> <span class='ocrx_word' id='word_1_217' title='bbox 281 2830 456 2910; x_wconf 89' lang='lat' dir='ltr'>confitetur,</span> <span class='ocrx_word' id='word_1_218' title='bbox 478 2831 690 2911; x_wconf 89' lang='lat' dir='ltr'>prudentiores</span> <span class='ocrx_word' id='word_1_219' title='bbox 705 2849 774 2891; x_wconf 92' lang='lat' dir='ltr'>esse</span> <span class='ocrx_word' id='word_1_220' title='bbox 795 2829 875 2912; x_wconf 84' lang='lat' dir='ltr'>filios</span> <span class='ocrx_word' id='word_1_221' title='bbox 898 2831 987 2891; x_wconf 90' lang='lat' dir='ltr'>huius</span> 
     </span>
     <span class='ocr_line' id='line_1_32' title="bbox 60 2913 991 2988; baseline 0 -15"><span class='ocrx_word' id='word_1_222' title='bbox 60 2916 156 2976; x_wconf 90' lang='lat' dir='ltr'>seculi</span> <span class='ocrx_word' id='word_1_223' title='bbox 177 2913 249 2975; x_wconf 91' lang='lat' dir='ltr'>fiiiis</span> <span class='ocrx_word' id='word_1_224' title='bbox 270 2914 370 2974; x_wconf 83' lang='lat' dir='ltr'>lucis?</span> <span class='ocrx_word' id='word_1_225' title='bbox 429 2913 504 2988; x_wconf 74' lang='lat' dir='ltr'>Quis</span> <span class='ocrx_word' id='word_1_226' title='bbox 527 2914 770 2975; x_wconf 79' lang='lat' dir='ltr'>Christianorum</span> <span class='ocrx_word' id='word_1_227' title='bbox 795 2915 843 2975; x_wconf 90' lang='lat' dir='ltr'>vel</span> <span class='ocrx_word' id='word_1_228' title='bbox 867 2913 919 2975; x_wconf 92' lang='lat' dir='ltr'>uni</span> <span class='ocrx_word' id='word_1_229' title='bbox 942 2913 991 2974; x_wconf 86' lang='lat' dir='ltr'>Oi·</span> 
     </span>
     <span class='ocr_line' id='line_1_33' title="bbox 61 2996 984 3079; baseline -0.003 -21"><span class='ocrx_word' id='word_1_230' title='bbox 61 3000 177 3079; x_wconf 87' lang='lat' dir='ltr'>ceroui,</span> <span class='ocrx_word' id='word_1_231' title='bbox 201 3006 235 3057; x_wconf 86' lang='lat' dir='ltr'>ut</span> <span class='ocrx_word' id='word_1_232' title='bbox 256 2996 393 3060; x_wconf 78' lang='lat' dir='ltr'>Graecos</span> <span class='ocrx_word' id='word_1_233' title='bbox 406 3005 536 3077; x_wconf 84' lang='lat' dir='ltr'>tecesm,</span> <span class='ocrx_word' id='word_1_234' title='bbox 558 2999 694 3078; x_wconf 77' lang='lat' dir='ltr'>ingenio,</span> <span class='ocrx_word' id='word_1_235' title='bbox 717 2997 898 3077; x_wconf 89' lang='lat' dir='ltr'>eruditione,</span> <span class='ocrx_word' id='word_1_236' title='bbox 922 2997 984 3056; x_wconf 88' lang='lat' dir='ltr'>dili·</span> 
     </span>
     <span class='ocr_line' id='line_1_34' title="bbox 61 3080 984 3162; baseline -0.005 -18"><span class='ocrx_word' id='word_1_237' title='bbox 61 3083 413 3162; x_wconf 84' lang='lat' dir='ltr'>gentia·comparuudus</span> <span class='ocrx_word' id='word_1_238' title='bbox 436 3080 504 3141; x_wconf 82' lang='lat' dir='ltr'>est?</span> <span class='ocrx_word' id='word_1_239' title='bbox 534 3080 615 3155; x_wconf 75' lang='lat' dir='ltr'>Quid</span> <span class='ocrx_word' id='word_1_240' title='bbox 635 3083 728 3160; x_wconf 90' lang='lat' dir='ltr'>igitur</span> <span class='ocrx_word' id='word_1_241' title='bbox 759 3081 914 3142; x_wconf 90' lang='lat' dir='ltr'>obstitisse</span> <span class='ocrx_word' id='word_1_242' title='bbox 943 3081 984 3139; x_wconf 92' lang='lat' dir='ltr'>di·</span> 
     </span>
    </p>
   </div>
   <div class='ocr_carea' id='block_1_3' title="bbox 62 3164 1103 3246">
    <p class='ocr_par' dir='ltr' id='par_1_6' title="bbox 62 3164 1103 3246">
     <span class='ocr_line' id='line_1_35' title="bbox 62 3164 1103 3246; baseline 0 -22"><span class='ocrx_word' id='word_1_243' title='bbox 62 3183 183 3246; x_wconf 88' lang='lat' dir='ltr'>cemus,</span> <span class='ocrx_word' id='word_1_244' title='bbox 208 3171 241 3225; x_wconf 91' lang='lat' dir='ltr'>ut</span> <span class='ocrx_word' id='word_1_245' title='bbox 261 3166 360 3225; x_wconf 90' lang='lat' dir='ltr'>nulius</span> <span class='ocrx_word' id='word_1_246' title='bbox 383 3164 505 3226; x_wconf 88' lang='lat' dir='ltr'>iliorum</span> <span class='ocrx_word' id='word_1_247' title='bbox 534 3165 572 3224; x_wconf 87' lang='lat' dir='ltr'>sd</span> <span class='ocrx_word' id='word_1_248' title='bbox 594 3166 724 3245; x_wconf 80' lang='lat' dir='ltr'>gretiam</span> <span class='ocrx_word' id='word_1_249' title='bbox 751 3166 911 3245; x_wconf 85' lang='lat' dir='ltr'>pervenire</span> <span class='ocrx_word' id='word_1_250' title='bbox 933 3182 987 3243; x_wconf 90' lang='lat' dir='ltr'>po·</span> <span class='ocrx_word' id='word_1_251' title='bbox 1098 3168 1103 3177; x_wconf 95' lang='grc'><strong>’</strong></span> 
     </span>
    </p>
   </div>
   <div class='ocr_carea' id='block_1_4' title="bbox 62 3248 1048 3503">
    <p class='ocr_par' dir='ltr' id='par_1_7' title="bbox 62 3248 1048 3503">
     <span class='ocr_line' id='line_1_36' title="bbox 62 3248 987 3328; baseline 0 -21"><span class='ocrx_word' id='word_1_252' title='bbox 62 3251 166 3328; x_wconf 88' lang='lat' dir='ltr'>tuerit,</span> <span class='ocrx_word' id='word_1_253' title='bbox 190 3249 243 3328; x_wconf 91' lang='lat' dir='ltr'>qui</span> <span class='ocrx_word' id='word_1_254' title='bbox 265 3256 348 3310; x_wconf 90' lang='lat' dir='ltr'>certe</span> <span class='ocrx_word' id='word_1_255' title='bbox 369 3248 496 3309; x_wconf 89' lang='lat' dir='ltr'>liberum</span> <span class='ocrx_word' id='word_1_256' title='bbox 515 3248 669 3309; x_wconf 87' lang='lat' dir='ltr'>arbitrium</span> <span class='ocrx_word' id='word_1_257' title='bbox 692 3250 818 3308; x_wconf 89' lang='lat' dir='ltr'>summis</span> <span class='ocrx_word' id='word_1_258' title='bbox 840 3266 987 3308; x_wconf 88' lang='lat' dir='ltr'>exercue-</span> 
     </span>
     <span class='ocr_line' id='line_1_37' title="bbox 62 3331 988 3410; baseline -0.001 -20"><span class='ocrx_word' id='word_1_259' title='bbox 62 3343 130 3393; x_wconf 88' lang='lat' dir='ltr'>runt</span> <span class='ocrx_word' id='word_1_260' title='bbox 151 3332 289 3394; x_wconf 80' lang='lat' dir='ltr'>viribus?</span> <span class='ocrx_word' id='word_1_261' title='bbox 341 3332 465 3393; x_wconf 83' lang='lat' dir='ltr'>Nullum</span> <span class='ocrx_word' id='word_1_262' title='bbox 498 3350 571 3392; x_wconf 92' lang='lat' dir='ltr'>vero</span> <span class='ocrx_word' id='word_1_263' title='bbox 598 3333 678 3392; x_wconf 88' lang='lat' dir='ltr'>inter</span> <span class='ocrx_word' id='word_1_264' title='bbox 708 3351 763 3392; x_wconf 92' lang='lat' dir='ltr'>eos</span> <span class='ocrx_word' id='word_1_265' title='bbox 791 3332 904 3410; x_wconf 83' lang='lat' dir='ltr'>fuisse,</span> <span class='ocrx_word' id='word_1_266' title='bbox 937 3331 988 3409; x_wconf 93' lang='lat' dir='ltr'>qui</span> 
     </span>
     <span class='ocr_line' id='line_1_38' title="bbox 63 3412 1048 3503; baseline -0.001 -29"><span class='ocrx_word' id='word_1_267' title='bbox 63 3433 183 3477; x_wconf 89' lang='lat' dir='ltr'>summo</span> <span class='ocrx_word' id='word_1_268' title='bbox 206 3417 307 3477; x_wconf 90' lang='lat' dir='ltr'>studio</span> <span class='ocrx_word' id='word_1_269' title='bbox 327 3417 367 3477; x_wconf 83' lang='lat' dir='ltr'>cd</span> <span class='ocrx_word' id='word_1_270' title='bbox 390 3419 548 3478; x_wconf 79' lang='lat' dir='ltr'>veritatem</span> <span class='ocrx_word' id='word_1_271' title='bbox 570 3416 771 3499; x_wconf 82' lang='lat' dir='ltr'>contenderit,</span> <span class='ocrx_word' id='word_1_272' title='bbox 794 3416 866 3503; x_wconf 82' lang='lat' dir='ltr'>quis</span> <span class='ocrx_word' id='word_1_273' title='bbox 876 3412 988 3475; x_wconf 86' lang='lat' dir='ltr'>audeat</span> <span class='ocrx_word' id='word_1_274' title='bbox 1043 3483 1048 3497; x_wconf 45' lang='lat'>‚</span> 
     </span>
    </p>
   </div>
   <div class='ocr_carea' id='block_1_5' title="bbox 278 3584 488 3594">
    <p class='ocr_par' dir='ltr' id='par_1_8' title="bbox 278 3584 488 3594">
     <span class='ocr_line' id='line_1_39' title="bbox 278 3584 488 3594; baseline -0.005 -1"><span class='ocrx_word' id='word_1_275' title='bbox 278 3584 488 3594; x_wconf 56' lang='grc' dir='ltr'>-μ-α-ι--ι</span> 
     </span>
    </p>
   </div>
   <div class='ocr_carea' id='block_1_6' title="bbox 67 3700 989 3833">
    <p class='ocr_par' dir='ltr' id='par_1_9' title="bbox 67 3700 989 3833">
     <span class='ocr_line' id='line_1_40' title="bbox 67 3700 989 3833; baseline -0.002 -75"><span class='ocrx_word' id='word_1_276' title='bbox 67 3787 112 3830; x_wconf 54' lang='lat' dir='ltr'><strong><em>m</em></strong></span> <span class='ocrx_word' id='word_1_277' title='bbox 132 3703 167 3833; x_wconf 58' lang='lat' dir='ltr'>pp</span> <span class='ocrx_word' id='word_1_278' title='bbox 186 3702 218 3758; x_wconf 93' lang='lat' dir='ltr'>In</span> <span class='ocrx_word' id='word_1_279' title='bbox 237 3702 280 3758; x_wconf 93' lang='lat' dir='ltr'>ed.</span> <span class='ocrx_word' id='word_1_280' title='bbox 301 3703 383 3760; x_wconf 83' lang='lat'>1526:</span> <span class='ocrx_word' id='word_1_281' title='bbox 402 3706 430 3759; x_wconf 90' lang='lat' dir='ltr'>et</span> <span class='ocrx_word' id='word_1_282' title='bbox 448 3702 509 3773; x_wconf 87' lang='lat' dir='ltr'>soli,</span> <span class='ocrx_word' id='word_1_283' title='bbox 528 3703 557 3759; x_wconf 91' lang='lat' dir='ltr'>in</span> <span class='ocrx_word' id='word_1_284' title='bbox 576 3703 620 3760; x_wconf 91' lang='lat' dir='ltr'>sd.</span> <span class='ocrx_word' id='word_1_285' title='bbox 632 3704 701 3761; x_wconf 79' lang='lat'>1525</span> <span class='ocrx_word' id='word_1_286' title='bbox 712 3701 806 3759; x_wconf 80' lang='lat' dir='ltr'>deest:</span> <span class='ocrx_word' id='word_1_287' title='bbox 826 3706 862 3759; x_wconf 90' lang='lat' dir='ltr'>et.</span> <span class='ocrx_word' id='word_1_288' title='bbox 890 3700 921 3772; x_wconf 81' lang='grc'>*)</span> <span class='ocrx_word' id='word_1_289' title='bbox 936 3701 989 3756; x_wconf 87' lang='lat' dir='ltr'>Lu·</span> 
     </span>
    </p>
   </div>
   <div class='ocr_carea' id='block_1_7' title="bbox 0 0 1186 4162">
    <p class='ocr_par' dir='ltr' id='par_1_10' title="bbox 0 0 1186 4162">
     <span class='ocr_line' id='line_1_41' title="bbox 0 0 1186 4162; baseline 0 0"><span class='ocrx_word' id='word_1_290' title='bbox 0 0 1186 4162; x_wconf 95' lang='lat' dir='ltr'> </span> 
     </span>
    </p>
   </div>
  </div>
 </body>
</html>
