2348 4162
273 249 311 307 ad
328 248 362 306 D.
382 246 526 306 Erasnurn
543 246 770 308 Rotarodamurn.
926 249 987 318 tw

57 424 191 485 aliorum
230 424 360 485 salutem
393 424 561 485 certissime
596 421 767 484 iudicamus
804 425 928 504 spiritus
958 431 988 486 et

57 506 210 588 dogmata
232 507 378 571 omnium.
430 507 499 569 Hoc
520 506 665 567 iudicium
696 512 742 567 eat
764 506 878 588 publici
901 509 987 569 mini-

58 588 145 652 sterii
166 591 197 650 in
222 590 317 651 verbo
340 597 371 651 et
394 588 486 650 officit
511 591 647 670 externi,
681 597 712 651 et
726 592 873 651 'maxima
894 593 987 672 perti·

60 681 114 734 net
137 672 178 734 ad
200 672 294 734 duces
317 681 347 735 et
370 690 541 753 praecones
564 671 658 752 verbi,
681 691 742 753 quo
766 675 892 756 utimur,
915 674 985 735 dum

46 757 198 835 ,infirmos
220 757 250 816 in
272 755 333 817 fide
366 756 551 817 roboramus
580 763 611 816 et
632 756 825 818 adversarios
849 756 986 819 confuta·
1048 828 1050 833 ,

59 858 137 900 mus.
198 840 267 900 Hoc
299 858 391 920 snpra
418 840 596 900 vocavimus
627 847 784 900 externam
813 839 987 920 Scripturae

58 927 189 982 sanctae
224 923 401 983 claritatem.
453 922 504 983 Sic
526 922 676 1000 dicimus,
710 923 866 1003 Scriptura
887 923 987 984 iudice

58 1022 170 1067 ornnes
199 1006 323 1084 spiritus
359 1007 389 1065 in
419 1004 497 1065 facie
525 1004 676 1067 ecclesiae
709 1026 777 1067 esse
799 1006 986 1086 probandos,

58 1107 131 1149 nam
155 1086 186 1147 id
210 1094 332 1169 oportet
354 1088 435 1169 apud
458 1087 649 1149 Christianos
677 1109 746 1151 esse
768 1091 916 1170 imprimis
939 1110 985 1151 ra-

57 1177 124 1232 tum
147 1180 241 1250 atque
264 1170 486 1248 firmissimum,
509 1170 680 1251 Scripturas
699 1179 822 1233 sanctas
850 1192 921 1234 assa
945 1174 985 1233 lu·

59 1273 127 1314 cern
150 1255 357 1334 spirituatem,
384 1257 453 1336 ipso
482 1253 549 1314 sole
577 1255 671 1335 longe
692 1256 869 1336 clariorem,
899 1276 985 1337 prae·

59 1338 163 1398 sertim
186 1338 282 1416 iniis,
305 1357 384 1418 quae
405 1338 558 1418 pertinent
580 1338 618 1398 ad
637 1339 765 1399 salutern
780 1339 828 1401 vel
851 1341 985 1401 necessi·

59 1427 165 1482 tatem.

142 1499 266 1581 Verum,
289 1505 360 1582 quia
373 1504 403 1562 in
421 1503 605 1564 contrarium
630 1506 767 1583 persuasi
785 1524 888 1565 sumus
910 1507 984 1566 iam·

60 1585 189 1666 dudum,
214 1587 368 1667 pestilenti
389 1586 443 1646 illo
467 1586 678 1666 Soplristarum
703 1587 814 1668 verbo,
843 1587 983 1668 Scriptu-

60 1688 107 1730 ras
141 1687 212 1730 ease
241 1668 388 1729 obscuras
420 1675 451 1730 et
478 1668 654 1748 ambiguas,
684 1670 823 1748 cogimur
854 1672 983 1750 primum

61 1751 192 1832 probare
223 1751 298 1812 illud
330 1754 428 1832 ipsum
462 1753 591 1832 primurn
626 1752 807 1832 principium
835 1759 984 1833 nostrum,

60 1853 120 1914 quo
142 1836 249 1896 omnia
271 1834 333 1895 alia
354 1833 515 1915 probanda
537 1840 616 1910 aunt,
639 1833 720 1914 quod
744 1834 825 1914 apud
848 1836 983 1916 philoso-

60 1917 136 1998 phos
160 1917 327 1979 absurdum
350 1925 382 1979 et
402 1917 592 1997 impossibile
615 1917 694 1977 factu
720 1919 879 1980 videretur.

140 2000 260 2061 Primus
281 2001 384 2062 Mosen
408 2001 481 2060 dicit
502 2001 610 2061 Dente.
635 2004 691 2064 17:
716 2000 746 2062 Si
770 2021 830 2081 qua
853 2001 983 2065 difficilis

59 2101 153 2145 causa
176 2083 326 2159 inciderit,
352 2103 420 2145 esse
443 2083 616 2144 adeundum
641 2080 764 2164 locum,
787 2104 877 2165 quem
901 2087 983 2147 Dens

59 2166 203 2248 elegisset
225 2167 256 2226 in
280 2186 390 2228 nomen
406 2186 504 2246 sunm,
527 2174 619 2246 atque
642 2169 848 2230 consulendos
870 2169 982 2231 ibidem

59 2249 260 2331 sacerdotes,
296 2252 346 2329 qni
378 2250 546 2311 secundum
573 2250 673 2330 legem
698 2251 819 2312 Domini
848 2253 983 2314 iudicare

59 2333 140 2394 illam
164 2330 307 2396 debeant.

139 2415 315 2477 Secundum
349 2415 449 2496 legem
480 2416 602 2476 Domini
635 2413 791 2497 (inquit),
826 2418 983 2495 quomodo

58 2505 159 2560 antem
183 2497 383 2578 iudicabunt,
407 2500 464 2558 nisi
488 2499 538 2558 lex
560 2499 683 2558 Domini
714 2499 752 2558 ait
774 2505 899 2569 externe
924 2490 1005 2560 ola-'

58 2583 188 2658 tissima,
213 2601 275 2662 qua
296 2582 353 2641 illis
376 2580 560 2643 satisfieret?
604 2581 727 2658 Alioqui
751 2581 825 2640 satis
848 2589 914 2642 erat
936 2583 982 2642 di-

59 2682 146 2746 cere,
176 2664 355 2726 iudicabunt
383 2664 549 2724 secundum
586 2664 723 2743 spiritum
752 2683 849 2725 suurn.
903 2663 982 2739 Quin

59 2749 101 2808 sic
122 2747 219 2809 habat
256 2750 287 2808 in
318 2749 399 2808 omni
434 2746 700 2807 administratione
732 2746 927 2828 populorum,
952 2756 984 2808 ut

59 2849 167 2893 omnes
200 2834 335 2892 omniurn
375 2849 486 2891 causae
528 2849 581 2910 per
619 2830 705 2910 leges
745 2839 982 2910 componantur.

59 2912 226 2989 Quomodo
248 2933 320 2978 vero
344 2914 488 2993 componi
511 2919 663 2995 possent,
694 2913 749 2972 nisi
773 2912 858 2994 leges
880 2921 985 2976 essent

60 2999 248 3058 certissimae
291 3003 323 3057 et
353 2998 420 3078 ipsa
442 2997 535 3075 plane
563 2996 677 3056 lumina
706 2996 736 3056 in
769 2997 908 3077 populo?
952 2998 982 3059 si

60 3082 137 3141 enirn
162 3080 249 3161 leges
272 3085 343 3139 sunl
369 3078 532 3158 ambiguae
555 3085 586 3138 et
606 3080 761 3152 incertae,
795 3101 858 3140 non
882 3082 981 3142 solum

60 3164 160 3224 nullae
184 3181 297 3223 causae
315 3161 541 3242 expedirentur,
565 3161 618 3221 sed
634 3180 691 3221 nec
713 3161 766 3220 ulli
790 3183 891 3224 mores
908 3167 982 3225 certi

60 3252 257 3323 constarent,
280 3265 348 3306 oum
371 3244 442 3306 ideo
465 3244 599 3305 ferantur
620 3244 728 3325 leges,
763 3253 795 3304 ut
817 3260 920 3307 mores
944 3246 983 3307 ad

60 3337 171 3390 certam
201 3329 330 3390 formam
355 3329 530 3408 regulentur
558 3334 589 3388 el
605 3345 765 3387 causarum
788 3331 984 3408 quaestiones

60 3412 253 3476 deliniantur.
292 3412 421 3491 Oportet
445 3430 518 3491 ergo
541 3411 582 3489 id,
605 3408 687 3489 quod
702 3410 829 3472 aliorum
855 3419 982 3472 metrum

60 3503 89 3556 ct
111 3515 256 3557 mensura
278 3502 346 3566 est,
381 3495 475 3554 multo
499 3494 699 3554 certissimum
730 3497 761 3551 at
783 3496 982 3556 clarissimum

60 3597 137 3659 esse,
162 3578 253 3657 quala
276 3586 323 3638 est
346 3579 414 3655 lex3
435 3576 518 3656 quod
542 3578 567 3636 ai
590 3595 627 3636 ea
649 3575 702 3634 lux
725 3581 755 3635 et
778 3579 927 3639 certitudo
941 3579 980 3639 le·

62 3680 130 3741 gum
152 3663 186 3722 in
208 3660 343 3742 profanis
355 3661 480 3741 politiis,
503 3659 553 3720 ubi
576 3659 614 3720 de
632 3661 850 3738 temporalibus
874 3664 983 3741 agitur,

61 3754 91 3806 et
113 3747 290 3806 necessaria
312 3750 360 3805 est
382 3752 411 3804 et
433 3744 535 3806 divino
573 3761 696 3803 munere
726 3744 904 3805 conceditur
927 3748 983 3806 toti

86 3863 178 3903 tanea
192 3874 244 3912 opp.
259 3863 286 3905 v.
301 3862 327 3901 a,
346 3861 374 3901 aa
388 3861 427 3900 ror.
447 3861 496 3900 arat.
510 3862 525 3900 r.
540 3872 561 3910 p.
577 3861 626 3901 vor.
640 3860 689 3902 vu.
863 3829 903 3893 12
