2348 4162
319 236 357 292 ad
376 237 410 293 D.
429 239 572 294 Erasmunr
593 237 816 295 Roterodamnrn.
969 238 1031 303 151

102 424 169 468 non
201 407 294 468 etiam
323 422 435 468 causas
467 409 639 468 memineris
663 409 694 469 el
724 406 852 468 dixeris:
875 407 934 469 Ubi
967 414 1030 468 tum
1119 480 1122 484 Ι

103 488 243 551 manebit
264 490 391 552 liberum
415 491 591 552 arbitrium?
634 488 677 552 Mi
698 490 846 571 Erasme,
868 491 978 552 iterum
1001 497 1032 552 et

104 591 166 653 ego
190 571 274 634 dico:
308 573 339 634 Si
361 574 440 635 haec
470 573 636 654 paradoxa·
663 573 748 633 ducis
777 573 933 634 hominum
962 592 1031 635 esse

102 657 243 735 invente,
266 656 340 736 qnid
351 657 539 719 contendis?
562 656 633 737 quid
651 656 792 717 aestuas?
815 663 1030 736 contraquam

105 737 210 803 dicis?
252 738 301 800 An
327 746 374 801 est
398 740 477 801 ullus
499 741 530 800 in
553 740 628 800 orbe
650 740 764 817 hodie,
792 741 843 818 qui
866 740 1031 802 vehemen-

104 823 167 899 tius
190 822 348 884 hominum
371 823 519 903 dogmata
542 824 581 885 sit
602 824 786 900 insectatus,
810 841 901 902 quam
923 823 1032 884 Luths·

104 904 183 967 rus?
233 905 329 982 igitur
351 907 425 967 nihil
448 906 487 967 sd
520 926 577 967 nos
600 907 659 966 ista
681 908 819 969 monitio.
875 906 906 967 Si
929 912 1031 967 autem

104 988 164 1049 Dei
191 991 286 1049 verba
306 1008 376 1050 esse
398 989 497 1052 orodis
520 1008 557 1050 ea
578 989 758 1070 paradoxa,
794 989 843 1050 ubi
868 996 914 1049 est
946 989 1031 1050 frons

106 1070 184 1132 tna?
206 1071 257 1133 ubi
279 1071 397 1152 pudor,
420 1071 485 1152 ubi,
508 1091 570 1134 non
599 1072 667 1133 dico
690 1074 766 1152 iam,
796 1072 948 1135 modestia
980 1071 1033 1133 illa

103 1154 239 1231 Erasmi,
262 1155 317 1216 sed
339 1157 430 1217 timor
457 1164 488 1216 et
517 1157 689 1217 reverentia
714 1156 783 1216 Deo
812 1175 886 1218 vero
909 1155 1032 1217 debita?

105 1238 159 1317 qui
179 1237 276 1313 dicis,
298 1238 373 1300 nihil
395 1239 529 1300 inutilius
553 1239 611 1299 dici
632 1258 727 1319 posse
752 1239 813 1300 hoc
835 1239 929 1301 verbo
952 1238 1032 1301 Dei?

104 1319 242 1399 Scilicet,
265 1320 393 1385 Creator
414 1328 482 1383 tuus
505 1342 523 1382 a
546 1328 575 1382 te
588 1328 728 1382 creatura
750 1342 806 1383 sua
828 1324 938 1397 discet,
960 1321 1032 1402 quid

104 1403 183 1464 utile
204 1409 236 1464 et
256 1405 362 1466 inutile
384 1407 424 1466 sit
444 1405 632 1486 praedicatu,
654 1405 811 1466 acstultus
833 1406 885 1466 ille
908 1405 958 1466 vel
979 1406 1032 1466 im·

104 1484 243 1568 prudens
265 1488 348 1549 Deus
370 1488 519 1549 hactenus
541 1489 698 1565 nescierit,
721 1489 793 1567 quid
817 1489 921 1549 doceri
944 1507 1032 1568 opor-

104 1574 188 1647 teat,
217 1569 317 1632 donec
356 1577 388 1632 tu
410 1573 556 1651 Magister
577 1573 642 1632 eius
665 1572 789 1632 modum
821 1572 864 1632 illi
887 1572 1034 1651 praescri·

104 1653 198 1716 beres
219 1654 359 1733 sapiendi
392 1661 423 1716 et
443 1655 625 1732 mandandi3
654 1656 740 1734 quasi
762 1656 828 1734 ipse
850 1656 1033 1735 ignorasset,

105 1736 166 1797 nisi
189 1741 222 1796 tu
245 1736 413 1819 docuisses,
436 1740 522 1818 sequi
544 1739 582 1799 ad
606 1737 666 1798 hoc
685 1738 878 1817 paradoxon,
901 1756 980 1817 quae
1002 1744 1034 1798 tu

104 1818 211 1884 infers.
254 1819 285 1881 si
308 1821 401 1901 igitur
421 1822 504 1883 Deus
527 1820 711 1883 taliavoluit
731 1820 833 1901 palam
857 1822 917 1882 dici
940 1821 1034 1881 etin·

105 1902 242 1983 vulgari,
264 1923 324 2046 spec
344 1907 495 1986 spectari,
519 1903 594 1984 quid
615 1910 813 1984 sequeretur,
846 1912 876 1965 tu
900 1904 968 1983 quis
990 1922 1033 1984 es,

128 1987 159 2046 ui
182 1992 269 2047 vetes

106 2005 128 2066 q
190 2069 306 2130 Paulus
329 2070 489 2150 apostolus
511 2073 542 2132 in
565 2068 699 2151 epistola
727 2069 767 2131 ad
788 2071 948 2131 Romanos
972 2088 1033 2130 non

105 2153 138 2214 in
162 2151 320 2234 angulum,
343 2153 399 2215 sed
421 2155 451 2213 in
465 2153 619 2235 publicum
643 2172 795 2216 accoram
821 2159 886 2215 toto
910 2152 1034 2233 mundo,

105 2233 265 2297 liberrimo
288 2255 359 2316 ore,
382 2237 489 2297 eadem
529 2239 621 2298 etiam
656 2235 826 2297 durioribus
858 2235 960 2297 verbis
982 2254 1035 2316 pa-

106 2318 171 2379 lam
183 2318 315 2397 disserit,
338 2317 498 2403 dicens*):
522 2320 606 2394 Quos
619 2319 693 2397 vult,
714 2319 851 2399 indurat,
874 2321 1036 2379 etiterum:

108 2402 193 2464 Deus
216 2401 326 2463 volens
365 2410 470 2464 notam
503 2403 605 2464 lacere
634 2404 709 2462 iram
733 2423 819 2463 suam
848 2408 906 2463 etc.
955 2399 1035 2477 Quid

108 2484 214 2546 durius
241 2486 313 2562 (sed
335 2484 433 2566 carni)
463 2487 516 2549 illo
540 2486 651 2547 Christi
678 2484 846 2566 verbo*⁰):
871 2485 958 2544 Multi
981 2503 1033 2544 vo-

108 2570 180 2647 cati,
203 2569 295 2649 pauci
318 2569 429 2630 electi?
466 2576 497 2630 et
517 2565 727 2645 iterum***):
761 2568 829 2648 Ego
859 2569 923 2628 scio
958 2585 1035 2646 quos

109 2651 269 2733 elegerim.
304 2651 426 2713 Scilicet
447 2652 525 2713 haec
547 2652 653 2714 omnia
670 2651 742 2711 talis
764 2658 842 2728 sunt,
866 2657 896 2710 te
918 2656 1035 2728 autore,

109 2741 142 2795 ut
164 2732 239 2793 nihil
263 2736 362 2813 possit
382 2735 518 2796 inutilius
542 2735 612 2813 dici,
634 2733 717 2814 quod
740 2733 884 2795 videlicet
904 2733 975 2793 hinc
996 2731 1036 2792 ad

108 2817 360 2897 desperationem
383 2825 413 2880 et
435 2819 540 2880 odium
569 2825 599 2878 et
620 2816 843 2897 blasphemiam
873 2814 1036 2897 prolaban·
1143 2836 1145 2841 ·

108 2907 158 2961 tur
179 2900 323 2961 homines
337 2901 438 2982 impii.

192 2982 262 3060 Hic,
285 2989 319 3044 ut
331 2985 433 3062 video,
456 2981 632 3063 Scripturas
643 2983 802 3044 veritatem
827 2991 857 3045 et
876 2982 1037 3044 utilitatem

108 3065 304 3148 pensandam
338 3073 369 3128 et
390 3065 585 3128 iudicandam
614 3084 683 3125 csse
717 3086 824 3127 censes
867 3065 1036 3128 secundum

107 3169 234 3211 sensum
248 3148 414 3227 hominum,
437 3168 605 3228 eorumque
619 3167 681 3209 non
695 3151 752 3210 nisi
774 3151 1037 3230 impiissimorum,

108 3239 153 3314 ut,
176 3232 259 3312 quod
282 3232 340 3293 illis
352 3233 502 3313 placuerit
512 3233 741 3308 veltolerabile
762 3232 854 3294 suerit
876 3234 984 3310 visum,
1005 3230 1037 3292 id

109 3316 234 3377 demum
258 3316 379 3398 verum,
400 3316 430 3377 id
455 3316 614 3392 divinum,
647 3315 677 3374 id
700 3316 833 3376 salutare
855 3317 917 3393 sit,
954 3312 1036 3394 quod

110 3405 232 3478 conns,
254 3398 286 3459 id
303 3418 376 3461 mox
397 3400 517 3482 inutile,
537 3399 647 3461 falsum
663 3407 693 3459 et
709 3401 926 3479 perniciosum.
956 3395 1036 3472 Quid

108 3484 174 3545 hoc
195 3480 326 3544 consilio
349 3484 470 3562 quaeris
484 3531 492 3563 ,
524 3484 583 3545 nisi
606 3490 638 3543 ut
676 3481 770 3545 verba
793 3483 848 3543 Dei
872 3479 1037 3562 pendeant,
1142 3498 1145 3503 ·

185 3751 215 3816 *ι
235 3749 315 3807 aem.
336 3751 361 3807 s.
399 3750 559 3821 cruam
578 3753 622 3810 ιο.
662 3749 726 3820 ιιι)
748 3747 844 3804 ronan.
864 3749 905 3805 12.
