2348 4162
557 247 663 305 suttae.
712 271 715 277 ·
1010 247 1050 312 71

122 417 196 478 tntis
218 436 342 497 semper
359 416 499 497 cupidae,
522 418 611 478 facile
626 418 841 498 amplectenda
853 416 1051 497 persuadent,

124 519 259 579 eamque
293 505 355 560 tum
390 501 421 560 in
452 500 658 562 damnationis
696 501 841 580 abyssum
875 499 1049 560 miserando

123 584 249 664 rapiunt
268 581 464 663 spectacu103
488 585 594 663 sicque
613 585 642 644 iu
658 583 828 644 doctrinam
847 582 1049 644 Lutberanam

123 667 263 727 seruntur
276 666 470 747 praecipites,
492 675 525 727 nt
538 666 682 746 quidquid
696 665 900 726 Lntlreranum
913 665 1050 741 audiunt,

121 767 198 810 mcx
212 749 453 829 Evangeliuw)
473 769 540 810 esse
555 756 672 829 putant,
694 749 840 829 quidquid
861 769 900 808 ex
916 748 1048 810 Luthero

122 851 186 894 nou
216 839 273 910 est,
295 833 335 892 ab
357 831 529 912 Evangelio
552 834 684 893 alienum
708 852 776 896 esse
798 832 991 894 arbitrantur.

206 915 338 975 Etcum
362 918 478 976 autoris
495 916 541 976 sui
566 915 733 976 doctrinam
757 915 896 996 plerique
910 921 964 974 aut
984 935 1047 979 nou
1121 978 1123 985 ,

122 997 256 1060 viderint
276 999 413 1075 omnino,
438 1006 489 1059 aut
512 1000 608 1059 visum
638 1000 762 1059 minime
785 998 967 1077 intelligant,
992 1018 1047 1076 pro

121 1101 160 1141 ea
189 1088 292 1142 tamen
322 1082 500 1160 asserenda,
529 1101 590 1141 nnn
620 1100 676 1160 pro
705 1082 831 1142 veritate
854 1081 988 1141 eruenda
1017 1082 1046 1140 in

123 1163 218 1225 ebriis
242 1161 560 1246 compotationibusb)
583 1167 662 1224 inter
683 1164 818 1244 scyphos
831 1184 935 1224 crassa
957 1165 1047 1222 insci·
1138 1236 1142 1245 .

121 1248 163 1306 tin
186 1254 218 1307 et
239 1248 455 1327 incompositis
489 1246 673 1309 clamoribus
695 1248 893 1328 pertinaciter
917 1246 1047 1325 digladi-

121 1336 221 1408 antur,
243 1330 361 1389 etiamsi
386 1331 529 1399 sentiant,
559 1349 617 1390 nec
638 1351 671 1390 se
705 1349 763 1390 nec
784 1330 861 1390 alios
885 1349 966 1390 nova
989 1329 1047 1390 bac

122 1413 319 1492 professione
341 1433 397 1474 sua
417 1413 466 1473 vel
489 1413 551 1494 pilo
574 1413 659 1472 reddi
677 1413 828 1489 meliores,
850 1414 912 1474 imo
936 1431 1047 1492 magna

124 1495 277 1574 peccandi
299 1494 421 1557 licentis
445 1497 546 1576 longe,
570 1516 660 1574 qnam
685 1503 777 1556 antea
799 1496 916 1568 fuerint,
940 1495 1047 1554 deteri-

122 1597 202 1641 ores.
248 1579 343 1638 Porro
374 1578 504 1658 Spiritus
527 1581 582 1640 Dei
611 1581 732 1659 patiens
761 1598 848 1638 umor
874 1587 920 1638 est
943 1578 1045 1658 benig-

121 1664 236 1741 nusc),
259 1661 340 1721 mitis
375 1670 406 1722 et
427 1662 574 1742 pacificus
597 1669 654 1736 est,
683 1661 743 1721 boc
764 1670 864 1720 antem
888 1660 1044 1721 bominum

121 1763 237 1824 genere
256 1744 330 1822 quid
346 1745 576 1825 impatientius?
600 1745 671 1823 quid
696 1743 892 1804 inimicitius?
914 1744 985 1820 qnid
999 1764 1045 1803 us-

121 1846 213 1906 quam
237 1827 492 1888 maledicentius?
515 1827 587 1907 qnid
606 1825 841 1888 tumultuosius?
865 1826 937 1905 qnid
961 1826 1046 1886 deni·

121 1929 182 1989 quc
204 1909 243 1969 ad
268 1911 407 1988 quamvis
431 1911 604 1973 iniuriolam
633 1909 932 1991 excandescentius?
962 1909 1047 1970 Haec

121 1991 172 2052 ubi
196 2000 277 2071 sunt,
300 1992 486 2054 divinnsille
508 1997 593 2073 pacis
616 2002 646 2054 et
665 1994 800 2055 veritatis
823 2011 910 2053 amor
923 1993 1046 2072 spiritus

121 2095 190 2136 esse
214 2077 318 2155 utique
341 2095 402 2136 nou
426 2085 538 2156 potest.

208 2158 252 2219 At
277 2157 352 2218 nibil
391 2178 518 2238 prorsus
547 2159 762 2238 ambigendum
797 2164 852 2236 est,
888 2158 1045 2219 criminum

123 2251 299 2301 nostrorum
310 2239 345 2323 d)
371 2243 708 2317 magnitudinetsntum
722 2261 934 2303 aerumnarum
957 2242 1047 2301 curri-

122 2324 225 2385 culum
248 2323 339 2385 uobis
360 2325 528 2405 invexisse,
557 2334 664 2405 utpote
687 2326 736 2404 qui
765 2325 841 2385 alias
870 2325 1045 2383 innumerus

122 2407 313 2468 calamitates
348 2409 539 2468 incessanter
573 2410 714 2488 patimur,
757 2409 892 2467 omnium
922 2406 1043 2466 demum

123 2491 386 2571 perniciosissimo
417 2492 508 2551 etiam
532 2492 593 2552 lroc
615 2491 771 2570 religionis
799 2489 924 2550 dissidio
953 2489 1046 2568 longe

125 2574 229 2634 durius
252 2592 272 2632 a
293 2573 426 2633 Domino
454 2573 639 2654 affligamur:
670 2575 821 2653 nimirum,
854 2573 957 2651 utqui
982 2591 1049 2641 cors,

123 2675 232 2736 porum
273 2658 459 2734 temporaria
492 2659 693 2738 castigatione
727 2675 787 2716 uon
827 2656 1045 2735 resipiscimus,

123 2739 248 2799 terribili
270 2739 404 2818 quidem,
427 2739 482 2800 sed
504 2742 584 2801 iusto
599 2741 655 2801 Dei
679 2738 791 2799 indicio
806 2737 959 2798 horrenda
983 2740 1044 2798 sni·

122 2842 238 2882 marum
263 2831 361 2882 morte
384 2821 515 2883 divinam
540 2843 662 2884 manum
687 2823 854 2883 sentiamus
887 2828 918 2881 et
938 2821 1045 2883 haere·

122 2902 240 2987 ticaee)
263 2903 410 2984 perfidiae
433 2925 554 2966 venenu
577 2904 675 2968 uecsti
698 2907 727 2966 in
742 2904 923 2984 profundum
947 2905 1043 2985 perdi-

122 2989 214 3049 tionis
238 2987 412 3050 barathrum
436 2989 650 3051 miserabiliter
673 2989 898 3066 provolvamur.

191 3333 220 3399 s)
244 3331 313 3387 Nasu
324 3329 459 3388 Lutbsrus
480 3332 547 3386 nibil
564 3333 624 3387 rius
643 3333 781 3386 constanti
797 3331 956 3401 Scripturas
968 3331 1044 3386 testi-

123 3403 214 3459 monio
235 3404 342 3459 asserit.
380 3401 414 3459 bl
436 3403 566 3472 Papistae
591 3410 683 3459 autem
707 3412 773 3458 suut
797 3403 880 3460 valde
904 3403 998 3465 sobrii,
1017 3410 1045 3457 et

125 3474 194 3530 casti
212 3482 249 3532 ct,
264 3475 341 3545 docti
360 3473 555 3545 inScriptnris,
594 3479 623 3542 c)
646 3475 723 3530 Sicut
743 3479 813 3530 haec
828 3474 910 3530 Bulla
934 3472 1043 3543 probat.

125 3545 153 3615 d)
173 3546 252 3611 Ques
271 3547 383 3602 tandem
409 3563 459 3603 uec
484 3547 563 3618 argui
592 3564 644 3602 nec
663 3546 804 3602 emendari
832 3547 967 3613 volumus,
993 3545 1043 3601 sed

125 3619 219 3686 taceri,
246 3618 290 3674 vet
309 3617 461 3674 maledicos
481 3619 629 3676 decernere
657 3625 686 3674 st
708 3618 825 3688 perdere
847 3633 903 3686 eos,
931 3617 978 3688 qui
1001 3633 1045 3671 ar-

126 3695 218 3760 guunt.
243 3693 287 3758 ‚el
309 3691 336 3744 A
356 3706 411 3758 quo
431 3693 482 3745 soti
500 3689 545 3746 isti
563 3690 675 3746 lenones
702 3694 856 3745 scortorum
874 3696 902 3746 et
918 3688 1043 3759 impiata·

126 3761 160 3816 tis
174 3759 336 3818 defensores
353 3761 430 3816 liberi
450 3768 514 3817 suut
528 3769 557 3818 et
569 3763 639 3818 alios
658 3761 741 3818 etism
763 3761 891 3824 liberant.
