2348 4162
210 269 274 337 282
457 270 501 329 De
520 288 603 330 serso
619 270 736 329 arbitrio
753 273 788 329 D.
806 272 843 330 lt
859 274 892 330 11.
970 302 981 359 ⁸.

206 444 267 504 lum
290 448 338 505 est
358 443 501 505 solatium
523 442 623 526 uobis,
643 445 702 505 nisi
725 444 807 524 quod
830 445 907 506 certi
926 462 1044 521 sumus,
1064 442 1130 503 fun·

207 527 383 588 dameutuui
413 529 466 588 [lei
500 527 619 588 firmum
655 533 752 605 stare,
784 528 904 589 habens
936 526 1129 608 signaculum

207 610 284 671 hoo:
317 611 457 688 Novit*)
480 609 632 672 Dominus
660 613 711 690 qni
738 619 809 672 sunt
829 614 912 689 eius,
946 620 978 671 et
999 608 1131 672 discedit

207 693 247 754 sb
279 695 443 774 iniquitate
475 695 586 774 omnis,
609 697 661 773 qui
688 697 815 757 invocat
846 714 961 757 nomen
995 693 1130 755 Domini.

114 814 121 827 ·
206 776 362 839 Hactenus
394 797 489 838 causa
520 783 551 837 et
579 777 718 839 efficacia
746 778 969 858 similitudinis,
1002 776 1130 851 scilicet,

207 860 289 940 quod
312 861 464 922 Dominus
486 861 568 922 norit
589 879 671 925 suos.
694 862 772 922 Tum
795 863 929 940 seqnitur
950 859 1130 939 similitudo,

206 944 333 1022 scilicet,
356 963 424 1006 esse
445 964 521 1005 vssa
542 944 672 1023 diversa,
695 945 756 1006 alia
777 947 808 1005 in
830 945 991 1024 honorem,
1015 943 1079 1004 alia
1099 942 1130 1003 iu

207 1028 440 1090 contumeliam·
477 1026 532 1089 His
559 1026 729 1089 absolvitur
758 1028 912 1105 doctrina,
947 1025 1032 1108 quod
1053 1044 1131 1087 vass

206 1130 268 1172 non
288 1130 322 1171 se
343 1113 412 1191 ipsa
432 1117 551 1191 parent,
575 1111 630 1171 sed
651 1112 753 1175 beros.
776 1111 845 1173 Hoc
858 1111 923 1172 vult
944 1117 976 1171 et
995 1110 1089 1172 Rom.
1100 1112 1130 1188 9,

206 1193 290 1273 qnod
311 1192 423 1274 figulus
445 1200 631 1274 potestatem
653 1194 748 1256 habet
768 1202 827 1257 eto.
870 1194 921 1257 Sic
942 1199 1006 1254 stat
1025 1193 1129 1253 simili-

205 1277 280 1337 tudo
302 1274 393 1339 Pauli
415 1277 646 1358 efficacissima,
668 1277 750 1358 quod
773 1278 897 1340 libertus
918 1276 1033 1338 arbitrii
1054 1276 1131 1337 nibil

112 1372 116 1377 '
205 1361 245 1421 eit
265 1379 368 1422 coram
391 1362 468 1424 Dec.

288 1445 362 1504 Post
392 1444 472 1505 haec
504 1445 643 1524 sequitur
664 1445 852 1506 exhortatio:
893 1443 926 1506 Si
958 1444 1027 1523 qais
1060 1460 1129 1504 sese

205 1527 436 1609 mundaveritl)
474 1528 513 1589 ab
539 1529 606 1588 istie
628 1535 687 1592 etc.
730 1527 818 1604 Quae
839 1526 910 1608 quid
933 1526 1057 1606 valeat,
1090 1544 1129 1587 ex

206 1631 299 1693 snpra
321 1609 409 1672 dictis
441 1612 515 1671 satis
537 1617 645 1671 notum
669 1616 726 1674 est.
769 1611 838 1673 Non
871 1611 953 1671 enim
981 1610 1129 1689 seqnitur,

204 1694 277 1755 ideo
300 1714 370 1755 sese
398 1713 492 1775 posse
513 1694 701 1775 emundare,
729 1696 792 1755 imo
821 1695 846 1755 si
875 1693 946 1772 quid
970 1692 1128 1773 probatur,

205 1777 352 1859 probatur
373 1778 500 1839 liberum
531 1778 689 1839 arbitrium
712 1797 782 1839 sese
806 1796 902 1858 posse
923 1775 1043 1855 absque
1063 1794 1129 1857 gra

205 1863 248 1921 tia
269 1861 445 1941 emundare,
470 1879 538 1921 cnm
561 1880 623 1922 non
638 1861 729 1943 dicat,
752 1863 777 1921 si
799 1880 889 1941 quem
911 1860 1012 1939 gratia
1026 1878 1129 1920 emnu·

206 1943 293 2023 darit,
318 1944 382 2024 sed,
405 1946 431 2004 si
453 1964 522 2006 sese
545 1944 728 2007 emundarit.
770 1945 817 2005 De
838 1942 939 2005 verbis
961 1943 1129 2003 autemim-

79 2084 82 2089 .
205 2029 350 2107 perstivis
388 2034 419 2088 et
452 2028 657 2089 coniunctivis
687 2027 809 2089 abunde
840 2027 1042 2104 dictumest,
1074 2042 1129 2087 nec

205 2109 371 2170 similitudo
395 2110 495 2171 verbis
519 2112 731 2189 coniunctium,
754 2111 809 2171 sed
829 2108 1129 2189 indicativisproier·

207 2198 270 2270 tur,
309 2200 341 2253 ut
364 2193 453 2254 electi
477 2199 508 2255 et
528 2194 651 2274 reprobi
674 2201 761 2269 sunt,
787 2196 831 2255 its
852 2212 929 2254 vasa
950 2192 1081 2253 honoris
1101 2196 1129 2252 at

207 2277 395 2356 ignominiae
416 2283 495 2338 sunt.
539 2277 674 2354 Summa,
696 2279 722 2338 si
742 2278 802 2338 isla
823 2276 922 2337 elusio
944 2275 1046 2356 valet,
1067 2281 1128 2336 tots

207 2359 371 2440 disputatio
394 2360 481 2421 Pauli
503 2360 577 2421 nibil
600 2361 699 2440 valet,
735 2360 846 2421 frustra
867 2360 948 2420 enim
969 2358 1128 2420 induceret

207 2448 434 2504 murmurantes
452 2443 599 2504 adversus
621 2443 748 2524 figulum
764 2445 873 2524 Deum,
895 2442 921 2502 si
944 2441 1038 2523 culpa
1051 2442 1125 2503 vasis

207 2532 237 2586 et
258 2546 320 2587 non
343 2527 428 2608 figuli
451 2547 520 2588 esse
542 2525 711 2604 videretur3
749 2528 816 2607 quia
848 2526 930 2587 enim
954 2530 1126 2601 murmuret,

206 2611 231 2670 si
254 2609 358 2670 audiat
379 2610 517 2671 damnari
539 2610 666 2689 dignum
688 2608 911 2671 damnatione?

288 2693 426 2754 Alterum
459 2693 622 2755 absurdum
652 2694 771 2772 colligit
799 2689 978 2754 aDomina
998 2692 1126 2833 rationq

181 2797 286 2855 quae
307 2776 417 2837 dicitur
438 2777 581 2857 bumana,
604 2776 756 2855 videlicet,
780 2775 862 2856 quod
884 2793 946 2835 nou
972 2776 1056 2853 vasi,
1077 2792 1109 2834 sa

206 2860 301 2940 figulo
324 2861 364 2921 sit
385 2861 607 2939 imputandum,
629 2861 808 2940 praesertim
832 2878 900 2919 cum
923 2856 997 2919 talis
1019 2856 1125 2939 figulus

206 2946 259 3023 sit,
298 2944 349 3022 qui
383 2949 467 3004 creet
494 2945 593 3025 ipsum
619 2942 715 3004 lutum
737 2950 767 3004 et
789 2947 947 3022 temperet.
992 2941 1052 3002 Hic
1073 2938 1126 3024 (sit

206 3025 355 3109 diatriba)
389 3046 443 3087 vae
477 3026 638 3087 coniicitur
658 3027 690 3088 in
712 3028 815 3107 ignem
837 3032 1015 3103 aeternum,
1048 3019 1124 3104 quod

206 3110 281 3170 nibil
304 3111 494 3190 commeruit,
514 3111 572 3171 nisi
595 3108 678 3189 quod
700 3129 762 3171 non
784 3110 830 3170 sui
852 3109 925 3170 iuris
948 3116 1005 3170 est.

287 3193 446 3273 Nusquam
468 3213 502 3254 se
522 3194 656 3273 apertius
677 3192 779 3274 prodit
802 3191 942 3267 diatriba,
963 3189 1125 3275 quamboc

205 3276 287 3337 loco.
329 3275 426 3336 Audis
449 3277 529 3337 enim
550 3277 601 3337 hic
635 3276 702 3337 sliis
725 3275 846 3356 quidem
866 3274 978 3351 verbis,
1001 3273 1058 3334 sed
1079 3290 1123 3333 ec

206 3359 275 3420 dem
298 3379 391 3420 sensu
413 3358 488 3442 dici,
521 3359 605 3439 quod
626 3359 741 3421 Paulus
773 3359 876 3419 dicere
906 3358 981 3418 lacit
1003 3357 1123 3439 impios:

207 3441 287 3519 Quid
309 3442 467 3523 queritur?
510 3443 669 3503 Voluntati
697 3444 761 3503 eius
786 3443 853 3522 quis
875 3440 1022 3503 resistet?
1063 3438 1123 3501 flos

207 3534 254 3587 est
274 3526 367 3606 illud,
389 3524 472 3606 quod
493 3527 572 3587 ratio
594 3544 696 3606 neque
718 3545 830 3608 capere
852 3542 952 3604 neque
973 3523 1054 3586 tcrrs
1075 3538 1121 3603 pc

279 3778 310 3849 ¹¹)
331 3779 357 3836 2.
375 3777 444 3836 Tim
463 3780 489 3837 2.
527 3779 559 3849 1)
577 3779 609 3835 In
627 3777 671 3836 ed.
690 3778 761 3836 Ian:
782 3776 983 3836 emundaverit
