2348 4162
280 280 317 337 ad
335 282 369 336 l).
388 248 533 338 &samum
550 280 775 338 Roterodamum.
926 278 990 349 283
1071 232 1078 245 ι

62 445 138 521 lest
153 441 221 505 ‚hoo
243 439 370 503 offendit
391 445 438 502 tot
459 441 542 500 viros
564 439 753 501 excellentes
773 440 915 522 ingenio,
943 447 990 503 tot

62 525 179 587 seculis
190 528 343 607 receptos.
385 522 444 583 Hic
457 522 665 603 expostulant,
687 529 720 583 ut
733 524 815 584 Dens
839 531 911 606 agat
924 526 990 587 iure

20 604 25 613 '
63 610 201 670 humano
238 615 269 670 et
290 607 399 686 iaciat,
430 606 512 686 quod
533 607 607 686 ipsis
629 613 744 667 rectum
767 607 904 684 videtur,
937 614 991 670 aut

63 693 150 754 Deus
188 711 257 753 asse
291 690 420 752 desinat.
478 688 561 749 Nihil
592 689 635 749 illi
669 690 838 770 profuerint
871 697 990 752 secreta

65 776 255 853 maiestatis,
287 774 439 838 rationem
461 771 587 851 reddat,
621 791 716 852 quare
743 774 783 834 sit
805 774 906 853 Deus,
938 780 1016 860 aut,
1069 841 1071 845 ,

64 878 164 938 quare
186 859 259 920 velit
280 863 334 918 aut
354 857 456 933 faciat,
480 855 563 935 quod
583 855 696 917 nullam
710 858 843 937 speciem
855 857 990 918 iustitiae

64 942 197 1019 habeat,
234 961 272 1002 ao
304 942 330 1000 si
352 946 487 1000 sutorem
510 945 562 1000 aut
584 941 740 1001 zonarium
762 959 854 1020 roges
875 939 989 1002 iudicio

63 1044 101 1086 se
121 1026 241 1087 sistere.
283 1025 353 1085 Non
378 1023 519 1102 dignatur
540 1023 638 1083 Deum
669 1042 741 1084 caro
775 1023 874 1104 gloria
894 1027 991 1102 tanta,

63 1114 100 1170 ut
122 1108 238 1188 credat,
259 1109 373 1168 iustum
396 1125 465 1166 esse
487 1113 520 1166 et
541 1106 667 1184 bonum,
690 1107 762 1167 dum
785 1127 877 1188 supra
899 1112 929 1167 et
946 1107 988 1166 ul-

64 1198 113 1252 tra
134 1191 209 1252 dicit
230 1197 269 1251 et⁴
289 1190 376 1270 iacit,
409 1207 500 1268 quam
535 1189 672 1250 definivit
693 1189 804 1253 Codex
834 1190 990 1251 lastiniani

62 1275 114 1336 vel
136 1275 259 1354 quintus
280 1273 358 1335 liber
378 1273 556 1334 Ethicorum
579 1272 762 1334 Aristotelis.
806 1274 904 1334 Cedat
925 1293 990 1334 ma-

63 1360 160 1419 iestas
185 1358 318 1419 creatrix
340 1357 476 1417 omnium
499 1355 578 1416 faeci
599 1357 652 1415 uni
674 1362 833 1418 creaturae
855 1376 938 1437 suae,
960 1366 991 1418 et

64 1440 216 1522 Corycius
249 1440 302 1501 ills
324 1457 435 1520 specus
459 1444 576 1499 metuat
597 1458 687 1500 versa
708 1441 776 1500 viee
798 1446 990 1519 spectatores

64 1542 149 1586 suos.
193 1523 288 1604 Igitur
309 1522 472 1584 absurdum
495 1526 552 1600 est,
574 1528 608 1582 ut
629 1522 754 1583 damnet
776 1542 856 1602 eum,
878 1524 928 1602 qui
949 1525 990 1584 vi-

64 1613 132 1669 tare
164 1625 227 1669 non
250 1612 354 1687 potest
385 1606 524 1666 meritum
548 1604 770 1685 damnationis,
804 1612 835 1666 et
866 1612 992 1686 propter

63 1692 145 1752 banc
167 1689 386 1753 absurditatem
408 1687 518 1749 falsum
541 1706 610 1749 esse
632 1694 768 1769 oportet,
802 1688 883 1767 quod
907 1690 990 1750 Deus

64 1775 151 1834 cuius
174 1773 242 1836 vult
274 1773 448 1851 miseretur,
481 1790 571 1851 quem
595 1771 660 1832 vult
681 1771 811 1852 indurat,
834 1771 887 1832 sed
911 1772 989 1832 redi-

63 1857 185 1938 gendus
207 1858 306 1917 estin
329 1853 478 1933 ordinem,
501 1859 533 1915 et
553 1854 811 1934 praescribendae
826 1856 869 1915 illi
891 1854 988 1936 leges,

64 1948 97 2001 ut
119 1958 183 2000 non
207 1940 332 2001 damnet
354 1956 554 2018 quemquam,
588 1936 646 1999 nisi
674 1941 725 2018 qui
747 1947 854 2000 nostro
876 1939 990 2000 iudicio

63 2022 94 2083 id
119 2021 290 2101 meruit1).
334 2021 385 2084 Sic
417 2027 465 2082 est
496 2020 683 2083 satisfactum
706 2022 801 2083 Paulo
837 2041 906 2082 cnm
935 2042 991 2082 sua

63 2105 280 2186 similitudine,
302 2105 435 2182 scilicet,
457 2110 490 2165 ut
510 2105 593 2164 illam
616 2112 742 2166 revocet
763 2110 794 2165 et
815 2107 895 2166 sinat
917 2106 989 2166 nihil

63 2190 181 2268 valere,
203 2188 258 2249 sed
281 2190 325 2249 sic
347 2192 511 2269 temperet,
535 2187 619 2267 quod
640 2188 751 2269 figulus
774 2188 824 2249 hio
846 2191 896 2266 (ut
929 2189 990 2250 dia·

62 2273 144 2334 tribe
176 2272 410 2352 interpretatur)
434 2271 507 2331 lacit
540 2289 595 2331 vas
629 2272 660 2331 in
684 2272 918 2351 contumeliam,
951 2292 990 2334 ex
1059 2316 1065 2328 .

62 2356 180 2418 meritis
197 2354 469 2436 praecedentibus,
493 2354 572 2413 sicut
593 2351 727 2415 Iudaeos
750 2355 900 2433 quosdam
923 2356 989 2416 reii-

63 2441 105 2501 cit
135 2438 176 2502 ob
208 2437 469 2516 incredulitatem,
511 2445 620 2516 gentes
652 2438 778 2518 suscipit
811 2438 851 2500 ob
887 2437 989 2503 fidem.

64 2522 180 2583 Verum
203 2522 229 2583 si
252 2522 297 2581 sic
319 2526 464 2601 operatur
485 2520 578 2600 Deus,
602 2525 636 2580 ut
655 2522 763 2581 merita
785 2526 914 2603 spectet,
937 2541 990 2583 our

61 2605 106 2666 illi
128 2609 320 2666 murmurant
352 2611 383 2664 et
406 2602 625 2684 expostulanti
668 2603 730 2664 Our
762 2603 882 2685 dicunt,
916 2605 988 2684 quid
1068 2612 1071 2617 '

62 2687 221 2768 queritur?
254 2687 321 2767 quis
354 2686 504 2749 voluntati
539 2687 604 2746 eius
630 2687 767 2747 resistit?
809 2687 887 2763 Quid
911 2707 989 2769 opus

62 2772 160 2834 Paulo
184 2788 382 2852 compescere
403 2769 494 2830 illos?
537 2769 612 2844 Quis
646 2772 726 2830 enim
749 2771 889 2852 miratur,
925 2791 988 2833 non

63 2854 177 2934 dicam,
200 2854 376 2935 indignatur
407 2861 463 2914 aut
483 2853 676 2933 expostulat,
710 2855 735 2913 si
774 2856 841 2935 quis
863 2856 988 2916 meritus

62 2937 248 2999 damnetur?
291 2936 409 2998 Deinde
442 2935 494 2997 ubi
526 2943 632 2997 manet
653 2943 790 3018 potestas
812 2937 897 3019 figuli
918 2939 989 3000 faoi·

63 3021 146 3103 endi,
169 3020 253 3101 quod
275 3020 349 3098 vult,
370 3021 396 3080 si
417 3019 532 3079 meritis
554 3026 586 3081 et
607 3020 725 3100 legibus
749 3021 902 3082 subiectus
925 3041 987 3084 non

61 3106 172 3166 sinitur
192 3104 303 3184 facere,
326 3102 409 3182 quod
431 3102 507 3181 vult,¹
528 3101 581 3163 sed
605 3105 737 3183 exigitur
757 3104 876 3183 lacere,
906 3106 988 3186 quod

63 3187 176 3267 debet,
216 3192 337 3267 pugnat
360 3187 441 3248 euim
462 3192 621 3266 respectus
642 3186 820 3248 meritorum
844 3206 912 3248 cum
935 3208 988 3269 po·

60 3276 174 3333 testate
199 3290 237 3332 ac
262 3269 404 3331 libertate
425 3268 557 3333 faciendi
581 3269 664 3348 quod
688 3270 766 3350 vult,
789 3277 822 3329 ut
842 3270 895 3330 ille
916 3291 988 3351 prc-

60 3353 115 3419 bat
135 3350 366 3435 paterfamilias,
387 3354 439 3432 qui
457 3352 606 3434 operariis
619 3352 875 3414 murmurantibus
899 3363 929 3412 et
941 3357 987 3414 ius
1084 3402 1087 3407 .

60 3436 291 3518 postulantibus
315 3438 462 3517 opposuit
482 3434 652 3496 libertatem
677 3436 844 3496 voluntatis
873 3436 904 3496 in
925 3438 986 3497 suis
1087 3460 1090 3467 ·

59 3521 162 3585 bonis.
204 3520 292 3583 Haec
313 3527 400 3601 sunt,
430 3537 510 3600 quae
531 3516 676 3580 diatribes
697 3520 833 3600 glossam
860 3539 928 3601 non
951 3521 988 3582 si·

61 3610 139 3666 nunt
160 3604 271 3666 valere.
804 3624 807 3629 ·

132 3784 216 3853 1)·-1ιι
232 3784 275 3842 sd.
295 3785 366 3844 1525
384 3785 500 3844 etlam:
519 3785 656 3844 meruerit.
751 3806 754 3817 ·
