2348 4162
281 250 318 304 ad
337 251 367 304 D.
388 251 529 305 Erasmum
548 251 772 307 Roterodamum.
924 249 987 317 347
1048 256 1050 261 ’

66 424 100 485 iit
129 442 204 485 vero
235 428 372 485 nostrum
395 421 561 486 nascendo.
605 422 665 485 Sed
687 425 747 485 hao
769 424 806 485 de
827 444 861 486 re
875 423 902 499 ¹)
927 425 986 486 dis-

10 580 13 589 ·
65 506 234 587 putandum
263 507 350 570 alias.
393 507 488 588 Igitur
515 508 613 587 ipsum
644 507 792 588 originale
828 515 987 588 peecatum

68 590 196 652 libemm
219 589 374 651 arbitrium
402 609 526 672 prorsus
548 591 622 651 nihil
650 591 721 652 sinit
743 609 835 671 posse
859 610 987 672 peceare

66 679 97 735 et
118 674 267 738 damnari.
691 708 696 719 κ
766 711 771 719 -

148 757 223 835 Ista,
246 758 385 837 inquam,
408 763 587 837 argumenta
609 763 786 836 praetereo,
822 758 903 836 quod
927 760 988 820 rint

65 842 260 923 apertissima
281 846 312 901 et
335 837 563 919 robustissima,
588 846 650 900 tum
675 841 756 920 quod
780 841 917 902 nonnihil
940 863 987 902 su·

65 925 167 1006 perine
201 923 308 985 dehis
330 923 469 983 diximus.
514 922 647 998 Quodsi
670 926 790 1003 omnia,
813 942 892 1004 quae
913 925 985 986 libe-

64 1028 130 1068 rum
147 1006 504 1088 arbitriumfsnbvertunt,
526 1025 688 1068 recensere
701 1008 850 1068 vellemne
872 1009 903 1068 in
916 1009 985 1068 solo

64 1090 179 1171 Paulo,
216 1090 290 1151 nihil
312 1090 421 1150 melius
443 1090 628 1168 faceremus,
660 1110 751 1175 quam
785 1097 816 1150 ul
839 1098 987 1172 perpetuo

65 1175 286 1236 commentario
314 1179 411 1234 totum
435 1173 561 1234 Paulum
585 1179 855 1256 tractaremus,.et
876 1176 906 1235 in
929 1177 987 1235 sin·

64 1258 145 1339 gulis
168 1277 267 1337 paene
295 1256 396 1318 verbis
426 1264 666 1317 monstraremus
689 1259 875 1318 confutatam
901 1257 987 1319 liberi

63 1340 180 1401 arbitrii
201 1342 262 1401 vim
286 1339 365 1401 adeo
387 1341 542 1417 iactatam,
565 1340 822 1419 quemadmodum
845 1343 905 1402 iam
929 1341 987 1402 ieei

63 1424 93 1484 in
115 1423 179 1483 hoo
201 1425 228 1488 3.
252 1430 282 1484 et
295 1425 324 1488 4.
338 1423 456 1503 Capite.
502 1423 589 1499 Quae
611 1423 681 1485 ideo
698 1425 888 1503 potissimum
911 1432 987 1485 trae

63 1507 143 1578 tavi,
176 1512 209 1566 ut
241 1507 434 1568 oscitantiam
458 1508 594 1567 omnium
621 1513 759 1567 nostrum
783 1507 987 1585 ostenderem,

62 1586 255 1668 quiPaulum
278 1589 472 1669 siolegimus,
496 1596 528 1649 ut
552 1589 737 1649 nihilminus
759 1591 789 1650 in
813 1591 858 1650 his
882 1591 986 1651 elaris·

63 1672 149 1733 simis
170 1672 249 1733 loeis
269 1672 452 1752 videremus,
474 1691 566 1751 qnam
588 1672 666 1733 haee
687 1673 875 1734 validissimo
897 1693 988 1753 argu·

64 1760 169 1815 manta
190 1761 298 1817 eontra
320 1754 447 1817 liberum
470 1755 636 1831 arbitrium,
661 1762 692 1816 et
714 1756 931 1816 confidentiam
954 1756 986 1816 il-

63 1838 125 1898 lam
139 1840 304 1899 autoritate
316 1843 347 1898 et
358 1839 479 1919 seriptis
497 1844 633 1899 veterum
660 1838 819 1900 doctorum
842 1841 988 1900 nitentem

61 1920 195 1982 lneerem
218 1921 360 2001 stultam,
383 1921 534 2000 simulque
555 1922 752 2002 cogitandum
776 1923 987 2001 relinquerem,

63 2002 137 2083 qnid
155 2004 274 2065 foetura
295 2005 355 2065 sint
378 2011 557 2086 argumenta
579 2005 630 2065 illa
646 2007 847 2086 apertissima,
870 2008 895 2065 si
917 2025 984 2066 eum

65 2085 225 2167 diligentia
246 2093 276 2147 et
297 2088 411 2149 iudioio
435 2095 646 2150 tractarentur.

146 2170 216 2250 Ego
239 2169 278 2231 de
305 2190 354 2231 me
376 2170 464 2252 dieo,
500 2172 698 2232 vehementer
719 2173 868 2249 admiror,
905 2174 986 2253 quod

63 2271 133 2313 anm
155 2253 267 2314 Paulus
298 2255 390 2315 toties
419 2258 520 2313 utatur
542 2255 700 2315 vocabulis
728 2257 787 2316 illis
810 2257 985 2317 universali-

64 2335 133 2397 bus:
178 2335 304 2415 Omnes,
326 2336 444 2413 Nullus,
467 2335 549 2415 Non,
573 2336 741 2416 Nusquam,
766 2338 846 2415 Sine,
869 2347 901 2398 ut
916 2338 986 2399 Om-

64 2438 119 2480 nes
143 2418 390 2496 deolinaverunt,
423 2419 492 2479 Non
517 2427 564 2480 est
584 2420 681 2481 iustus
705 2423 882 2501 qnisquam,
916 2422 985 2482 Non

64 2504 183 2582 estqui
217 2503 313 2564 faeiat
339 2501 470 2580 bonum,
505 2522 563 2563 neo
591 2523 669 2563 unus
704 2504 843 2583 quidem,
871 2504 986 2565 Omnes

63 2586 152 2646 nnius
175 2585 287 2647 delioto
309 2592 489 2666 peaeatores
513 2591 544 2646 et
565 2584 699 2646 damnati
722 2590 800 2666 sunt,
823 2588 897 2647 Fide
920 2589 987 2649 sine

64 2668 152 2749 lege,
187 2669 254 2729 sine
276 2668 421 2749 operibus
443 2667 657 2746 iustificamur,
690 2676 724 2730 ut
752 2673 777 2729 si
799 2671 886 2730 aliter
907 2672 986 2749 quis·

62 2752 144 2831 piam
166 2752 265 2832 velit,¹
294 2771 357 2813 non
380 2752 486 2832 poisat
520 2757 622 2812 tamen
652 2752 762 2813 elarius
791 2759 821 2813 et
852 2754 986 2833 apertius

63 2834 157 2916 loqui,
180 2836 295 2912 miror,
317 2837 463 2915 inquam,
490 2835 540 2913 qui
562 2836 675 2896 fautum
698 2837 754 2914 sit,
786 2841 819 2896 ut
840 2835 986 2896 adversus

62 2916 117 2979 has
145 2918 333 2978 universales
362 2935 455 2978 voees
495 2924 525 2977 et
560 2919 727 2980 sententias
760 2920 987 2999 praevaluerint

62 3003 252 3076 eontrariae,
294 3002 357 3062 imo
398 3000 672 3078 contradiotoriae,
706 3002 838 3063 scilieet:
883 3002 986 3082 Aliqui

61 3090 133 3145 aunt
154 3103 216 3145 non
240 3083 445 3160 declinantes,
482 3102 543 3144 non
565 3085 684 3161 iniusti,
718 3104 778 3146 non
804 3085 890 3161 mali,
922 3105 983 3146 non

60 3173 261 3246 peecatores,
292 3186 354 3228 non
386 3167 531 3243 damnati,
562 3167 617 3227 Est
639 3166 754 3246 aliquid
791 3169 822 3228 in
850 3169 985 3247 homine,

61 3248 145 3328 quod
168 3248 284 3311 bonum
307 3257 355 3311 est
390 3256 421 3309 et
449 3248 488 3309 ad
510 3249 624 3310 bonum
654 3252 772 3322 nititur,
807 3253 893 3330 qnasi
924 3252 985 3327 ille,

61 3333 198 3413 quisquis
221 3334 312 3394 suerit
332 3331 438 3410 homo,
462 3335 512 3413 qui
535 3333 573 3393 ad
597 3333 710 3394 bonum
733 3334 846 3410 nititur,
869 3336 986 3394 nonsit

60 3417 304 3497 eomprehensus
338 3417 370 3477 in
404 3435 482 3477 voae
512 3416 572 3476 ista
594 3416 725 3494 Omnes,
748 3416 869 3493 Nullus,
902 3417 984 3478 Non.

59 3497 128 3580 Ego
161 3517 224 3562 non
254 3500 419 3579 haberem,
453 3499 547 3560 etiam
575 3501 600 3559 si
624 3500 749 3580 vellem,
781 3499 863 3579 quod
885 3497 984 3562 Paulo

60 3678 480 3689 -—----—------—-.--

132 3752 164 3817 1)
185 3749 216 3804 ln
235 3750 279 3807 ed.
303 3752 371 3810 1525
391 3755 419 3808 et
437 3713 479 3806 erl.
500 3752 573 3806 lan:
591 3750 628 3806 de
645 3749 699 3806 hae
717 3767 755 3808 re.
805 3714 813 3725 ι
