2348 4162
181 247 223 327 98
242 261 244 265 ⁴
475 261 579 319 concio
598 263 632 320 D.
651 263 683 319 Μ.
703 260 814 319 botheri

182 429 347 491 obscurato
380 430 531 493 beneficio
556 432 667 494 Christi
700 437 730 493 et
752 432 866 492 amissa
900 429 1041 492 libertate
1062 428 1102 491 ab

181 514 249 592 ipso
273 513 364 575 nobis
387 520 475 594 parta
509 515 598 576 nobis
619 515 695 576 illud
728 516 834 595 iugum
855 515 1024 575 Mosaicum
1048 513 1103 573 im-

181 596 266 676 poni.
310 597 373 656 Nee
395 597 547 677 volumus,
570 616 629 658 uec
650 597 798 659 debemus
820 597 927 658 Mosen
955 602 1102 675 tanquam

181 677 271 738 nobis
299 677 402 739 datum
435 680 643 760 legislatorem
667 699 865 762 agnoscere,
896 698 996 758 neque
1018 679 1103 740 Deus

181 761 241 821 hoc
263 761 376 841 voluit,
404 764 456 842 qui
478 765 560 824 huno
582 769 698 825 tantum
720 763 846 825 ludaico
869 763 985 844 populo
1017 760 1103 822 dedit

181 851 331 905 rectorem
355 853 386 906 et
407 845 606 929 νομοθέτην.
1074 890 1077 896 =

264 926 340 987 (ium
362 929 454 1008 igitur
488 927 576 989 audis
610 928 761 989 fanaticos
790 928 911 1008 aliquos
947 927 986 988 de
1006 927 1102 988 lllosis

182 1009 264 1072 libris
279 1017 332 1070 aut
344 1009 706 1091 legibus-ratiocinantes:
731 1010 782 1072 Sic
798 1010 901 1090 Moses
914 1011 1104 1091 scriptitem

181 1092 232 1153 ille
265 1094 421 1173 praecepit
455 1094 572 1174 populo
594 1095 652 1155 Dei
695 1093 841 1158 mandato
875 1101 906 1155 et
939 1094 1103 1154 autoritate

60 1242 63 1247 ¹
181 1175 294 1255 divina,
317 1176 408 1256 igitur
430 1184 460 1236 et
481 1177 570 1238 nobis
592 1177 671 1238 haec
692 1176 845 1238 servanda
867 1182 947 1253 sunt,
970 1175 1027 1236 has
1051 1194 1104 1236 vc·

182 1277 234 1318 ees
257 1277 320 1318 unc
342 1258 437 1319 verbo
459 1267 542 1321 recte
563 1259 725 1321 refutabis:
749 1258 828 1334 Quid
842 1259 930 1320 nobis
954 1265 985 1318 et
1002 1257 1104 1319 Moci?

182 1340 256 1401 nihil
290 1340 328 1403 ad
351 1360 409 1402 nos
441 1343 551 1404 attinet
576 1342 656 1403 illius
685 1343 884 1403 ministerium
915 1350 946 1403 et
968 1342 1102 1422 vocatio,

102 1424 105 1428 ’
183 1441 262 1502 quae
283 1423 326 1484 illi
349 1424 501 1485 adunam
525 1426 673 1507 populum
696 1425 792 1487 Israel
815 1426 927 1486 tradite
948 1433 1015 1502 est,
1044 1441 1104 1484 neo

181 1508 225 1567 its
247 1512 280 1566 ut
301 1514 440 1567 maneret
460 1516 610 1588 perpetua
631 1515 662 1568 et
685 1513 822 1586 aeterna,
845 1507 898 1567 sed
921 1514 1038 1568 tantum
1054 1526 1103 1567 us-

182 1588 302 1669 quoad
326 1589 498 1669 Christum,
526 1592 574 1651 cui
607 1593 673 1671 ipse
703 1609 794 1651 omne
817 1610 903 1651 suum
930 1592 977 1650 ius
1009 1588 1104 1664 cedit,

182 1691 250 1739 cum
280 1674 391 1751 inquit:
413 1673 517 1734 Alium
555 1675 736 1756 prophetem
759 1672 919 1740 suscitabit
941 1673 1105 1752 Dominus,

183 1774 274 1835 quem
296 1755 436 1816 audietis.

262 1838 382 1898 Deinde
415 1840 440 1898 si
467 1838 528 1899 hoc
550 1835 762 1920 concesseris,
791 1838 886 1900 lllosis
919 1857 1011 1899 unam
1048 1837 1103 1898 ali·

181 1939 272 1999 quam
295 1921 396 1999 legem
419 1921 628 2000 accipiendam
652 1922 740 1982 nobis
762 1940 849 1999 esse,
878 1923 937 1981 iam
961 1939 1023 1981 nou
1048 1939 1103 2001 pc-

181 2004 252 2064 teris
277 2001 421 2083 effugere,
446 2006 517 2083 quin
541 2011 638 2065 toturn
660 2001 787 2086 Mosen,
816 2004 878 2065 hcc
899 2012 961 2084 est,
980 2005 1103 2064 omues

182 2089 247 2146 eius
271 2085 354 2166 leges
377 2085 514 2165 recipere
538 2094 568 2147 et
591 2106 714 2149 servare
746 2088 878 2168 cogaris.
923 2086 1024 2162 Quare
1056 2105 1103 2146 se-

183 2168 245 2228 mel
267 2177 392 2249 recepto
407 2169 467 2230 hoe
491 2170 638 2250 magistro
655 2178 687 2231 et
708 2171 895 2250 legislatore,
917 2171 978 2230 iarn
1001 2175 1033 2229 te
1053 2168 1101 2228 his

65 2316 68 2321 ,
183 2250 310 2311 vinculis
332 2251 516 2332 illaqueasti,
539 2260 572 2313 ut
594 2254 715 2334 cogaris
737 2258 769 2314 et
779 2252 966 2330 circumcidi,
989 2251 1101 2312 stillis

181 2331 314 2395 Iudaicis
336 2334 599 2414 purificationibus
620 2335 764 2416 baptismi
787 2342 818 2396 ct
838 2336 1030 2396 lavacrorum
1051 2351 1103 2395 oc-

185 2417 308 2515 cupsri,
337 2417 545 2479 iisdem'cibis
568 2417 741 2496 abstinere,
770 2417 903 2498 denique
926 2418 1030 2479 omnia
1060 2417 1101 2478 ad

181 2501 401 2580 praescriptum
444 2503 578 2562 omnium
613 2501 716 2581 legum
749 2520 888 2580 servare,
921 2502 1000 2561 sicut
1028 2498 1100 2561 illos

181 2585 326 2665 oportuit.
368 2583 474 2645 Talem
496 2584 603 2646 Mosen
626 2585 705 2646 absit
732 2592 765 2645 ut
786 2603 843 2645 nos
866 2585 955 2663 qus'si
990 2581 1101 2644 redivi·

182 2685 252 2726 vum
274 2668 477 2746 recipiamus,
505 2669 557 2747 qui
578 2669 639 2728 iam
662 2667 713 2728 diu
742 2668 850 2728 aDec
872 2668 940 2746 ipsc
963 2665 1101 2747 sepultus

69 2804 74 2811 .
182 2755 238 2830 est,
262 2768 320 2810 nec
334 2749 438 2810 debuit
459 2749 580 2830 longius
604 2751 825 2830 proferresuae
842 2751 968 2830 politiae
990 2748 1101 2829 guber·

181 2833 354 2912 nationem,
379 2850 469 2911 quam
493 2851 530 2893 eo
554 2850 660 2911 usque,
692 2833 763 2892 dum
794 2833 930 2894 Christus
958 2834 1025 2913 ipse
1047 2850 1102 2892 ve·

181 2915 269 2994 niret,
291 2915 341 2975 eui
358 2921 503 2994 tanquam
520 2915 653 2975 Domino
677 2934 769 2977 omne
789 2917 838 2976 ius
860 2922 892 2976 et
914 2919 1101 2996 potestatem

181 3016 267 3058 suam
290 2995 424 3061 cederet.

265 3078 355 3154 Quod
383 3097 457 3140 vero
479 3076 585 3141 Moses
607 3088 715 3160 gentes
747 3100 810 3142 non
834 3080 951 3162 obliget
972 3097 1030 3140 nec
1060 3079 1101 3141 ad

182 3181 234 3224 ess
263 3163 434 3242 pertineat,
468 3163 589 3224 ostendi
611 3169 715 3243 potest
746 3165 795 3224 vel
825 3184 864 3225 ex
891 3164 967 3244 ipsis
988 3162 1101 3242 verbis,

182 3263 260 3324 quae
282 3245 312 3304 in
334 3244 584 3325 promulgatione
617 3246 758 3327 decalogi
791 3248 973 3322 recitantur,
996 3243 1101 3306 llxodi

182 3329 232 3404 20,
243 3346 311 3387 eum
324 3329 421 3407 inquit
435 3329 532 3390 Deus:
549 3329 618 3409 Ego
628 3349 694 3390 sum
703 3329 941 3390 DominusDeus
956 3336 1037 3408 tuus,
1049 3329 1102 3407 qui

182 3409 273 3470 eduxi
295 3417 325 3470 te
347 3430 365 3472 e
388 3419 467 3472 terra
488 3410 649 3494 Aegypti,
673 3431 712 3473 ex
734 3411 827 3474 domo
863 3413 1016 3472 servitutis
1040 3419 1101 3473 etc.

182 3492 278 3554 Audis
301 3494 392 3576 clare,
416 3493 525 3573 quibus
547 3495 691 3574 loquatur
713 3495 934 3576 etpraecipiet,
956 3493 1103 3555 videlicet

182 3576 238 3656 his,
261 3595 338 3656 quos
361 3597 400 3637 ex
423 3579 566 3659 Aegypto
588 3577 702 3655 eduxit,
723 3597 818 3658 quare
840 3577 879 3637 ad
900 3595 958 3639 nos
981 3584 1013 3638 et
1033 3576 1102 3639 reliss

181 3677 256 3739 quas
280 3667 388 3741 gentes
411 3680 472 3720 non
495 3662 656 3741 pertinent,
678 3679 757 3739 quae
779 3661 829 3721 hie
845 3659 996 3738 dicuntur,
1019 3676 1101 3740 quas

181 3760 244 3803 non
273 3751 343 3804 sunt
364 3743 493 3804 eductae
526 3762 565 3803 ex
588 3745 732 3824 Aegypto
766 3745 796 3805 iu
828 3750 939 3804 terram
962 3741 1100 3805 Censen.
