2348 4162
205 216 270 284 378
405 218 613 278 Coueiunrulae
630 223 770 293 quaedam
787 224 823 279 D.
840 225 877 281 Ι.
894 226 927 281 t.

207 400 306 471 vator,
327 394 383 456 sed
404 414 523 477 pauper
544 400 576 455 et
596 393 708 456 sedens
729 415 823 476 super
832 403 953 463 asinam
967 408 998 459 et
1012 398 1127 478 pullum

206 498 321 541 asinae.

288 563 342 624 His
378 562 479 625 verbis
509 565 608 644 primo
641 562 844 629 rhetoricatur
872 576 904 630 et
930 569 1071 632 hortatur
1090 565 1127 627 ad

205 654 352 714 laetitiam
374 660 406 712 et
426 652 552 714 iubilum
575 649 758 723 maximum,
790 655 863 732 quia
897 656 964 717 vult
985 657 1125 718 samm·

204 757 311 799 eorum
333 755 475 801 movere.
508 733 682 814 significata
719 738 929 815 magnitudine
966 741 1125 811 bonorum,

205 840 286 899 quae
308 823 433 882 veniant
462 822 502 883 ad
525 842 593 899 eos,
625 822 657 876 et
678 824 725 876 est
756 820 836 899 ignis
863 825 895 883 in
927 825 1032 886 verbis
1054 828 1124 887 eius·

205 907 317 966 Postea
339 907 438 982 aperit
460 900 702 985 magnitudinem
723 921 825 964 rerum
847 912 879 967 et
899 925 1028 970 oausam
1043 906 1123 970 taet-

204 991 266 1050 tiae
288 997 319 1049 et
339 988 425 1049 iubili
437 990 599 1051 dialectice
620 983 744 1047 dicens:
765 987 861 1057 ane.
881 1010 937 1053 rex
950 1000 1023 1053 tirus
1046 991 1124 1053 veuit

205 1071 277 1149 tibi,
299 1073 396 1132 iustus
418 1082 450 1133 et
469 1073 616 1135 salvator.
658 1069 788 1151 Singula
809 1073 906 1135 verba
925 1084 999 1137 sunt
1020 1072 1123 1137 infiniti

203 1154 359 1236 ponderis,
382 1157 499 1218 soilieet
520 1157 604 1237 quod

289 1243 317 1302 1.
352 1239 419 1299 Rex
441 1248 521 1307 tuus,
542 1260 604 1302 non
626 1234 725 1300 hostis
746 1246 827 1301 tuus.

285 1325 314 1387 2.
347 1324 441 1384 Venit
461 1324 501 1385 ad
523 1332 569 1397 te,
603 1319 683 1384 ultro
706 1322 745 1383 ad
766 1322 911 1403 indignos
933 1331 967 1385 et
987 1326 1121 1390 miseros.

286 1409 316 1471 3.
346 1406 446 1468 lustns
477 1416 648 1487 apeoeato
669 1405 855 1484 instifieans,
887 1428 951 1470 non
972 1409 1077 1490 legem
1096 1414 1123 1469 et

346 1500 508 1569 peecatum
530 1491 672 1561 afferens,
694 1496 728 1550 ut
748 1491 861 1551 Moses.
1149 1564 1153 1571 Ι

285 1576 314 1637 l.
349 1574 501 1653 Salvator,
524 1594 587 1635 non
610 1575 741 1651 oooisor,
763 1573 867 1647 iudex,
889 1574 1017 1651 vindex,
1041 1594 1121 1637 aoru-

346 1666 447 1733 sator,
479 1658 533 1719 sed
556 1657 733 1735 redemptor
761 1664 906 1721 amorte.
950 1658 1040 1721 Haeo
1059 1665 1122 1720 suut

347 1742 466 1803 infinita
500 1748 530 1803 et
551 1740 785 1817 inenarrabilia,
813 1747 845 1802 et
871 1743 901 1802 in
925 1741 1058 1803 Postilla
1075 1740 1122 1803 ali·

347 1832 494 1905 qnantum
516 1825 661 1887 indicata.

285 1908 405 1970 Deinde
427 1929 541 1989 magna
574 1910 605 1968 vi
628 1907 767 1969 confutat
788 1912 818 1967 et
838 1916 980 1969 removet
1001 1906 1121 1989 impedi·

203 2000 307 2052 menta
328 2000 360 2052 et
380 1992 527 2054 seandala
548 1992 667 2055 dioens:
690 1989 854 2068 Magnifiea
863 1990 981 2072 gaudia
1000 1992 1122 2053 veniunt

203 2074 268 2151 tibi,
292 2074 346 2135 sed
369 2075 431 2137 hoo
452 2095 581 2136 monens
602 2077 775 2153 iterumque
795 2072 947 2134 monebo:
969 2074 1121 2135 Neoffen·

204 2157 285 2218 daris
305 2165 434 2218 externa
455 2161 558 2237 speeie
579 2157 888 2239 registuiveuiontis.
931 2158 1049 2218 Verum
1070 2164 1120 2235 est,

203 2243 228 2301 si
252 2249 373 2319 spectes
394 2242 596 2302 humilitatem
618 2242 779 2317 venientis,
800 2260 862 2301 uon
884 2258 952 2315 rex,
974 2240 1033 2301 aed
1048 2241 1122 2302 vilia·

202 2326 297 2385 simus
320 2345 426 2386 servus
447 2326 577 2401 videtur,
600 2344 662 2387 non
683 2326 792 2400 iustus,
815 2322 869 2384 sed
890 2325 961 2401 ipse
980 2332 1123 2404 pensator

203 2430 222 2469 a
243 2409 312 2469 Deo
334 2416 546 2489 contemptus,
579 2428 641 2469 non
674 2407 828 2483 salvator,
859 2406 914 2467 sed
944 2408 1014 2487 ipse
1036 2426 1123 2489 egens

204 2493 375 2569 salvatore,
398 2494 462 2554 imo
483 2512 584 2571 neque
605 2511 734 2571 panem,
755 2509 856 2568 neque
877 2489 981 2563 loonm
1004 2491 1123 2563 habens,

202 2577 234 2636 in
258 2595 319 2655 quo
342 2578 425 2636 vivat
446 2583 499 2636 aut
520 2577 676 2638 moriatur.
717 2573 795 2637 Ideo
806 2572 952 2652 praedioo
974 2573 1047 2635 tibi:
1069 2574 1123 2634 Ve-

204 2661 249 2719 nit
270 2659 392 2737 quidem
414 2666 518 2720 tantus
539 2679 594 2720 rex
616 2667 696 2735 tuus,
719 2656 773 2717 sed
795 2675 923 2735 pauper,
943 2655 976 2716 id
999 2664 1058 2736 eet,
1077 2658 1123 2718 hu·

204 2742 295 2815 milis,
320 2750 525 2823 contemptus,
547 2745 648 2817 miser,
670 2760 732 2802 non
744 2741 845 2801 laetus
858 2739 993 2820 superba
1004 2759 1123 2821 pompa,

204 2845 266 2887 uon
290 2845 365 2886 auro
388 2832 419 2886 et
440 2828 556 2904 serieo,
590 2825 645 2886 sed
667 2823 754 2901 flens,
778 2823 887 2884 dolens
909 2828 941 2883 et
962 2842 1124 2900 pannosus,

205 2908 334 2988 nudipes
366 2917 440 2986 ete,
472 2929 535 2970 non
558 2911 645 2989 equis
673 2914 703 2967 et
725 2906 876 2981 curribus,
914 2905 969 2966 aed
1005 2908 1036 2967 in
1069 2923 1123 2967 uno

205 2992 321 3068 asello,
354 2998 386 3052 et
413 3011 450 3053 eo
483 2994 553 3069 ipso
575 2993 677 3054 alieno
709 2997 740 3050 et
760 2988 959 3051 commodato
991 2997 1124 3070 aooepto‚

205 3073 285 3135 adeo
307 3075 380 3135 nihil
404 3075 531 3136 habens.
575 3075 668 3150 Gave,
691 3092 768 3134 eave
788 3073 1021 3153 igituraummis
1043 3074 1124 3141 ouria,

205 3176 244 3216 ne
265 3158 325 3217 ista
346 3158 440 3219 lanies
470 3159 617 3219 inusitata
639 3165 669 3219 et
691 3176 790 3231 nova,
812 3162 843 3216 et
865 3155 1010 3217 omnibns
1034 3155 1124 3218 modis

205 3239 333 3319 indigna
355 3261 417 3302 non
451 3241 545 3302 modo
568 3262 658 3322 rege,
681 3239 734 3301 sed
757 3241 850 3299 etiam
873 3257 976 3313 servo,
1005 3246 1070 3301 tete
1089 3237 1126 3299 ol·

206 3322 321 3401 tendat,
344 3332 373 3384 et
396 3323 541 3386 obseuret
561 3325 690 3406 gloriam
704 3325 794 3383 istam
816 3323 908 3402 regis,
929 3340 1024 3400 quam
1047 3340 1123 3405 prae

206 3406 277 3467 dieo
299 3425 368 3467 esse
388 3409 418 3466 in
441 3409 555 3468 institia
578 3416 607 3468 et
629 3408 727 3467 salute
739 3414 800 3483 tua,
823 3407 853 3465 in
876 3403 1090 3484 redemptione
1099 3412 1125 3463 et

207 3489 387 3551 defensioue
423 3498 531 3551 eontra
559 3499 731 3572 tyranuum,
754 3488 928 3563 diabolum,
961 3496 1124 3569 peecatum,

208 3580 336 3633 mortem
362 3581 420 3634 eto.

291 3655 409 3715 Eadem
440 3656 530 3716 nobis
568 3658 704 3735 loquitur
742 3654 781 3715 de
809 3653 945 3714 adventu
972 3654 1058 3716 verbi
1078 3670 1124 3713 seu

208 3736 390 3819 Evangelii,
412 3741 463 3819 qui
484 3746 532 3802 est
553 3739 703 3803 adventus
725 3736 901 3820 spiritualia,
922 3738 1005 3801 siout
1026 3736 1125 3800 Paulus
