2348 4162
195 255 258 321 110
442 325 445 330 ¹
487 257 591 314 concio
610 257 645 312 D.
663 257 698 313 M.
718 256 830 315 Lutlrari

193 429 240 490 sio
256 434 417 573 ttestattur:
453 429 488 491 ln
517 431 634 492 semine
666 435 718 490 tuo
753 429 971 491 benedicentur
1005 444 1115 493 onm'es

193 532 252 592 gen
269 532 302 574 es
326 531 385 577 eo.
675 528 679 535 ’

626 695 684 764 111.

148 921 152 927 ,
273 845 378 907 Tertia
399 847 513 909 utilitas
548 865 588 907 ax
609 845 743 908 lectione
765 847 843 907 lilasi
865 853 933 927 est,
966 846 1049 926 qnod
1080 845 1114 909 bi

194 927 257 988 libri
281 930 441 991 continent
456 929 668 1010 pulcherrima
690 929 835 1009 exempla
857 927 952 1008 fidei,
986 930 1114 992 invoca·

193 1013 294 1091 tionis,
316 1014 473 1091 caritatis,
497 1011 694 1074 afflictionum
733 1021 763 1073 et
786 1011 981 1077 obedientiae
1016 1014 1048 1074 in
1069 1013 1112 1073 hi·

191 1095 293 1155 storiis
321 1104 495 1157 sauctorum
528 1107 647 1176 patrum
678 1097 853 1178 proposita,
877 1096 986 1176 Adae,
1022 1095 1112 1175 Abel,

190 1177 290 1256 Noha,
313 1178 479 1256 Abraham,
501 1178 597 1260 isaac,
619 1176 714 1241 Iacob
737 1186 794 1242 eto.
820 1199 858 1240 ao
879 1181 908 1238 in
921 1179 1008 1240 llose
1029 1180 1111 1260 ipso,

192 1259 271 1320 unde
293 1270 324 1321 et
345 1282 402 1322 nos
425 1262 629 1323 accendamur
652 1262 691 1323 ad
714 1264 854 1323 timorem
877 1262 945 1340 Dei,
967 1259 1060 1323 fldem
1074 1269 1112 1323 ‘at

191 1363 282 1405 veros
306 1345 414 1406 cultus.
447 1346 473 1405 E
495 1347 622 1425 regiona
645 1345 1031 1426 conspiciuntursxempla
1053 1346 1110 1406 inr-

188 1427 312 1506 pietatis
333 1435 363 1488 et
384 1428 571 1489 horribilium
585 1447 764 1508 poenarum,
787 1447 866 1508 qnae
880 1427 1050 1489 admonent
1071 1427 1111 1490 de

189 1511 235 1570 ira
257 1510 313 1570 Dei
337 1510 484 1572 adversus
505 1511 617 1590 impios
649 1519 679 1572 at
712 1517 929 1589 contumaces,
971 1531 1042 1573 nam
1077 1519 1111 1571 ut

189 1593 287 1673 puniti
310 1600 381 1654 sunt
404 1601 528 1675 propter
556 1592 668 1674 impios
702 1594 800 1655 cultus
822 1601 853 1654 et
875 1593 1012 1671 scelera,
1041 1612 1109 1655 cae-

189 1674 253 1752 des,
276 1676 415 1738 libidines
439 1677 524 1757 Cain,
548 1675 753 1759 sodomitae,
788 1679 860 1737 item
892 1678 1044 1758 principes
1078 1685 1109 1738 et

189 1757 351 1821 multitudo
378 1758 484 1840 populi
510 1759 618 1836 lsrael,
655 1760 698 1820 ita
719 1778 841 1840 semper
873 1764 1005 1842 vagatae
1038 1767 1110 1821 sunt

189 1861 310 1922 poenae
332 1841 519 1921 inmundo,
554 1849 584 1902 et
617 1862 697 1903 nuno
726 1861 849 1922 quoqne
881 1850 1031 1922 vagantur
1052 1862 1108 1924 per

186 1925 298 2004 impios
317 1924 456 2005 ⁸pollutos
478 1924 627 1985 similibus
647 1926 841 1993 sceleribus„
875 1925 953 1986 Nam
977 1932 1008 1987 et
1029 1926 1108 1987 haec

188 2006 332 2087 exempla
354 2007 392 2067 ad
414 2027 472 2069 nos
502 2010 676 2088 pertinent,
711 2009 792 2070 sicut
813 2009 865 2069 lex
900 2010 970 2088 ipsa
991 2009 1106 2089 praeci·

187 2092 274 2169 piens
297 2090 336 2150 de
358 2090 502 2168 moribus,
525 2090 620 2151 indita
642 2091 794 2154 mentibus
824 2093 935 2152 uostris
967 2087 1106 2174 (etiamsi

187 2172 272 2232 nulla
294 2173 401 2234 luisset
421 2193 441 2234 a
464 2174 549 2234 Mose
571 2174 663 2251 lata),
691 2183 722 2235 et
750 2175 895 2235 iudicium
918 2175 975 2236 Dei
999 2173 1102 2235 adver-

188 2275 240 2315 sus
263 2264 391 2337 peccata
415 2266 595 2338 perpetuum
632 2277 670 2318 ao
691 2257 772 2318 idem
795 2265 841 2318 est
863 2255 1005 2319 omnibus
1029 2264 1105 2319 tern-

211 2339 325 2401 oribus.

188 2359 208 2419 p
270 2421 372 2497 Quare
394 2423 451 2483 etsi
473 2441 532 2503 ego
556 2441 619 2483 non
642 2442 708 2483 sum
732 2422 818 2503 Cain,
841 2441 899 2483 nec
920 2442 977 2484 nos
1000 2441 1105 2485 sumus

184 2503 351 2583 israelitae,
374 2516 475 2565 tamen
499 2505 637 2566 similiter
659 2506 754 2567 atilli
777 2512 974 2566 contumaces
997 2505 1105 2567 adver·

185 2607 237 2648 sus
260 2588 359 2650 Deum
381 2589 553 2670 punientur.
585 2588 625 2648 Et
646 2587 716 2650 ideo
739 2590 898 2669 proposita
909 2595 980 2649 sunt
1002 2607 1104 2649 exem·

187 2671 248 2752 pla,
270 2678 304 2732 ut
324 2673 354 2732 iu
377 2670 436 2732 illis
458 2671 532 2751 ipsis
556 2690 618 2732 vox
639 2670 716 2752 legis
740 2679 770 2732 et
792 2671 937 2732 iudicium
959 2671 1016 2732 Dei
1040 2666 1103 2734 imi-

187 2773 275 2815 verso
298 2755 404 2836 generi
425 2753 579 2814 hominum
603 2756 743 2815 omnibus
767 2754 917 2815 aetatibus
932 2753 1105 2816 declaretur

185 2844 216 2897 et
238 2856 346 2898 omnes
369 2836 408 2896 ad
423 2838 642 2916 poenitentiam
666 2839 839 2901 invitentur.
872 2838 988 2898 Rursus
1011 2838 1102 2898 etiam

185 2921 241 3000 piis
264 2927 440 2980 sanctorum
468 2920 611 3000 exempla
639 2922 862 2981 concionantur
894 2920 931 2980 de
952 2918 1034 2998 fide,
1065 2918 1104 2981 de

183 3004 380 3064 invocatione
402 3020 439 3063 ac
462 3002 605 3063 mirandis
627 3002 857 3081 liberationibus
879 3003 1040 3081 ecclesiae,
1063 3000 1102 3064 de

184 3087 263 3146 veris
286 3084 549 3148 consolationibus
576 3086 609 3146 in
629 3104 719 3146 cruce
748 3095 778 3147 et
800 3084 1040 3167 afflictionibus,
1065 3084 1104 3146 de

184 3169 327 3250 praemiis
350 3176 381 3230 at
401 3167 626 3250 glorificatione
648 3169 777 3249 piorum.
809 3168 875 3230 Nec
897 3186 1025 3249 usquam
1050 3168 1103 3229 ali·

184 3255 213 3314 bi
235 3253 400 3314 illustriore
422 3252 565 3332 exempla
587 3250 742 3333 leguntur,
779 3253 959 3334 praesertim
982 3250 1020 3312 do
1040 3248 1102 3312 lide

182 3346 213 3397 et
235 3335 410 3397 obedientia
431 3345 619 3397 sanctornm.
655 3333 757 3409 Quare
780 3337 904 3397 minime
926 3332 1102 3395 abiicienda

182 3428 229 3479 est
250 3418 422 3499 piis-lectio
446 3418 524 3479 llosi
546 3424 599 3479 aut
621 3417 791 3479 omittenda
818 3419 848 3477 iu
872 3417 1020 3495 aeclesia,
1045 3416 1103 3478 ss'd

181 3501 231 3562 hic
263 3502 339 3562 liber
372 3504 402 3563 in
425 3502 522 3582 pretio
557 3500 716 3562 habendus
744 3507 776 3563 et
804 3497 1008 3562 asservandus
1044 3507 1102 3578 est,

182 3593 327 3664 tanquam
348 3585 441 3646 totius
463 3583 638 3665 Scripturas
664 3585 864 3664 praecipuus,
891 3584 922 3643 in
946 3600 1007 3664 qno
1030 3590 1104 3644 sunt

182 3670 245 3728 veri
265 3667 366 3729 tontes
389 3667 488 3728 omnis
511 3666 670 3728 doctrinae
692 3666 854 3746 coelestis,
876 3665 957 3727 unde
979 3672 1011 3727 et
1031 3682 1101 3747 pro·

175 3751 292 3830 phetas
315 3759 345 3812 et
367 3749 501 3831 apostoli
527 3750 700 3831 largissima
728 3748 854 3811 flumina
880 3767 955 3811 suae
976 3750 1102 3830 sapien·
