2348 4162
434 254 463 312 el
480 243 691 317 mumunlonls
1006 249 1026 323 3

99 420 253 489 roborum
275 431 307 486 el
328 424 598 508 formidabundus,
620 433 684 489 lnm
707 432 832 508 propter
855 426 1024 489 imbecilles

96 508 130 569 in
153 506 214 569 lide
234 508 366 587 animos,
388 510 498 590 quibus
520 509 622 572 subito
640 512 732 571 eximi
756 529 816 570 non
841 511 939 590 poluit
962 518 1022 572 lam

97 596 188 652 velus
210 596 241 665 el
262 592 386 670 inolito,
421 612 479 654 neo
513 595 604 654 inseri
638 600 699 654 tam
722 613 830 654 reeens
854 603 883 653 et
905 595 1024 655 insueta

97 676 179 735 ratio
203 673 325 734 dolendi
350 676 422 752 Dei,
461 683 523 737 lum
548 678 681 738 maxime
704 685 829 756 propter
851 676 932 736 leves
954 677 1024 737 illos
1106 740 1110 745 ,

96 763 130 816 et
151 755 330 817 fastidiosos
354 761 490 839 spiritus,
513 762 563 838 qul
588 780 644 820 oen
667 780 737 820 sues
759 760 933 819 immundae
958 761 1024 820 sine

96 837 178 915 fide,
208 840 275 900 sine
300 852 402 901 menie
433 844 550 902 irruunt
571 851 602 901 el
624 843 692 902 sola
721 845 856 903 novitate
879 841 1023 922 gaudent,

95 931 192 1001 atque
213 925 314 984 sualim
338 931 371 985 ul
392 926 514 985 novitas
545 945 613 986 esse
638 925 728 986 desiit
750 937 908 987 nauseant.
954 924 1022 1001 Quo

95 1024 213 1085 genere
234 1005 391 1067 hominurn
414 1026 483 1067 enm
506 1009 535 1068 in
558 1008 649 1069 rebus
663 1010 771 1074 ueteris
795 1008 867 1068 nihil
891 1015 938 1068 est
957 1028 1022 1071 mo·

95 1089 214 1168 lesbius,
237 1096 300 1149 lum
322 1092 352 1149 in
374 1090 466 1151 rebus
488 1092 583 1151 saeris
605 1100 676 1152 snut
699 1091 904 1152 molestissimi
928 1100 958 1152 et
979 1093 1022 1151 in-

96 1170 286 1250 tolerabiles,
310 1175 470 1252 quamvis,
493 1179 526 1234 ut
546 1194 671 1254 rumpet
691 1177 754 1249 ira,
777 1175 854 1235 ferre
878 1174 949 1235 illos
973 1193 1022 1235 oo·

94 1272 172 1396 gol„
194 1256 251 1315 nisi
274 1256 366 1317 velim
399 1264 429 1317 el
451 1256 655 1338 Evangelinm
675 1257 705 1338 Ι)
736 1259 835 1338 ipsum
859 1276 876 1318 e
899 1257 1021 1336 publico

96 1346 132 1397 to
157 1356 218 1401 ere.

182 1419 242 1481 Sed
275 1423 439 1482 onmium
471 1440 542 1502 spes
565 1423 618 1500 sit,
655 1424 816 1484 mullorum
851 1423 944 1485 eorda
967 1443 1022 1505 per

93 1504 226 1583 gratiam
249 1503 308 1567 Dei
329 1505 478 1566 illustrata
500 1524 569 1566 esse
593 1513 622 1566 et
644 1506 799 1582 roborata,
822 1508 951 1586 ipsaque
973 1527 1021 1567 res

95 1593 216 1666 poseat,
240 1595 273 1647 ut
294 1587 417 1648 tandem
440 1587 587 1649 seandala
599 1587 745 1650 tollantur
767 1589 805 1649 de
826 1609 922 1669 regno
937 1589 1021 1652 Chri·

93 1670 145 1750 sti,
168 1669 341 1730 audendum
365 1677 413 1732 esl
434 1670 548 1752 aliquid
571 1672 600 1731 in
625 1673 749 1732 nomine
761 1671 881 1733 Christi.
903 1671 1019 1734 Iustum

94 1761 144 1813 est
165 1753 257 1832 enim,
280 1762 312 1815 ul
334 1754 382 1814 vel
404 1754 729 1836 pausisoonsulamus,
752 1775 801 1834 ne,
821 1755 891 1815 dnm
915 1775 1020 1836 perpe-

93 1843 150 1899 tuo
174 1835 328 1897 levitatem
352 1845 383 1898 el
403 1839 531 1898 abusum
555 1837 676 1898 illorum
698 1830 906 1916 formidemus,
930 1838 1020 1901 nullis

90 1937 221 2000 prorsus
235 1919 432 1981 consulamus
455 1926 495 2002 el,
518 1920 590 1980 dum
612 1922 738 1982 istorum
762 1922 1020 1983 iuturusoandale

93 2021 208 2063 essere
237 2003 397 2083 volumus,
435 2005 592 2065 universas
624 2004 870 2066 abominationes
897 2005 1018 2068 illorum

94 2084 287 2148 roboremus.

179 2167 282 2244 Quare
305 2169 343 2230 de
364 2168 496 2230 formula
527 2169 631 2250 aliqua
651 2171 704 2251 pia
725 2170 870 2232 missandi
897 2176 946 2248 (ut
969 2191 1019 2239 uo-

94 2259 185 2326 oant)
210 2261 242 2313 et
264 2252 528 2331 eommunioandi,
565 2259 598 2313 ut
619 2261 648 2314 et
677 2262 708 2314 lu
732 2255 895 2333 postulasli
918 2261 1019 2398 tollens,

93 2335 213 2414 optimo
232 2333 371 2413 Nicolae,
394 2355 531 2417 agemus,
553 2344 590 2396 so
604 2337 649 2397 sio
664 2357 801 2418 agemus,
823 2344 855 2398 ut
878 2343 972 2398 n‘ona
1006 2371 1019 2386 ·

93 2418 176 2498 plius
199 2417 300 2481 solnm
333 2417 427 2481 verbo
463 2419 623 2481 doetrinae
652 2421 747 2482 eorda
769 2440 932 2502 regamus,
964 2421 1020 2482 ssd

94 2519 220 2562 manum
256 2519 379 2583 quoque
414 2521 605 2583 apponamus
635 2513 665 2564 et
686 2502 807 2584 publiea
829 2504 1020 2566 administra·

93 2587 181 2646 tione
200 2587 231 2646 in
266 2604 344 2667 opus
367 2586 588 2665 perduramus,
619 2586 692 2647 nulli
724 2605 849 2666 prorsus
871 2588 1021 2667 praeiudi·

94 2675 214 2747 eunies,
235 2688 274 2728 no
291 2669 382 2729 elium
405 2668 549 2750 ampleoli
572 2677 602 2730 et
624 2671 711 2749 sequi
732 2669 834 2732 liceat.
878 2670 956 2747 Quin
981 2690 1021 2732 ex
1087 2669 1091 2678 ’

94 2752 200 2812 enimo
224 2771 278 2831 per
301 2750 453 2814 Christum
477 2750 693 2833 obsecramus,
716 2760 748 2813 nl
770 2755 794 2813 si
817 2753 888 2835 quid
913 2755 1020 2815 melius

93 2833 156 2896 illis
180 2835 349 2897 revelatum
372 2835 472 2915 fuerit,
493 2855 551 2896 nos
573 2836 690 2916 priores
712 2836 815 2898 tacere
830 2837 966 2916 iubeant,
988 2846 1021 2899 ut

45 2943 50 2953 ¹
96 2919 253 2980 oommnni
276 2937 372 2999 opera
393 2938 458 2980 rem
481 2937 675 2981 eommunem
699 2921 848 2984 iuvemus.
929 2980 931 2983 ,

966 2257 972 2268 ι

951 2320 956 2331 Ι

179 3082 215 3147 ln
238 3085 344 3165 primis
364 3083 668 3166 itaqueprolilemur,
691 3104 752 3147 non
767 3104 835 3147 esse
858 3084 1021 3149 neoluisse

23 3225 28 3232 .
97 3186 231 3248 unquam
253 3170 284 3228 in
307 3170 411 3230 animo
435 3177 552 3245 nostro,
575 3187 698 3229 omnem
722 3169 834 3231 cultum
860 3171 915 3230 Dei
937 3189 1021 3250 pror·

94 3272 149 3313 sus
171 3251 307 3332 abolere,
330 3251 384 3313 sed
408 3271 493 3332 enm,
516 3252 619 3331 quiin
643 3272 699 3313 usn
723 3259 784 3330 est,
807 3252 948 3332 pessimis
971 3253 1021 3314 ad·

96 3336 274 3397 dilemenlis
297 3335 452 3415 vitiatum,
480 3353 645 3415 repurgare
667 3343 698 3395 et
719 3356 806 3396 nsum
830 3336 912 3416 pium
935 3355 1022 3398 mon·

95 3425 206 3481 strare.
249 3418 327 3479 Nam
357 3418 418 3479 hoo
439 3437 552 3498 negare
578 3436 639 3478 non
664 3438 838 3498 possumus,
860 3419 968 3481 Missas
992 3426 1024 3481 et

96 3503 347 3565 communionem
369 3502 458 3582 panis
496 3506 528 3562 et
556 3501 736 3579 sinirilum
765 3521 833 3563 esse
859 3522 878 3564 a
900 3501 1021 3564 Christo

94 3585 242 3647 divinitus
264 3586 458 3666 institutum,
485 3584 536 3665 qui
557 3583 613 3645 sub
644 3587 711 3666 ipso
737 3584 857 3667 Christo
880 3588 1022 3668 primum,

98 3717 315 3836 W.
336 3766 406 3836 orig.
426 3766 470 3822 hic
489 3773 517 3823 et
536 3766 615 3823 alibi:
636 3767 815 3907 Euangeliou,
