2348 4162
197 244 261 311 312
445 245 488 300 De
505 261 589 300 servo
607 244 723 300 arbitrio
741 246 776 300 D.
793 246 829 301 u.
848 248 879 301 L.

278 416 325 477 Tu
347 415 398 495 qui
420 414 510 497 tingis
542 415 729 477 voluntatem
763 415 928 480 humanam
962 440 1034 481 esse
1060 442 1127 482 rem

198 501 229 560 in
254 498 356 560 medio
380 499 477 560 libero
500 501 646 579 positam,
669 518 707 560 ac
727 499 785 562 sibi
806 501 956 582 relictam,
978 504 1074 565 facile
1088 506 1126 566 si·

198 582 260 643 mul
282 583 382 663 fingis,
404 602 473 643 esse
494 583 817 645 conatumvoluutatis
837 586 869 645 iu
883 594 981 647 utram
993 596 1126 667 partem,

196 668 269 745 quia
289 673 350 727 tam
363 668 473 745 Deum,
494 686 586 745 quam
608 665 765 729 diabolum
786 664 876 749 tingis
891 668 987 751 longe
1002 670 1126 749 abesse,

197 750 290 811 vetuti
311 750 411 811 sotum
443 757 635 830 spectatores
665 749 818 811 mutabitis
851 751 933 813 itlius
955 762 987 813 et
1008 753 1126 815 liberae

198 834 374 914 voluntatis,
394 832 579 914 impulsores
592 853 665 894 vero
688 841 719 894 et
731 835 898 914 agitatores
920 835 1125 899 iiliussersae

197 917 380 990 voluntatis,
416 922 521 977 mutuo
543 916 775 994 bellacissimos,
812 937 874 978 nou
896 919 1008 983 credis.
1053 920 1123 995 Quo

196 1000 265 1062 soto
287 1000 404 1061 credito
435 1001 509 1060 satis
538 1000 656 1061 sortiter
677 1007 737 1061 stat
758 1007 865 1062 nestra
886 1003 1058 1083 sententia,
1093 1012 1123 1063 et

196 1089 383 1165 prostratum
405 1084 486 1143 iacet
506 1083 634 1144 liberum
657 1081 824 1158 arbitrium,
846 1091 879 1146 ut
901 1093 932 1146 et
953 1105 1050 1165 supra
1070 1086 1123 1148 do·

197 1168 324 1229 cuimus.
367 1166 429 1227 Aut
456 1168 536 1226 euim
572 1186 700 1246 reguum
722 1166 857 1229 damnas
883 1169 915 1228 iu
944 1168 1122 1231 homiuibus

196 1249 272 1311 nihil
293 1250 360 1325 erit,
382 1255 413 1310 et
434 1251 480 1310 sic
501 1248 639 1311 Christus
661 1251 840 1328 mentietur,
870 1257 924 1312 aut
943 1253 970 1313 si
991 1272 1121 1335 reguum

196 1335 261 1394 eius
284 1332 346 1393 tale
368 1340 425 1413 est,
449 1333 539 1413 quate
558 1332 870 1413 Christusdescribit,
892 1333 1023 1396 liberum
1046 1336 1121 1398 arbi·

197 1417 287 1477 trium
310 1416 385 1476 nihii
418 1417 475 1476 nisi
509 1418 679 1477 iumentum
713 1417 867 1496 captivum
889 1417 1028 1481 Satanae
1056 1422 1120 1497 erit,

196 1519 259 1561 non
281 1498 488 1578 liberandum,
511 1500 569 1560 uisi
591 1501 675 1580 prius
698 1499 794 1580 digito
816 1499 874 1561 Dei
896 1501 1037 1563 eiiciatur
1058 1502 1120 1563 dia·

200 1582 300 1645 bolus.

278 1665 359 1727 Hinc
380 1663 484 1743 credo,
506 1667 581 1727 satis
602 1665 758 1745 intelligis,
781 1686 851 1728 mea
871 1666 1020 1746 diatriba,
1050 1668 1118 1747 quid

195 1752 235 1811 sit
262 1755 293 1810 et
315 1755 461 1829 quantum
485 1749 594 1829 valeat,
619 1748 700 1827 quod
713 1754 803 1809 autor
823 1755 893 1811 tuus
914 1752 1117 1830 pervicaciam

197 1832 387 1895 Lutherauae
408 1833 587 1894 assertionis
609 1831 778 1892 detestatus
799 1833 880 1893 solet
900 1832 1023 1910 dicere,
1044 1834 1117 1895 sciti·

196 1924 255 1995 cet,
277 1914 442 1977 Lutherum
465 1915 555 1976 valde
577 1934 685 1994 urgere
708 1934 833 1976 causam
854 1915 1039 1996 Scripturis,
1067 1916 1115 1979 sed

195 2018 275 2080 quae
298 2018 359 2059 uno
382 1998 509 2060 verbulo
533 1997 659 2059 dissolvi
676 2006 816 2078 possunt.
858 1999 933 2074 Quis
956 2000 1041 2061 enim
1063 2001 1117 2061 boc

195 2082 309 2162 nescit,
340 2101 401 2142 uno
425 2081 551 2142 verbulo
573 2100 667 2162 posse
689 2100 800 2142 omnes
822 2081 997 2164 Scripturas
1021 2082 1115 2145 solvi?

196 2165 325 2226 Pulchre
346 2164 408 2225 hoc
431 2165 615 2243 sciebamus,
638 2165 729 2224 etiam
754 2171 919 2247 autequam
929 2164 1115 2228 Erasmiuo·

197 2269 265 2310 meu
301 2247 484 2309 audiremus.
529 2246 589 2309 Sed
618 2246 678 2308 hoc
701 2250 870 2327 quaeritur,
901 2269 941 2310 au
963 2249 1028 2311 hoc
1047 2250 1113 2311 satis

196 2333 252 2409 sit,
290 2331 417 2392 verbulo
446 2331 526 2392 solvi
548 2330 745 2410 scripturam.
790 2331 838 2391 Au
867 2338 952 2393 recte
973 2333 1114 2407 solvatur,
1157 2386 1161 2401 ‚

195 2422 226 2476 et
247 2434 286 2476 au
309 2416 355 2475 sic
376 2413 488 2475 debeat
500 2414 590 2491 solvi,
612 2413 866 2493 hccdisputatur.
909 2415 980 2476 Huc
1003 2422 1115 2497 spectet

195 2497 382 2576 studebit,
416 2516 506 2577 quam
543 2496 632 2558 facile
654 2498 692 2556 sit
715 2496 887 2577 Scripturas
909 2499 1054 2581 solvere,
1089 2504 1115 2559 et

195 2601 285 2662 quam
325 2579 507 2641 detestanda
542 2582 581 2640 sit
619 2581 792 2660 pervicacia
820 2579 954 2643 Lutheri.
999 2581 1115 2644 Videbit

195 2672 296 2725 autem
320 2683 382 2724 nou
405 2663 505 2724 solum
518 2663 644 2725 verbula
666 2663 740 2723 nihil
751 2662 883 2742 efficere,
906 2662 962 2726 sed
985 2684 1113 2727 necom-

195 2768 250 2809 ues
274 2753 378 2827 portas
397 2747 572 2811 inferorum.

277 2829 341 2891 Nos
364 2829 473 2911 igitur,
513 2828 596 2910 quod
630 2828 759 2891 diatribe
781 2849 837 2910 pro
860 2848 917 2891 sua
938 2829 1114 2894 affirmativa

195 2934 257 2975 nou
280 2917 392 2992 potest,
415 2915 554 2992 quamvis
577 2931 639 2973 non
662 2912 829 2973 debeamus
851 2915 1030 2994 negativam
1051 2932 1113 2996 pro·

193 2995 277 3072 bare,
299 2995 446 3056 faciamus
469 3005 571 3059 tamen
595 3002 626 3056 et
647 3003 886 3074 extorqueamus
909 2997 938 3059 vi
960 3015 1113 3079 argumen-

195 3086 304 3158 torum,
327 3074 410 3139 Nihil
434 3080 586 3142 hocloco
610 3098 671 3140 non
686 3078 786 3140 solum
800 3098 903 3159 posse,
925 3080 982 3141 sed
1006 3079 1113 3142 debers

194 3163 304 3241 accipi,
327 3180 389 3222 non
413 3182 469 3241 pro
493 3162 626 3238 modico,
652 3163 707 3223 sed
729 3181 785 3242 pro
808 3181 857 3240 eo,
880 3163 963 3242 quod
988 3162 1112 3225 vocabu·

195 3246 255 3306 lum
279 3253 388 3305 natura
411 3247 580 3326 significat3
602 3245 750 3306 faciemus
773 3252 875 3306 autem
898 3245 961 3307 hoc
983 3247 1063 3309 ultra
1085 3244 1113 3306 u

195 3328 244 3389 tud
268 3328 414 3388 invictum
437 3334 660 3411 argumentum,
684 3347 745 3408 quo
768 3329 828 3389 iam
841 3329 982 3409 vicimus,
1006 3330 1113 3391 scilicet

194 3432 263 3473 esse
288 3410 439 3472 vocabula
461 3411 592 3475 naturali
620 3411 854 3491 significationis
876 3430 933 3472 usu
955 3410 1111 3490 servanda,

194 3496 251 3555 nisi
274 3494 462 3556 contrarium
484 3497 574 3557 tuerit
595 3494 856 3572 demonstratum,
884 3495 967 3575 quod
991 3494 1112 3557 diatriba

195 3596 294 3657 neque
317 3577 389 3636 tecit
410 3598 510 3658 neque
533 3584 637 3659 potest
663 3578 772 3638 facere.
815 3578 1049 3659 Extorquemus
1068 3597 1110 3639 au·

194 3666 255 3720 tem
277 3659 308 3719 id
330 3660 459 3739 primum
482 3663 550 3742 ipsa
572 3662 615 3723 rei
638 3668 755 3742 natura,
780 3660 922 3722 videlicet
944 3662 1029 3741 quod
1044 3660 1109 3724 Seti-

194 3742 289 3823 pturit
312 3761 412 3822 neque
436 3745 586 3827 ambiguis
617 3764 717 3824 neque
747 3745 885 3806 obscuris
915 3745 1050 3809 evictum
1069 3744 1108 3821 sit,
