2348 4162
71 1203 336 1302 convocatio
367 1203 546 1301 concilii
580 1204 714 1302 libeni
743 1206 995 1319 christiani,

71 1326 234 1387 continens
246 1324 459 1404 gravissimam
477 1322 662 1386 Pontificum
673 1327 903 1387 accusationem
927 1345 995 1386 cum

72 1408 110 1468 de
133 1407 285 1486 doctrina,
315 1405 449 1468 moribus
478 1412 509 1466 et
536 1407 694 1469 dominatu
723 1409 754 1468 in
778 1408 910 1469 ecclesia
932 1428 996 1469 ece·

71 1491 272 1568 lautissimis,
295 1495 359 1551 tum
383 1488 423 1551 de
445 1489 568 1569 publica
585 1491 721 1565 veritatis
745 1492 923 1571 cognitione
945 1490 996 1550 de-

71 1580 185 1721 nefista
206 1581 237 1634 et
258 1573 383 1633 immani
404 1574 525 1653 piorum
547 1574 772 1654 persecutione,
794 1569 893 1657 pov'll.
915 1572 996 1638 llari.

71 1655 108 1721 lu
139 1662 222 1721 emm.

367 1739 458 1800 Anno
480 1736 700 1803 ll.D.XXXlV.

156 2133 214 2195 Hic
235 2133 364 2213 libellus,
387 2134 418 2194 in
440 2153 501 2214 quo
512 2134 660 2196 Lutherus
673 2134 817 2217 Spiritum
841 2134 872 2198 S.
895 2137 994 2216 ipsum
1074 2198 1089 2205 ,,

74 2218 110 2278 sd
133 2216 323 2298 pontificiam
346 2216 608 2279 abominationem
631 2217 798 2281 tollendam
821 2218 995 2280 Concilium

74 2300 201 2362 liberum
224 2307 255 2362 et
278 2301 475 2361 christianum
498 2299 683 2362 indicentem
714 2309 744 2362 et
770 2309 995 2363 convocantem

72 2384 188 2444 inducit
210 2390 302 2464 atque
323 2382 497 2444 Gabrielem
527 2383 744 2464 archangelum
768 2390 930 2446 testantem
954 2384 996 2445 la·

13 2484 17 2491 ·
73 2468 113 2527 cit
134 2486 169 2528 se
191 2466 252 2528 hoo
273 2465 402 2547 Spiritus
422 2467 520 2527 sancti
539 2466 653 2527 factum
672 2485 713 2527 ae
734 2466 911 2527 mandatnm
934 2477 994 2528 tam

74 2568 178 2611 coram
202 2548 315 2610 vidisse
337 2557 430 2630 atque
441 2549 594 2610 audivisse
615 2569 706 2629 quam
729 2549 876 2630 singulari
888 2551 995 2611 instru-

74 2640 179 2694 mento
199 2633 455 2714 promulgandum
478 2634 662 2713 suscepisse,
684 2633 795 2714 legitur
816 2635 846 2693 in
859 2632 996 2694 editione
1120 2699 1124 2705 ,

72 2716 194 2778 lenensi
224 2734 295 2797 opp.
319 2716 371 2778 lat.
398 2716 530 2795 Luthsri,
560 2715 595 2780 T.
616 2715 657 2777 111
679 2735 709 2796 p.
732 2716 824 2798 495b‚
853 2722 997 2796 separata

73 2809 177 2861 autem
200 2799 294 2862 editio
317 2800 382 2860 eius
404 2800 509 2879 scripti
540 2800 636 2860 latina
656 2799 749 2860 hodie
771 2818 922 2880 nusquam
944 2818 996 2859 ex·
1136 2824 1142 2833 ·

72 2890 155 2944 stare
179 2882 304 2944 videtur.
347 2882 393 2943 Ea
415 2889 517 2944 autem
541 2882 732 2943 convocatio
755 2881 884 2944 concilii
908 2881 996 2944 liberi

73 2974 104 3027 et
125 2965 282 3027 christiani
305 2963 436 3046 Spiritus
459 2965 491 3027 S.
514 2967 639 3026 nomine
672 2964 754 3026 edita
783 2967 995 3047 gravissimam

73 3050 220 3130 proponit
257 3050 487 3111 accusationem
526 3048 671 3109 adversus
708 3047 897 3110 Clementem
933 3048 997 3114 Vll.

73 3133 201 3194 Crimini
230 3133 311 3193 enim
335 3132 424 3193 datur
448 3132 521 3193 huic
541 3131 691 3192 Clementi
717 3133 874 3214 ingressus
897 3131 996 3194 Simo·

73 3218 181 3276 uiacus
203 3222 234 3276 et
254 3216 369 3277 iactata
391 3221 529 3296 potestas
551 3212 666 3277 Vicarii
689 3216 879 3292 universalis,
902 3234 998 3298 prava

73 3301 167 3361 etiam
189 3298 329 3360 doctrina
351 3308 383 3359 et
403 3297 557 3379 turpitudo
581 3316 710 3375 morum,
731 3304 794 3359 tum
816 3299 946 3359 saevitia
967 3299 997 3358 in

72 3384 143 3463 pion
167 3390 198 3444 et
219 3383 374 3444 cunctatio
407 3380 663 3442 adiudicandum
686 3379 857 3442 Concilium
892 3399 998 3460 quam-

74 3467 121 3526 vis
143 3485 162 3526 a
184 3464 318 3526 Caesare
339 3474 370 3525 et
393 3465 460 3526 aliis
476 3466 680 3545 postulatum3
703 3471 734 3524 et
755 3464 795 3526 ob
818 3483 885 3525 eam
898 3465 997 3544 ipsam

75 3566 201 3610 cansam
234 3554 446 3610 convocantur
481 3547 531 3617 hic
553 3567 660 3608 omnes
682 3545 793 3608 Christi
814 3546 943 3624 fideles,
966 3552 1000 3607 ut
1051 3622 1055 3627 ³

76 3631 116 3692 ad
142 3632 306 3695 ecclesiam
336 3632 522 3693 conveniant
551 3639 582 3691 et
604 3632 787 3692 seutentiam
815 3631 945 3711 Spiritus
967 3628 998 3692 S.

76 3714 114 3776 da
136 3714 354 3776 reformatione
377 3715 527 3776 eeclesiae
549 3712 683 3776 audiant.

106 3832 197 3874 Lntherl
212 3843 265 3883 opp.
277 3834 303 3874 V.
318 3832 345 3872 A,
360 3830 389 3872 'ad
402 3833 445 3874 rel.
459 3832 511 3873 lrlst.
525 3831 539 3874 l.
554 3841 577 3882 p.
590 3828 643 3874 Vol.
656 3831 709 3874 vll·
835 3795 886 3861 Ἃ
