2348 4162
292 268 330 326 ad
347 271 381 327 D.
400 271 542 327 Erasmum
560 271 784 329 Roterodamum.
938 272 1001 337 243

76 460 202 503 manum
226 447 309 503 tuam
331 442 369 504 ad
392 443 475 524 quod
497 444 638 526 volueris,
658 443 688 504 id
713 450 769 525 est,
791 447 1006 524 grstiaexten·

76 525 132 586 det
151 544 277 587 manum
299 533 392 605 tuam,
416 526 454 588 ad
477 527 558 606 quod
581 528 649 608 ipsa
669 526 761 604 velit3
795 527 898 589 Facite
915 526 1003 589 vobis

77 626 286 691 cornorum,
309 608 339 670 id
363 616 424 689 est,
457 611 555 690 gratia
581 610 673 671 faciet
693 610 782 672 vobis
805 628 1003 689 cornorum,

77 697 110 753 et
132 692 252 757 similia.
296 692 457 773 Indignum
487 694 579 772 igitur
607 693 742 770 videtur,
770 693 796 752 si
816 692 948 754 Luthero
971 693 1004 753 li·

77 781 149 836 seat
171 782 232 836 tam
266 776 432 837 violentam
464 783 637 856 tortamque
658 777 939 856 interpretationem
963 776 1004 836 af-

76 858 174 934 ferre,
211 865 242 919 et
272 878 335 920 uon
358 859 454 920 multo
486 860 583 938 magis
605 860 698 922 liceat
720 858 1003 939 probatissimorum

76 940 248 1002 Doctorum
270 942 538 1023 interpretationes
561 944 659 1022 sequi.
702 941 796 1002 Vides
819 942 924 1020 itaqua
944 941 1005 1021 hic,

77 1043 140 1085 non
164 1022 203 1084 de
225 1030 311 1085 textu
338 1027 407 1106 ipso
430 1044 488 1087 nec
514 1026 575 1086 iam
599 1025 638 1086 de
660 1025 792 1105 aequalis
815 1033 845 1085 et
867 1024 1004 1085 similitu·

77 1106 211 1184 dinibus,
233 1107 286 1168 sed
309 1109 348 1169 de
371 1111 466 1189 tropis
489 1116 519 1169 et
539 1108 840 1189 interpretationibus
864 1109 1002 1189 pugnari.

76 1187 211 1265 Quando
233 1210 308 1272 ergo
331 1194 403 1273 erit,
436 1199 469 1251 ut
490 1192 659 1271 simplicem
680 1209 849 1272 purumque
871 1192 1004 1271 aliquem

76 1274 144 1334 sine
167 1275 264 1354 tropis
287 1282 317 1335 et
339 1275 472 1354 sequelis
495 1280 613 1335 textum
637 1294 693 1354 pro
715 1275 813 1335 libero
826 1273 949 1335 arbitrio
974 1279 1005 1334 et

77 1362 187 1419 contra
208 1356 336 1418 liberum
355 1358 508 1418 arbitrium
537 1357 728 1418 babeamus?
771 1357 819 1417 An
841 1358 918 1418 tales
940 1362 1005 1417 tex·

77 1446 127 1502 tus
156 1458 306 1519 nusquam
336 1440 428 1501 habet
454 1439 629 1520 Scriptura,
669 1447 880 1521 perpetuoque
914 1440 1006 1501 dubia

77 1523 135 1584 erit
158 1541 253 1583 cansa
275 1522 358 1584 liberi
382 1523 518 1584 arbitrii?
550 1531 583 1582 ut
604 1542 683 1603 quae
706 1523 790 1583 nullo
813 1529 897 1583 certo
920 1528 1005 1583 textu

77 1604 232 1685 firmatur,
263 1605 317 1666 sed
339 1607 413 1667 solis
436 1605 568 1686 sequelis
591 1613 622 1667 et
644 1607 755 1685 tropis,
789 1624 843 1685 per
865 1605 1005 1666 homines

79 1694 184 1749 mutuo
217 1688 433 1751 dissentientes
462 1689 609 1771 inductis,
645 1690 778 1769 agitatur
807 1689 885 1748 siout
906 1689 1005 1749 ventis

79 1771 208 1835 arundo.

161 1888 214 1952 Sic
234 1889 336 1971 potius
358 1890 542 1969 sentiamus,
581 1907 681 1968 neque
710 1887 866 1968 sequelam
905 1905 1005 1968 neque

81 1978 202 2053 tropum
229 1974 259 2033 in
288 1972 350 2033 ullo
380 1972 450 2034 loco
473 1971 647 2052 Scripturas
680 1991 748 2032 esse
774 1970 1005 2052 admittendum,

78 2058 134 2117 nisi
163 2054 194 2116 id
224 2063 320 2137 cogat
346 2056 574 2117 circumstantia
605 2054 767 2116 verborum
797 2054 938 2130 evidens,
975 2061 1006 2115 et

81 2138 252 2200 absurditas
274 2139 318 2200 rei
341 2138 530 2214 manifestae,
552 2140 582 2198 iu
605 2139 737 2218 aliquem
760 2136 831 2198 fidei
847 2138 1006 2199 articulum

80 2240 230 2302 peccans,
266 2221 320 2282 sed
353 2222 466 2301 ubique
487 2221 706 2283 inhaerendum
731 2229 776 2282 est
798 2221 929 2300 simplici
951 2241 1005 2301 pu·

80 2324 193 2385 raeque
229 2311 261 2365 et
292 2305 422 2366 naturali
451 2304 668 2386 significationi
701 2303 881 2381 verborum,
914 2322 1005 2382 quam

81 2389 282 2469 grammatica
303 2394 335 2449 et
357 2407 429 2448 usus
451 2387 597 2468 loquendi
618 2387 720 2468 habet,
743 2405 832 2465 quem
846 2385 928 2446 Deus
940 2405 1004 2447 ure-

81 2473 141 2532 asit
162 2472 194 2531 in
228 2470 413 2535 hominibus.
457 2470 547 2546 Quod
570 2473 594 2530 si
617 2471 713 2530 cuivis
737 2469 842 2549 liceat,
872 2488 927 2549 pro
950 2488 1007 2530 sua

81 2553 205 2616 libidine
226 2554 368 2635 sequelae
391 2560 421 2614 et
434 2560 540 2634 tropos
562 2555 591 2613 in
607 2551 768 2632 scripturis
786 2550 911 2632 lingere,
935 2551 1006 2632 quid

81 2639 134 2699 erit
156 2635 314 2717 Scriptura
347 2642 413 2701 tota
443 2638 500 2697 uisi
523 2635 640 2697 arundo
675 2636 773 2695 ventis
799 2636 915 2715 agitata
953 2640 1007 2695 aut

83 2720 268 2781 Vertumnus
301 2718 431 2800 aliquis?
474 2719 551 2780 Tum
584 2738 656 2780 vere
687 2717 760 2777 nibil
796 2718 870 2778 certi
908 2735 1008 2796 neque

81 2809 230 2867 statuetur
262 2822 362 2885 neque
397 2802 574 2884 probabitur
600 2804 631 2862 in
661 2801 724 2862 ullo
759 2800 888 2861 articulo
924 2798 1006 2881 ddei,

70 2882 163 2966 'quod
185 2905 248 2947 non
264 2906 359 2967 queas
373 2886 476 2966 aliquo
492 2895 581 2966 tropo
595 2885 742 2947 cavillari.
787 2884 882 2945 Vitari
894 2884 1007 2964 potius,

82 2971 160 3032 siout
181 2970 464 3050 praesentissimum
481 2989 644 3047 venenum,
667 2967 758 3029 debat
779 2968 879 3028 omnis
893 2976 1007 3047 tropus,

83 3070 173 3133 quem
196 3071 260 3114 non
281 3054 365 3135 cogit
387 3054 518 3133 ipsamet
540 3051 705 3132 Scriptura.

167 3186 263 3266 Vide,
295 3187 366 3267 quid
394 3188 540 3248 acciderit
571 3186 736 3266 tropologo
764 3185 807 3245 illi
830 3183 955 3265 Origeni
977 3186 1008 3245 iu

47 3336 63 3351 ,
84 3270 261 3333 enarrandis
273 3270 457 3352 Scripturisi
479 3290 568 3350 quam
592 3268 700 3349 dignas
723 3268 849 3346 praebet
871 3267 1008 3329 occasio·

83 3372 136 3415 nes
159 3353 374 3415 calumniatori
396 3354 566 3435 Porphyris
580 3350 629 3430 ¹),
663 3359 695 3412 ut
716 3351 906 3432 Hieronymo
934 3369 1009 3429 quo-

103 3456 141 3498 ne
163 3437 324 3499 rideantur
349 3437 595 3518 permiscere,
618 3437 669 3515 qui
691 3435 856 3516 Origenem
878 3439 1009 3495 tuentur.

84 3453 162 3595 duro
192 3520 304 3581 accidit
332 3520 453 3582 Arianis
481 3521 511 3580 iu
544 3526 633 3600 tropo
660 3518 732 3599 illo,
771 3536 833 3598 quo
856 3516 1007 3578 Christum

155 3774 184 3839 1)
203 3772 236 3828 ln
253 3771 298 3830 ad.
317 3773 387 3831 1525
405 3777 433 3829 at
451 3773 536 3829 1526:
554 3769 719 3842 Porphyrio.
731 3839 795 3911 w
