2348 4162
338 274 376 331 ad
394 275 595 340 D..tlrasmum
612 277 839 337 Rotorodarnurn.
986 279 1050 349 359

211 442 291 508 liam
314 443 388 508 dieit
409 445 611 528 Baptista*):
633 447 736 510 Homo
758 468 820 511 non
843 454 948 530 potest
968 450 1048 511 aeoi-

127 546 200 608 pars
222 529 399 608 quiequam,
421 531 479 591 nisi
501 530 595 592 fuerit
616 533 643 592 ei
666 530 769 592 datum
793 532 832 592 de
854 532 954 595 ooelo.

207 608 337 673 Desinat
372 611 422 673 hio
454 613 583 675 diatriba
614 634 700 675 suam
733 622 888 676 ostentare
916 617 1049 696 eopiam,

126 693 177 755 ubi
201 695 317 773 omnia,
341 712 421 774 quae
444 695 482 758 da
504 698 593 758 coelo
615 696 775 776 habemus,
799 705 947 760 numerat.
981 698 1047 760 Nos

125 796 189 839 non
212 776 252 839 de
273 784 392 860 natura,
414 779 469 840 sed
492 779 532 840 de
552 782 651 860 gratia
673 779 874 861 disputamus,
896 800 954 842 nee
976 800 1048 860 qus·

124 860 170 922 les
192 862 288 922 simus
310 869 554 941 superterram,
583 863 636 925 sed
659 864 766 942 quales
788 866 883 925 simus
905 865 935 924 iu
958 863 1047 925 ooslo

94 1002 97 1008 s
125 962 231 1004 eoram
250 944 328 1023 Deo,
349 947 534 1024 quaerimus.
579 946 708 1022 Seimus,
730 946 813 1027 quod
836 948 929 1008 homo
952 946 1048 1008 domi-

123 1046 182 1089 nus
204 1033 253 1088 est
286 1027 479 1089 inferioribus
513 1049 547 1090 ss
569 1031 770 1108 eonstitutus,
802 1032 832 1091 in
856 1050 935 1110 quae
956 1030 1050 1091 babet

123 1111 170 1171 ins
193 1118 224 1170 et
246 1108 373 1172 liberum
395 1111 561 1193 arbitrium,
585 1119 618 1174 ut
638 1113 696 1174 illa
713 1113 859 1175 obediant
873 1121 904 1175 et
924 1114 1048 1192 laniant,

123 1213 204 1273 quae
225 1193 292 1274 ipss
315 1194 381 1256 vult
405 1201 436 1254 et
459 1197 584 1277 cogitet.
627 1195 689 1256 Sed
711 1197 772 1258 hoe
792 1199 984 1277 quaerimus,
1007 1215 1046 1257 an

122 1294 198 1357 erga
210 1275 308 1337 Deum
330 1276 443 1338 habeat
454 1277 582 1339 liberum
606 1278 773 1357 arbitrium,
794 1286 829 1341 ut
848 1280 900 1341 ills
923 1279 1049 1341 obediet

122 1366 154 1420 et
175 1359 284 1437 faeiat,
318 1378 397 1439 quae
420 1361 514 1422 homo
537 1362 681 1437 voluerit,
704 1363 753 1423 vel
773 1364 875 1443 potius
899 1382 938 1423 an
960 1362 1048 1425 Deus

120 1442 153 1503 in
175 1443 332 1504 hominem
354 1443 467 1505 habeat
487 1443 615 1506 liberum
639 1444 806 1527 arbitrium,
829 1452 862 1507 ut
883 1447 908 1506 is
921 1446 995 1507 velit
1016 1452 1048 1507 et

122 1525 225 1603 faeiat,
247 1526 330 1605 quod
353 1526 436 1587 Deus
459 1526 540 1607 vult,
576 1533 607 1588 et
627 1529 702 1588 nihil
735 1530 849 1609 possit,
883 1529 940 1588 nisi
963 1528 1046 1607 quod

121 1608 175 1669 ille
197 1608 330 1669 voluerit
355 1616 386 1671 st
407 1609 522 1674 t'euerit.
565 1610 623 1671 Hie
644 1611 716 1672 dioit
729 1612 877 1692 Baptista,
900 1611 983 1691 quod
1006 1611 1048 1671 ni·

121 1691 164 1752 hil
187 1692 329 1773 aeeipera
350 1694 458 1773 possit,
481 1694 538 1755 nisi
559 1692 689 1755 donetur
711 1695 741 1755 ei
762 1694 801 1755 de
824 1694 931 1775 eoslo,
953 1712 1048 1774 quare

121 1774 196 1835 nihil
219 1776 277 1836 erit
297 1774 425 1837 liberum
447 1776 614 1840 arbitrium.
927 1808 930 1813 ·

204 1856 298 1920 item:
322 1857 382 1934 Qui
403 1858 443 1919 de
465 1866 544 1921 terra
566 1866 623 1940 est,
645 1860 684 1922 da
697 1867 778 1922 terra
791 1871 838 1923 est
859 1865 891 1920 et
911 1857 1047 1920 deterre

120 1940 266 2024 loquitur,
288 1942 341 2022 qni
363 1941 402 2003 de
424 1941 513 2005 eoeio
536 1944 635 2024 venit,
658 1963 751 2024 super
772 1962 880 2004 omnes
901 1951 957 2006 est.

206 2023 264 2085 Hie
285 2026 393 2086 iterum
416 2045 523 2087 omnes
547 2033 685 2088 terrenos
699 2027 781 2108 faoit,
805 2034 985 2106 terrenaque
997 2044 1045 2086 sa·

121 2126 195 2187 pere
219 2114 251 2169 at
273 2109 358 2189 loqui
381 2108 454 2170 dicit
475 2128 547 2187 eos,
574 2111 710 2191 quinon
734 2117 805 2172 eunt
827 2110 951 2191 Christi,
989 2128 1047 2171 neo

120 2191 241 2253 medios
263 2191 384 2272 aliquos
406 2191 560 2273 relinquit.
604 2194 646 2256 At
668 2193 795 2255 liberum
808 2193 965 2255 arbitrium
988 2193 1046 2255 uti·

121 2292 183 2354 que
203 2293 266 2335 non
288 2280 337 2336 est
358 2275 421 2353 ille,
444 2277 495 2356 qui
518 2276 557 2337 de
570 2276 659 2338 ooelo
683 2279 775 2354 venit,
799 2295 894 2355 quara
915 2274 1047 2337 deterre

121 2375 191 2418 esse
215 2365 246 2418 st
267 2362 379 2418 terram
407 2377 518 2437 sapere
546 2365 576 2419 et
598 2359 683 2438 loqui
705 2378 833 2420 neeesse
856 2365 910 2423 est.
954 2357 1045 2434 Quod

124 2440 148 2500 si
171 2438 276 2520 aliqua
308 2440 354 2501 vis
384 2440 414 2501 in
437 2440 562 2502 homine
583 2441 687 2521 aliquo
710 2449 867 2522 tempore,
902 2441 971 2503 loeo
994 2447 1047 2502 aut

122 2541 218 2602 opere
240 2541 302 2585 non
326 2529 448 2584 terrena
468 2532 600 2604 saperet,
623 2524 704 2585 buno
716 2526 854 2605 Baptista
875 2522 981 2585 debuit
993 2544 1046 2585 ex·

122 2606 235 2686 eipere,
257 2612 289 2667 et
310 2625 373 2667 non
387 2607 575 2687 generaliter
586 2606 624 2668 de
637 2607 778 2668 omnibus
792 2614 879 2668 extra
893 2606 1045 2669 Christum

123 2688 236 2766 diuers,
261 2688 299 2749 de
322 2695 403 2752 terra
424 2697 505 2770 sunt,
529 2689 569 2750 de
590 2698 671 2751 terra
693 2690 867 2769 loquuntur.

205 2772 257 2833 fiio
280 2772 360 2834 infra
382 2772 457 2853 Gap.
480 2775 500 2838 8
523 2792 646 2853 quoque
660 2771 733 2834 dioit
755 2773 908 2836 Christus:
932 2772 996 2832 Vos
1009 2771 1046 2831 de
1106 2764 1109 2769 ’
1161 2836 1164 2841 ,

124 2853 238 2916 mundo
261 2855 345 2935 estis,
370 2874 430 2935 ago
453 2875 515 2918 non
538 2875 604 2917 sum
628 2854 667 2917 de
687 2855 811 2934 mundo,
832 2875 890 2918 vos
902 2855 1045 2917 deorsum

122 2939 208 3015 ostis,
231 2956 291 3019 ego
314 2936 352 2999 de
374 2940 513 3019 supernis
535 2959 613 3002 sum.

205 3021 248 3083 Ar
278 3019 322 3082 illi
351 3021 508 3083 habebant
539 3022 666 3084 liberum
702 3021 876 3102 arbitrium,
907 3020 946 3082 ad
969 3039 1046 3101 quos

122 3103 320 3185 loquebatur,
344 3104 478 3183 suilieet,
498 3106 649 3167 rationem
671 3112 702 3166 st
725 3105 925 3184 voluntatem,
948 3112 981 3165 et
1001 3111 1046 3165 ta-

123 3207 193 3248 men
216 3185 257 3248 de
280 3186 394 3248 mundo
417 3206 472 3248 sos
494 3207 565 3249 esse
586 3188 667 3249 dioit.
711 3187 887 3264 Quid·vero
910 3188 982 3247 novi
1006 3186 1047 3246 di-

122 3276 222 3349 oeret,
261 3270 286 3328 si
321 3270 488 3331 seeundum
517 3290 641 3333 earnem
663 3276 694 3331 et
716 3289 837 3333 crassos
859 3269 987 3331 alieetus
1010 3269 1048 3329 ds

124 3353 239 3414 mundo
276 3370 346 3413 esse
375 3371 429 3413 eos
452 3353 589 3415 diceret?
631 3354 679 3414 Au
702 3355 762 3415 hoe
783 3372 843 3414 uon
869 3360 941 3413 ante
962 3352 1049 3413 norit

124 3444 206 3499 totus
240 3433 393 3496 mundus?
435 3434 514 3499 Turn
548 3437 620 3518 quid
654 3456 732 3517 opus
767 3442 814 3497 est
846 3435 986 3497 homines
1010 3454 1048 3495 ea

124 3525 222 3599 parts,
245 3537 307 3598 qua
328 3517 462 3581 bmtales
485 3527 566 3597 sunt,
590 3520 628 3582 de
645 3520 760 3582 mundo
774 3521 885 3597 diosus,
907 3537 975 3579 eum
988 3517 1048 3579 hoo

123 3602 217 3663 modo
239 3608 272 3663 et
293 3601 411 3664 bestiae
432 3603 492 3663 sint
515 3602 552 3665 de
575 3602 709 3665 mundo?

178 3791 210 3871 ⁸)
229 3787 327 3846 Iohan.
346 3789 372 3846 3.
