2348 4162
214 252 278 320 334
456 252 499 309 Ds
517 268 600 309 servo
617 251 733 308 arbitrio
749 251 786 308 D.
804 252 839 309 u.
857 253 889 309 L

214 424 273 502 lus,
293 422 367 484 ideo
389 440 451 483 non
475 421 513 484 de
535 422 684 504 abrogato
705 419 813 504 tege1)
838 420 926 502 dicit,
945 441 1020 484 cnm
1042 441 1139 502 opero

214 507 292 588 legis
315 512 486 584 memoret,
519 505 575 567 sed
609 507 647 567 de
669 505 737 586 lege
759 505 881 567 retente
916 513 948 569 et
977 512 1138 587 regnante.

215 591 340 670 Alioqui
371 608 464 670 quem
493 588 600 650 inisset
631 587 675 651 illi
707 586 800 649 feoile
822 588 938 651 dicere:
971 590 1041 651 Lex
1070 591 1139 672 ipsu

214 675 275 734 iem
298 679 345 734 est
366 672 536 754 abrogato?
584 671 618 733 ld
641 671 724 752 quod
745 671 852 733 fuisset
873 679 980 754 aperte
1002 679 1036 735 et
1057 673 1139 737 clere

131 792 136 801 ,
215 756 340 818 dictum.
373 755 434 818 Sed
455 754 618 818 efferemus
641 757 806 836 ipsummet
818 755 958 838 Pontum,
979 757 1028 817 sui
1050 757 1139 819 inter·

216 847 332 922 pretem
354 840 515 920 optimum,
537 839 642 920 quiin
664 837 765 901 Galat.
789 841 818 904 3.
841 838 930 900 dicit:
954 838 1138 921 Quicunque

209 944 255 984 ,ex
277 923 421 1004 operibus
444 922 519 1003 legis
542 928 623 1002 sunt,
646 922 701 983 sub
728 921 893 984 meledicto
915 929 996 985 sunt.
1039 923 1138 1005 Scrip-

214 1015 278 1068 tum
301 1013 347 1068 est
369 1007 465 1067 enim:
488 1004 668 1067 Maledictus
691 1006 807 1082 omnis,
838 1007 975 1086 quinon
997 1026 1138 1088 permun-

215 1091 289 1150 serit
308 1092 339 1149 in
361 1089 523 1168 omnibus,
554 1107 633 1168 qnee
664 1089 778 1168 scripte
800 1096 870 1151 sunt
896 1091 927 1151 io
950 1088 1030 1152 libro
1053 1092 1138 1172 tegis,

215 1180 248 1233 ut
268 1172 361 1233 faciet
382 1192 429 1235 ee.
474 1171 569 1233 Vides
590 1171 641 1232 hic
663 1171 811 1252 Paulum,
840 1172 891 1235 ubi
914 1172 1048 1235 eundem
1072 1193 1137 1235 osu·

214 1252 652 1419 {ttittttgttitttttz
670 1255 1138 1421 ttgttttptt‘itqtssj‘ut

213 1425 271 1485 ties
293 1443 388 1504 opere
410 1422 488 1503 legis
509 1426 669 1483 memoret.

297 1507 337 1566 ,ut
357 1505 439 1587 quod
462 1504 628 1566 mirabilius
651 1510 717 1584 est,
748 1506 815 1586 ipse
837 1506 913 1567 citet
933 1506 1068 1585 Mosen,
1089 1507 1135 1587 qui

215 1590 379 1650 maledicet
410 1608 473 1650 non
500 1594 715 1669 permanentes
742 1588 773 1648 in
798 1587 894 1670 lege,
926 1607 997 1650 cum
1036 1596 1134 1653 tumen

216 1672 395 1734 maledictos
424 1671 597 1753 praedicet,
626 1671 677 1751 qui
704 1675 775 1732 suot
802 1691 841 1733 ex
871 1671 1019 1753 operibus
1053 1672 1135 1754 tegis,

214 1758 399 1818 contrarium
433 1756 534 1817 iocum
568 1754 742 1816 contrariae
774 1757 949 1817 sententiae
971 1754 1133 1831 adducens,

215 1860 283 1903 cum
305 1840 357 1901 iiie
378 1840 559 1920 negativus,
587 1837 637 1898 hic
659 1836 858 1899 affirmativus
891 1839 940 1904 sit.
996 1838 1134 1901 Sed-hoc

113 1954 118 1963 ¹
214 1924 296 2003 iecit,
321 1921 403 2002 quod
420 1941 469 1982 res
491 1923 534 1983 ito
546 1921 640 1983 hebet
661 1939 766 1982 corum
783 1921 861 2000 Deo,
884 1929 917 1983 ut
930 1922 984 2002 qui
1007 1924 1133 1985 maxine

215 2006 338 2068 student
360 2004 502 2086 operibns
524 2005 617 2085 legis,
641 2004 765 2066 minime
797 2004 897 2085 tegern
928 2004 1070 2086 implent,
1103 2022 1132 2066 so

216 2089 299 2170 quod
321 2090 427 2170 spiritu
450 2095 564 2159 curent,
587 2088 665 2167 legis
687 2094 954 2168 consummatore,
983 2107 1077 2169 quom
1099 2089 1132 2149 ri·

214 2173 297 2234 ribus
319 2175 380 2233 suis
402 2179 520 2233 tentare
542 2171 665 2251 quidem
688 2172 817 2252 possint,
839 2171 893 2232 sed
907 2171 984 2232 nihil
998 2171 1130 2234 efficiunt.

214 2255 264 2320 Ite
287 2261 447 2335 utrumque
469 2274 573 2316 verum
597 2260 653 2334 est,
686 2254 769 2334 quod
797 2257 883 2315 iuxto
914 2252 1025 2317 Mo'sen
1051 2255 1130 2316 mule·

215 2340 288 2400 dicti
310 2341 379 2419 sint,
403 2339 454 2418 qui
476 2357 539 2400 non
562 2343 753 2420 permanent,
775 2344 806 2398 et
827 2337 915 2399 iuxta
937 2338 1067 2400 Pontum
1080 2356 1127 2399 mu·

215 2423 319 2484 ledicti
353 2425 434 2503 sint,
467 2423 612 2503 quisunt
646 2440 687 2482 ex
710 2420 854 2502 operibus
877 2421 979 2502 legis,
1014 2430 1126 2503 uterquc

216 2508 296 2567 enim
319 2506 457 2586 spiritum
480 2505 600 2586 exigit,
637 2505 703 2565 sine
724 2523 785 2584 qno
809 2522 904 2585 opere
925 2504 1021 2586 legis,
1050 2522 1125 2586 qner-

216 2588 354 2650 tumlibet
375 2587 459 2667 fient,
479 2607 541 2650 non
564 2587 740 2671 iustificant,
762 2593 795 2647 nt
808 2586 920 2648 Paulus
941 2587 1027 2669 dicit,
1049 2602 1123 2669 qnare

215 2692 274 2734 uec
295 2678 479 2754 permanent
515 2673 546 2732 in
569 2669 726 2751 omnibns,
760 2689 839 2751 quae
860 2673 977 2753 scripte
1000 2678 1084 2751 sunt,
1102 2672 1123 2727 ut
1166 2748 1168 2755 Ι

216 2757 318 2817 Moses
341 2755 423 2816 dicit.
1165 2770 1168 2777 ·

298 2839 448 2916 Summa,
482 2837 593 2899 Paulus
619 2837 784 2918 partitione
807 2855 863 2899 sus
884 2837 959 2898 setis
982 2834 1121 2899 confirm

214 2923 286 3003 hoc,
309 2921 391 3002 quod
414 2920 551 2998 dicimus,
569 2920 676 2982 dividit
697 2920 778 2981 enim
798 2920 939 2982 homines
963 2928 1119 3002 operatore

214 3006 292 3085 legis
314 3008 345 3066 in
376 3005 459 3084 dno,
487 3003 564 3065 elios
592 3004 665 3065 facit
693 3004 800 3085 spiritu
830 3011 1034 3085 operatores,
1062 3002 1119 3065 elios

215 3108 307 3150 cerne
329 3108 348 3150 o
373 3094 519 3167 eretores,
541 3087 627 3148 nullo
649 3087 756 3148 relicto
779 3088 898 3167 medi03
926 3090 973 3148 sic
996 3090 1073 3149 enim
1090 3082 1118 3143 di·

216 3175 315 3249 cit*):
368 3191 408 3233 on
430 3169 642 3261 ipstificebitur
675 3169 737 3230 ullo
757 3188 830 3232 csro
866 3190 905 3231 ex
928 3166 1116 3253 oportunae

215 3259 272 3337 gis.
327 3255 406 3331 Quid
429 3260 477 3315 est
508 3254 569 3315 hoo
590 3253 693 3333 eliud,
727 3272 818 3333 quam
840 3253 910 3316 iilos
943 3254 1013 3318 sine
1034 3251 1116 3335 spirito

216 3338 338 3422 operari
360 3341 390 3399 in
413 3339 493 3419 tege,
515 3357 583 3398 cum
607 3339 668 3398 sint
690 3355 778 3417 cero,
800 3337 830 3398 id
853 3344 916 3419 est,
937 3339 1024 3419 impii
1045 3344 1073 3399 st
1087 3334 1115 3410 ig·

215 3425 284 3486 neri
301 3424 368 3502 Dei,
391 3423 500 3503 quibus
524 3441 562 3484 ee
582 3440 678 3504 opere
700 3420 773 3481 nihil
792 3422 919 3502 prosint.
952 3419 1009 3485 Sic
1028 3414 1114 3483 ecit.

288 3714 318 3783 1)
340 3713 372 3767 In
389 3711 433 3768 ed.
446 3712 530 3769 1526:
545 3710 610 3766 ideo
629 3726 684 3766 non
695 3709 833 3781 abrogata
850 3709 928 3781 lege;
950 3700 1113 3768 nostrstcctit

212 3783 333 3856 repetite
351 3788 394 3840 est
411 3799 445 3840 ex
461 3783 506 3839 ed.
530 3785 595 3840 1525
615 3788 643 3840 et
661 3782 704 3838 ed.
725 3785 780 3838 len.
807 3783 838 3852 ·)
850 3783 929 3838 Rom.
950 3786 973 3840 3.
