2348 4162
143 249 285 330 quomodo
303 257 366 313 nna
384 257 454 335 nou
473 272 491 312 a
509 255 672 327 aurisonis
689 229 802 328 legendi
821 256 884 313 uns
922 255 984 320 tos

58 433 169 513 plagas
204 433 312 493 merito
347 447 456 493 omnes
479 431 641 509 accipiant,
664 428 769 508 quod,
804 447 872 488 cum
895 446 983 487 suurn
1013 453 1016 459 ⁴
1111 425 1113 431 ’

59 517 173 594 cuique
194 528 303 574 mu'nus
338 514 466 576 seorsim
494 513 686 590 attribuerit,
716 531 754 572 eo
777 512 919 590 neglecto
953 511 984 569 iu
1099 574 1107 592 λ,

59 599 194 658 alienam
216 597 404 657 functionem
428 597 553 657 irruant.
597 596 709 656 Verum
733 599 758 653 si
781 594 860 653 idem
884 602 981 674 pater·

50 675 192 741 ¹familias
214 683 245 741 in
268 699 381 759 genere
415 681 582 759 praecipiat
605 679 751 738 familiae:
789 671 879 736 Hunc
904 676 984 736 diem

52 783 170 842 omnes
192 763 302 824 festum
326 763 441 841 agatis,
463 763 524 823 ho'c
543 761 593 821 die
616 763 835 823 conveniemus
858 760 895 818 ad
919 779 985 839 pre·

60 847 205 922 candum,
229 854 337 926 postea
359 845 397 906 ad
420 845 526 924 epulas
549 851 630 922 etc,
652 845 702 904 hic
723 851 806 904 recte
829 862 935 904 omues
955 848 986 901 et

59 930 225 1010 singuliin
247 928 363 989 familia
384 947 440 1008 pro
463 948 497 988 se
520 930 649 1007 quisque
681 928 738 987 sihi
772 928 906 1007 praecipi
940 924 996 988 iu·

61 1013 248 1094 telligerent.

145 1129 266 1190 Eadem
290 1146 414 1208 prorsus
450 1134 497 1188 est
520 1129 596 1188 ratio
629 1129 659 1188 in
698 1126 906 1188 discernendis
931 1128 987 1188 Dei

62 1212 244 1291 mandatis,
268 1211 382 1291 siquid
405 1212 532 1270 seorsim
554 1220 751 1291 praeceptum
787 1217 833 1271 est
862 1212 912 1268 uni
936 1216 989 1271 aut

61 1285 209 1377 plt'rrihus,
226 1293 265 1355 de
275 1311 313 1355 eo
328 1293 386 1353 illis
399 1305 490 1354 curae
504 1295 551 1370 sit,
562 1293 671 1373 quibus
687 1294 790 1353 datum
804 1294 986 1353 estmanda-

62 1389 137 1459 tum,
155 1385 187 1438 tu
203 1379 264 1438 hoc
282 1376 463 1457 agas,quod
477 1376 530 1436 tibi
541 1372 736 1456 praecipitur,
759 1376 813 1452 sed
825 1377 858 1435 si
870 1378 986 1438 uuiver-

64 1462 132 1523 sale
154 1468 203 1522 est
215 1460 391 1521 mandatum
406 1466 437 1519 et
457 1459 597 1540 omnibus
614 1479 653 1519 ex
668 1478 768 1538 aequo
782 1461 986 1539 propositum,
1048 1471 1052 1476 ’
1079 1472 1081 1476 ’

61 1547 143 1606 scias
166 1551 198 1604 et
221 1557 250 1604 te
272 1542 397 1604 includi.
431 1543 486 1601 'lta
519 1542 600 1621 quod
624 1561 677 1623 per
700 1543 805 1602 Mosen
831 1542 911 1609 Dens
945 1544 986 1602 lo·

62 1633 152 1688 entus
177 1633 233 1704 est,
257 1627 327 1705 quia
349 1631 477 1684 testatur
499 1645 531 1685 se
562 1626 612 1686 uni
636 1625 751 1704 populo
773 1622 868 1698 Israel
894 1626 984 1704 loqui,

60 1711 131 1772 ideo
154 1710 195 1770 ad
217 1709 349 1788 reliq'uas
371 1709 484 1786 gentes
507 1727 569 1769 non
594 1710 746 1788 pertinet,
776 1713 806 1767 at
825 1706 985 1786 Evangelii

62 1794 239 1875 patefactio,
264 1801 296 1851 nt
318 1796 383 1850 erat
413 1811 467 1870 per
488 1791 654 1871 propbetas
687 1789 843 1871 praedicta
865 1798 896 1851 et
918 1812 985 1871 pro·

64 1879 178 1955 missa,
209 1877 253 1935 ita
275 1893 329 1955 per
352 1872 503 1934 Christum
527 1892 563 1934 ac
586 1875 745 1955 apostolos
768 1877 796 1933 in
821 1880 916 1934 totum
940 1895 986 1934 or·

64 1961 133 2020 bem
156 1956 334 2039 sperasset
357 1965 386 2015 et
409 1957 474 2016 sine
503 1960 687 2037 exceptione
710 1957 852 2017 omnihus
874 1969 986 2039 propo·

63 2044 153 2123 nitur,
177 2059 271 2120 quare
294 2039 374 2099 hanc
396 2040 514 2119 singuli
529 2042 572 2099 ita
595 2042 756 2122 accipiant,
779 2048 925 2119 tanquam
948 2040 986 2101 ad

61 2147 94 2187 se
116 2124 317 2206 peculiariter
338 2123 481 2184 dictam.¹

150 2232 293 2302 Recitavi
311 2229 390 2300 'duas
413 2259 660 2325 causaquuare
681 2238 759 2302 Mosi
782 2241 875 2304 leutio
898 2243 987 2304 nobis
1095 2238 1096 2242 ’
1145 2235 1148 2242 ’

64 2326 174 2406 prosit,
197 2343 260 2384 non
285 2331 317 2384 ut
339 2335 479 2403 putemus
509 2343 565 2383 nos
589 2323 717 2403 obligari
754 2323 834 2385 illius
856 2325 985 2406 legibus,
1071 2329 1073 2333 '

63 2409 118 2469 ssd
145 2407 230 2487 quod
253 2407 291 2467 de
313 2426 351 2466 ea
372 2415 459 2487 parte
481 2407 568 2487 legis,
591 2425 669 2486 quae
692 2417 801 2469 natura
822 2406 918 2470 indita
941 2417 988 2469 est

64 2492 161 2552 menti
184 2490 362 2569 humanae,
386 2508 443 2549 nos
465 2490 610 2550 admonet
632 2499 662 2550 et
683 2489 738 2550 has
773 2493 896 2552 notitias
919 2492 986 2551 illu·
1013 2512 1016 2518 ·

63 2581 139 2635 strat
162 2580 195 2634 et
217 2572 397 2653 coufirmat,
420 2573 573 2652 planeque
606 2573 648 2632 ita
669 2591 737 2632 cum
776 2575 812 2633 iis
835 2578 1001 2653 congruit,

65 2667 272 2735 utnusquam
296 2655 403 2716 melius
426 2655 533 2716 ordine
553 2655 730 2716 distributae
748 2655 807 2714 sint
829 2656 914 2736 leges
937 2678 987 2717 na·

63 2748 149 2801 turae
162 2785 174 2819 ,
210 2757 299 2819 quam
322 2739 353 2799 iu
377 2739 444 2818 ipsa
467 2739 663 2820 expositione
686 2738 845 2819 decalogi,
863 2801 866 2806 ,
883 2741 986 2819 itaque

63 2824 113 2884 hic
135 2829 284 2901 tanquam
298 2821 465 2901 -speoulum
490 2821 578 2882 uobis
594 2823 770 2902 propositus
794 2841 863 2882 esse
885 2823 987 2904 debet,
1064 2820 1068 2828 ¹
1124 2828 1126 2835 '

64 2908 94 2967 in
117 2905 399 2984 quodintuentes,
419 2912 491 2964 ‘oum
514 2904 553 2964 de
577 2904 752 2966 obedientia
774 2905 986 2986 admonemur,

65 2987 306 3050 imbecillitatem
330 2995 465 3048 nostram
489 3007 694 3067 agnoscamus
729 2996 760 3048 et
781 2991 986 3068 agnoscentes
1085 3039 1089 3044 .
1119 3021 1121 3026 ·

65 3078 228 3152 peecatum
257 3069 367 3130 Christi
402 3069 583 3130 heneficium
602 3091 785 3150 quaeramus
814 3081 845 3132 et
877 3081 987 3152 postea

68 3154 108 3215 ad
130 3154 215 3215 hanc
236 3171 375 3215 normam
412 3159 508 3214 totam
533 3155 625 3214 vitam
658 3161 793 3215 nostram
833 3174 986 3235 regamus.
1068 3211 1070 3216 s

65 3234 189 3298 Deinde
211 3235 360 3315 prodest,
383 3242 414 3294 ut
438 3235 521 3312 dixi,
543 3239 707 3317 praecipue
729 3235 767 3296 ad
789 3237 873 3315 hoc,
905 3239 987 3317 quod

65 3321 286 3400 promissiones
309 3318 348 3378 de
370 3316 494 3382 Christo
518 3321 655 3404 continet
676 3320 770 3402 (quae
801 3322 831 3380 in
853 3321 913 3381 hoc
934 3341 988 3401 po-

65 3403 139 3483 pulo
163 3401 266 3465 editae
288 3408 432 3481 tanquam
463 3402 493 3462 in
532 3404 666 3463 sacrario
692 3410 876 3483 ,asservatae
907 3413 987 3484 sunt,

66 3495 97 3547 ut
118 3485 193 3545 inde
215 3485 244 3544 in
268 3503 376 3545 omnes
397 3492 505 3565 gentes
528 3484 801 3567 propagarentur),
824 3506 902 3566 quae
925 3506 987 3547 non

66 3565 167 3629 solum
190 3573 317 3647 propter
339 3567 485 3648 populum
509 3567 665 3628 ludoicum
688 3569 787 3629 editae
808 3578 898 3646 sunt,
932 3570 988 3631 sed

67 3651 107 3711 sd
130 3662 239 3711 omues
262 3659 369 3729 gentes
393 3652 552 3729 pertinent,
577 3654 609 3711 ut
631 3652 711 3711 clare
727 3651 867 3712 Abrahae
892 3653 987 3714 multo

66 3740 142 3809 ante
162 3735 359 3801 constitutam
383 3732 519 3813 politiam
536 3733 702 3809 Mosaicsm
726 3733 836 3795 tradita
858 3737 987 3815 proruis·

1094 3884 1106 3913 ἱ
