2348 4162
330 269 367 326 ed
385 271 420 326 D.
439 271 583 327 Erasmum
600 271 825 329 Roterodamum.
979 271 1042 340 357

122 429 309 512 seripturam
341 433 522 514 pessundos.
566 433 699 512 Deinde,
728 442 759 494 ut
789 437 890 498 verbis
919 437 1042 497 simules

122 522 152 577 te
185 515 338 577 Obnietum
372 516 533 597 confiteri,
577 537 610 578 re
647 518 714 597 ipse
750 527 851 579 tomen
887 527 917 580 et
949 521 1042 581 oorde

122 617 235 678 noges,
269 601 384 677 quiesi
411 599 495 660 liberi
520 601 633 661 arbitrii
667 596 712 660 vi's
745 620 806 661 non
845 610 893 662 eet
916 622 1042 664 erroneo

121 689 189 743 tote
211 700 313 762 neque
335 681 530 764 damnabilis,
563 683 616 744 sed
639 683 746 743 videno
768 691 799 744 et
821 685 928 746 volens
950 686 1042 747 houe-

121 771 170 824 σία
190 772 221 827 ot
243 762 336 842 bono,
358 774 447 846 enee,
471 785 549 846 quoe
571 773 643 826 eunt
653 766 769 842 salutis,
792 786 869 828 sana
891 775 946 843 ent,
960 769 1041 830 Chri-

121 854 171 909 sto
191 846 312 909 medico
335 867 397 909 non
420 848 511 909 habet
534 869 622 930 opus,
644 869 703 909 neo
726 849 863 910 Christus
886 871 953 911 eam
976 872 1042 930 per·

121 939 184 993 tem
205 930 338 992 hominis
360 931 503 1012 redemit,
537 934 623 1011 quio,
657 932 728 1011 qnid
752 939 798 992 eet
820 953 897 1013 opus
921 935 989 994 lune
1012 942 1042 995 et

121 1015 194 1095 vito,
217 1013 269 1075 ubi
292 1013 345 1075 lux
369 1021 400 1075 et
419 1016 481 1075 vite
503 1016 569 1075 esi?

209 1099 251 1159 At
271 1116 309 1157 ee
344 1117 407 1159 nou
437 1098 597 1179 redempta
624 1118 680 1178 peu
701 1098 853 1160 Christum
893 1101 1041 1180 optimum

121 1182 153 1241 iu
175 1180 301 1241 homine
324 1199 386 1242 non
409 1188 457 1240 est
476 1181 678 1261 redemptum,
700 1182 753 1242 sed
770 1203 825 1262 pen
840 1202 909 1243 nese
928 1182 1041 1244 bonum

121 1271 153 1324 et
175 1263 308 1324 eenlvum.¹
331 1264 409 1324 Tum
423 1264 505 1324 Deus
529 1282 651 1343 quoque
672 1266 794 1345 iniquus
818 1274 875 1341 ent,
898 1267 923 1325 si
947 1266 1040 1327 ullum

122 1347 279 1407 hominem
303 1346 438 1424 damnat,
462 1346 641 1426 quiaillud,
664 1348 746 1426 quod
769 1350 799 1408 in
817 1348 940 1409 homine
965 1351 1041 1429 opti·

122 1450 205 1491 mum
229 1435 276 1491 est
297 1441 328 1490 et
350 1450 473 1508 nonum,
502 1431 562 1490 hoo
591 1436 655 1505 est,
690 1433 883 1491 innocentem
907 1432 1041 1512 damnet,

123 1532 193 1574 num
217 1513 317 1573 nullus
339 1513 433 1574 homo
457 1533 518 1573 non
541 1512 634 1573 habet
657 1513 783 1574 liberum
807 1514 974 1578 arbitrium.
1003 1516 1042 1575 Et

122 1596 194 1657 iioot
216 1596 359 1657 abutetur
381 1597 478 1657 malus
500 1596 609 1673 homo,
632 1598 676 1657 vis
699 1604 800 1656 iumen
824 1599 890 1676 ipsa
913 1597 1042 1659 donetur

121 1676 191 1740 nou'·
208 1680 372 1759 exstingui,
394 1681 466 1759 quin
489 1679 527 1739 ad
551 1678 633 1739 bona
656 1688 783 1740 conetur
804 1689 834 1739 ei
849 1681 955 1741 oonari
971 1700 1041 1760 poo-

121 1764 171 1826 oit.
215 1761 248 1825 Si
271 1772 373 1823 eutem
397 1763 466 1822 tolie
489 1768 550 1840 ent,
575 1761 667 1823 dubio
691 1763 797 1843 prooul
820 1763 911 1840 bone,
934 1770 1042 1823 saneto

121 1852 153 1907 et
173 1846 256 1907 iusta
277 1852 333 1926 est,
357 1864 450 1924 quere
472 1865 534 1906 non
558 1843 649 1905 debet
671 1846 823 1922 damnari,
848 1845 901 1906 sed
924 1845 962 1906 ab
985 1846 1041 1906 ho·

122 1929 205 1991 mine
226 1928 402 1990 damnando
425 1930 571 2008 separari.
616 1931 656 1988 At
678 1929 739 1990 hoo
761 1929 825 1989 fieri
848 1930 970 2008 nequit,
999 1935 1041 1988 et·

122 2031 183 2091 que
204 2013 230 2073 oi
252 2010 317 2073 fieri
338 2018 454 2092 posset,
476 2019 539 2072 tum
563 2011 655 2073 homo
677 2013 738 2072 iem
760 2013 826 2074 nine
843 2011 939 2073 libero
963 2012 1041 2073 urbi·

121 2097 242 2157 trione
268 2096 363 2157 homo
395 2094 517 2174 quidem
547 2103 642 2170 esset,
677 2115 735 2156 neo
765 2104 945 2173 mereretur,
985 2115 1041 2155 neo

121 2178 337 2248 demereretur,
360 2197 419 2238 neo
441 2178 646 2255 damnaretur,
669 2199 726 2239 neo
748 2181 926 2258 salvaretur,
949 2186 1040 2239 esset-

121 2281 181 2342 que
203 2262 295 2342 plune
317 2262 448 2335 brutum,
470 2263 530 2321 iarn
562 2279 623 2321 uon
646 2263 835 2325 immortalis.
879 2263 1041 2341 Reliquum

120 2346 292 2425 igiturest,
317 2352 349 2405 ut
371 2344 456 2405 Deus
479 2345 519 2404 sit
539 2345 675 2423 iniquus,
699 2347 748 2424 qui
773 2344 895 2423 bonum,
919 2346 1040 2421 iustam,

120 2436 259 2489 canotum
282 2428 364 2488 illurn
388 2429 448 2487 vim
472 2427 610 2505 damnat,
641 2447 720 2506 quoe
743 2428 864 2488 Christo
888 2447 948 2488 non
971 2435 1043 2507 eget

122 2513 152 2571 in
178 2511 302 2572 homine
324 2514 355 2572 et
376 2529 446 2571 oum
467 2510 592 2570 homine
615 2511 705 2572 melo.

207 2594 266 2656 sed
290 2613 453 2675 pergamus
476 2595 506 2653 in
521 2592 667 2671 Iohanne,
693 2592 751 2668 Qui
772 2592 868 2652 oredii
882 2588 1039 2672 (inquiv)

121 2679 152 2739 in
175 2697 255 2757 enm,
279 2697 341 2738 non
365 2677 531 2755 iudicetur,
554 2677 605 2754 qui
628 2695 688 2737 non
713 2675 824 2751 credit,
845 2676 904 2734 iem
928 2673 1041 2736 iudioo-

121 2769 170 2821 ωε
204 2768 269 2841 oet,
313 2761 384 2840 quio
419 2779 480 2820 non
518 2759 614 2819 credit
649 2761 679 2818 in
725 2760 849 2820 nomine
894 2758 1040 2838 unigeniti

121 2842 174 2905 filii
198 2844 268 2909 Dei.

204 2926 381 3007 Responde,
404 2944 442 2984 on
466 2924 593 2985 liberum
612 2926 767 2986 arbitrium
793 2927 832 2985 sit
855 2925 892 2985 de
915 2943 1041 2984 numero

121 3009 310 3071 credentium
333 3027 440 3071 neone.
481 3006 514 3070 Si
539 3015 594 3085 eet,
623 3010 732 3069 iterum
756 3010 857 3088 gretia
880 3028 956 3088 opus
979 3028 1040 3068 non

120 3092 224 3169 habet,
248 3112 302 3174 per
323 3110 393 3152 sene
414 3091 542 3151 onedens
565 3091 594 3150 in
609 3092 771 3168 Christum,
795 3111 884 3170 quem
902 3111 955 3170 per
972 3109 1042 3151 nese

121 3195 180 3237 neo
202 3177 288 3237 novit
305 3193 363 3235 neo
385 3174 509 3254 cogitat.
554 3173 585 3234 si
615 3183 759 3253 nonest,
793 3176 852 3234 inin
876 3173 1040 3234 iudioutum

120 3267 184 3335 eui,
212 3259 274 3320 hoo
296 3257 368 3338 quid
391 3267 452 3333 est,
477 3257 535 3316 nisi
558 3256 735 3317 damnatum
759 3264 931 3318 eutonium
955 3256 1041 3316 Deo?

121 3343 163 3403 At
185 3342 268 3402 Deus
302 3361 364 3403 non
398 3340 524 3417 damnet
545 3340 603 3399 nini
625 3341 769 3419 impium,
804 3341 928 3420 impium
952 3340 1043 3418 igitur

121 3431 179 3489 ent.
223 3425 302 3501 Quid
326 3425 368 3505 pii
392 3443 464 3484 veno
486 3423 612 3503 impium
636 3422 788 3484 conetur?
820 3424 926 3501 Neque
949 3421 1041 3482 oredo

120 3507 172 3569 hio
193 3509 253 3568 vim
278 3508 363 3570 liberi
386 3507 500 3568 arbitrii
519 3507 620 3587 excipi
635 3527 739 3588 posse,
761 3525 829 3566 oum
853 3505 891 3565 de
909 3513 973 3565 toto
990 3505 1041 3565 ho·

335 3677 544 3689 -—-··--·---

193 3774 225 3844 ⁸)
244 3773 342 3832 Iohan.
355 3776 380 3832 3.
