2348 4162
127 238 193 305 470
411 237 513 309 (lapita
530 232 599 294 fidoi
616 226 785 295 christianae

130 410 263 481 animam
286 428 356 469 cum
379 429 528 490 corpore,
557 411 630 470 item
653 407 815 469 mendacia
838 413 870 468 et
890 405 1045 470 homicidis

130 499 200 553 sunt
223 486 410 572 pontificium
434 495 498 552 eius
522 512 650 572 regnum
672 494 805 572 proprie.

212 576 244 635 ln
268 576 314 635 his
338 585 468 655 quatuor
497 576 631 636 articulis
655 576 730 635 sutis
754 577 833 651 erit,
867 573 951 654 quod
974 572 1047 635 dum-

130 668 202 718 neut
224 660 255 719 in
281 658 418 739 Synodo.
470 658 539 720 Non
574 659 655 719 enim
687 657 737 718 vel
766 659 926 719 minimam
951 675 1048 718 eorum

130 749 247 821 partem
271 742 359 801 nobis
381 750 512 821 possunt
533 749 586 801 aut
608 741 715 802 volunt
735 741 852 820 largiri.
886 741 936 801 De
952 740 1049 801 hsorc

130 824 244 883 nullum
268 824 358 886 debet
381 825 469 884 nobis
491 844 560 884 esse
583 824 717 901 dubium,
740 826 802 884 imo
825 822 1049 885 confirmandus

130 914 177 967 est
198 908 316 967 animus
340 928 376 968 ea
399 909 539 967 nimirum
558 906 681 983 fiducia,
702 906 785 986 quod
806 904 896 968 Iesus
921 907 1050 968 Christus

130 990 168 1050 sit
190 1010 353 1070 aggressus
377 1010 449 1050 suos
472 991 593 1070 hostes,
627 994 659 1050 et
690 996 910 1069 persecuturus
942 992 982 1051 sit
1001 1008 1050 1051 cos

129 1083 194 1132 turn
218 1073 335 1153 spiritu,
358 1082 419 1133 tum
444 1074 578 1133 adventu
601 1091 674 1150 suo,
697 1072 806 1136 Amen.
851 1073 952 1135 Nobis
975 1074 1049 1139 enim

131 1158 161 1215 in
185 1155 312 1235 Synodo
346 1175 408 1216 non
432 1175 534 1216 coram
557 1154 749 1236 Imperatore
780 1163 832 1217 aut
854 1156 939 1217 civili
963 1156 1049 1235 magi·

132 1244 227 1298 stratu
250 1238 393 1299 standum
416 1242 472 1299 erit
498 1241 595 1316 (sicut
615 1238 812 1321 Augustae),
847 1239 899 1300 ubi
923 1238 1048 1320 lmpera

129 1329 177 1380 tor
190 1320 319 1382 Carolus
342 1342 465 1383 causam
481 1322 613 1402 benigne
625 1322 750 1385 audivit.
785 1321 846 1383 Sed
869 1340 929 1382 nos
951 1341 1048 1384 coram

131 1403 275 1482 pontifice
298 1413 328 1465 et
351 1405 475 1466 diabolo
497 1406 566 1484 ipso
595 1414 677 1466 stare
700 1404 870 1485 oportebit,
908 1407 958 1485 qui
981 1404 1047 1467 nihil

129 1486 204 1547 velit
224 1489 344 1563 audire,
370 1488 426 1548 sed
455 1488 570 1548 indicta
593 1506 687 1548 causa
710 1488 952 1567 condemnare„
966 1489 1047 1549 morli

128 1569 270 1631 addicere
294 1578 325 1631 et
356 1572 394 1631 ad
418 1570 592 1631 idolatriam
621 1590 742 1651 cogere.
795 1570 900 1646 Quare
922 1572 1046 1633 hicnon

129 1652 267 1713 dabimus
307 1654 445 1715 osculum
481 1653 609 1733 pedibus
643 1655 724 1731 eius,
762 1672 864 1733 neque
903 1656 1045 1727 dicemus:

129 1736 193 1796 Vos
224 1740 296 1797 estis
325 1737 466 1797 dominus
499 1757 584 1797 meus
607 1737 759 1816 clemens,
792 1736 847 1797 sed
872 1738 953 1798 siout
973 1734 1046 1816 apud

127 1818 307 1880 Zachariam
325 1821 453 1901 angelus
468 1819 507 1879 ad
523 1819 678 1880 diabolum
701 1822 761 1880 ait:
784 1820 896 1881 Punist
918 1828 949 1880 ts
963 1821 1046 1897 Deus,

129 1908 230 1962 satan.

264 2053 272 2071 ‘
377 2066 480 2126 Tertio
502 2086 573 2146 pars
596 2066 804 2131 articulorum.

210 2230 255 2289 De
279 2230 423 2307 articulis,
446 2231 496 2310 qui
521 2239 698 2311 sequuntur,
721 2252 789 2292 cum
810 2231 913 2294 doctis
937 2242 967 2294 et
988 2253 1045 2314 pru·

127 2313 267 2373 dentibus
303 2315 373 2373 viris
400 2321 452 2373 aut
484 2315 617 2394 deniqne
644 2316 704 2395 ipsi
737 2317 815 2375 iuter
850 2335 909 2376 nos
943 2318 1045 2378 rectius

126 2396 295 2475 egerimus,
328 2416 418 2475 quam
443 2417 510 2457 cum
546 2397 709 2477 pontifice,
742 2401 792 2477 qui
819 2418 880 2459 nna
903 2419 973 2459 cum
994 2418 1043 2459 sua

127 2481 262 2539 faotione
298 2499 359 2539 non
396 2481 596 2559 magnifacit
630 2481 708 2544 illos.
766 2481 836 2541 Non
860 2484 943 2543 enim
975 2482 1047 2543 valet

127 2562 241 2640 aliquid
265 2564 344 2641 apud
369 2583 437 2623 eum
462 2558 641 2643 concientia,
665 2564 718 2625 sed
742 2565 887 2645 divitiae,
921 2566 1045 2627 honores

126 2652 157 2704 et
178 2647 316 2723 potentia
338 2653 454 2706 tantum
478 2647 591 2708 valent.

482 2811 529 2871 De
552 2820 696 2892 peccato.

207 2975 274 3035 Hoc
297 2975 366 3035 loco
389 2977 528 3057 cogimur
550 2977 651 3056 lateri,
675 2985 707 3037 ut
728 2976 758 3041 S.
780 2974 899 3038 Paulus
920 2978 1045 3041 Romi

125 3059 184 3118 ait:
207 3059 265 3117 Per
289 3078 382 3119 unum
404 3058 560 3119 hominem
583 3061 683 3120 Adam
710 3060 867 3122 introiisse
890 3070 1045 3141 peccatum

125 3143 154 3200 in
179 3141 335 3219 mundum,
371 3145 533 3221 peronius
557 3143 799 3204 inobedientiam
823 3163 933 3204 ornnes
958 3144 1045 3204 homi·

125 3244 178 3283 nes
203 3235 383 3303 peccatores
406 3225 478 3285 facti
501 3234 581 3305 sunt,
607 3228 696 3286 morti
719 3234 749 3285 et
762 3226 888 3288 diabolo
911 3227 1045 3287 subiecti.

124 3308 192 3368 Hoc
231 3315 357 3367 vocatur
399 3316 558 3388 peccatum
594 3309 743 3389 originale
782 3318 833 3369 aut
871 3310 1046 3391 principale.

125 3391 220 3451 Huius
245 3393 363 3470 peccati
387 3391 514 3451 effectus
537 3402 608 3452 sunt
631 3393 711 3452 mala
734 3411 849 3472 opera,
879 3398 1046 3471 quaesunt

122 3475 151 3531 in
177 3474 326 3554 decalogo
340 3474 501 3553 prohibita,
525 3483 558 3535 ut
575 3475 753 3555 diffidentia,
776 3474 857 3539 falsa
877 3475 966 3557 fides,
987 3476 1045 3535 ido·

123 3556 222 3633 latria,
245 3577 356 3616 vacare
380 3566 461 3617 metu
485 3558 551 3636 Dei,
574 3560 745 3631 temeritas,
770 3557 959 3639 desperatio,
982 3577 1044 3621 cac-

125 3639 214 3712 oitas,
238 3647 285 3717 et,
310 3648 342 3699 ut
364 3642 538 3701 summatim
562 3640 679 3723 dicam,
713 3643 889 3720 ignorantia
921 3649 953 3705 et
981 3660 1044 3703 con·

123 3726 256 3801 temptas
278 3721 350 3803 Dei,
375 3723 486 3784 deinde
503 3726 632 3801 mentiri,
654 3745 709 3805 per
729 3744 845 3787 nomeu
861 3726 921 3789 Dsi
941 3728 1044 3803 iurare,
