2348 4162
183 246 247 313 244
425 246 470 305 Da
487 262 570 305 servo
588 244 704 304 arbitrio
722 246 758 304 D.
776 247 812 303 ll.
829 246 863 304 L.

183 417 320 478 iecerunt
342 417 440 477 Deum
464 418 727 498 nuncupativum?
770 417 851 494 Quid
873 420 980 478 nostro
1002 413 1112 477 seonlo

183 500 295 561 aeeidit
313 501 402 562 novis
424 502 489 561 istis
511 501 669 581 prophetis
694 503 724 561 in
748 501 850 562 verbis
872 499 1000 561 Christi:
1040 496 1125 559 Hoo'

182 590 230 645 est
242 602 354 663 eorpus
368 603 484 664 meum,
506 585 558 645 ubi
578 584 655 644 alius
676 586 706 644 in
728 585 921 664 pronomine,
943 581 1112 663 Hoo,alins

182 668 213 727 in
227 667 331 747 verbo,
353 668 419 747 Est,
443 667 521 728 alios
535 669 567 727 in
581 669 716 744 nomine,
739 667 871 749 Corpus,
891 667 1027 747 tropieoa
1040 663 1111 725 est?

182 750 252 832 Ego
286 749 316 810 id
340 750 517 831 observavi,
556 769 664 811 omnes
694 750 840 812 haereses
877 756 908 812 et
929 767 1049 810 errores
1079 749 1111 808 in

183 832 345 913 Soripturis
367 853 429 894 non
451 835 575 896 venisse
597 853 636 894 ex
658 834 854 914 simplicitate
874 833 1057 910 verborum,
1080 837 1113 892 ot

182 918 313 978 iactatur
334 936 434 998 paene
455 923 521 979 toto
545 916 635 994 orbe,
665 916 720 978 sed
743 936 783 978 ex
804 917 946 997 neglecta
966 914 1113 996 simpliei-¹

183 1007 246 1061 tate
269 1000 442 1078 verborum,
464 1007 496 1061 et
515 1020 556 1060 ex
576 999 725 1062 affeotatis
752 1002 880 1082 proprio
901 998 1028 1061 cerebro
1051 1003 1114 1059 tro·

184 1084 230 1165 pis
252 1090 306 1143 aut
326 1083 469 1162 sequelis.

266 1166 410 1246 Exempli
432 1167 545 1246 gratia:
568 1165 616 1226 Ad
638 1165 845 1247 quodeunque
867 1165 954 1227 voles
976 1162 1115 1225 extende

184 1268 308 1310 manum
330 1255 424 1327 tuam,
446 1269 505 1330 ego
518 1268 674 1329 nunquam
694 1249 796 1330 (quod
817 1246 955 1330 memini)
976 1247 1115 1309 haovio·

183 1333 267 1393 lenta
294 1333 547 1414 interpretatione
570 1335 715 1409 traotavi,
748 1340 782 1394 ut
809 1332 960 1394 dioarem:
1002 1328 1116 1392 Gratia

184 1414 329 1477 extendet
351 1435 473 1476 manum
495 1422 595 1497 tuam,
625 1415 664 1476 ad
687 1416 770 1496 quod
791 1417 860 1497 ipsa
881 1415 975 1494 velit,
1005 1414 1115 1476 Faoite

184 1498 272 1560 vobis
295 1518 349 1560 eor
369 1519 493 1578 novum,
515 1498 546 1559 id
568 1505 624 1574 est,
647 1501 747 1580 gratia
766 1499 860 1560 iaoiet
880 1497 969 1560 vobis
990 1515 1114 1559 aorno-

184 1602 255 1643 vum
280 1590 311 1642 et
332 1583 452 1660 similia,
475 1583 548 1643 lieet
569 1601 619 1643 me
641 1582 770 1643 diatriba
791 1582 914 1663 publieo
937 1580 1045 1642 libello
1068 1581 1117 1641 sie

183 1664 331 1743 tradueat,
353 1668 449 1746 tropis
471 1666 589 1726 seilioet
609 1672 640 1726 et
661 1665 940 1746 sequelisdistenta
962 1670 994 1725 et
1008 1664 1113 1743 illusa,

183 1755 218 1809 nt
239 1768 301 1809 oon
316 1749 427 1827 videat,
452 1748 524 1828 qaid
547 1748 585 1810 de
604 1768 665 1829 quo
684 1749 837 1829 loquatur,
880 1747 941 1811 Sed
964 1749 1009 1808 sie
1032 1746 1114 1808 dixi:

183 1831 326 1892 Extende
357 1852 480 1892 manum
503 1838 560 1899 eto.
583 1832 684 1901 verbis
706 1833 899 1915 simpliciter,
929 1838 963 1892 ut
988 1838 1113 1907 sonant,

184 1917 320 1995 aoeeptis
353 1916 543 1996 seelusisque
575 1917 672 1996 tropis
695 1921 727 1977 et
747 1916 879 1995 sequelis
918 1914 992 1974 nibil
1027 1913 1112 1974 alind

183 1997 360 2079 significari,
382 2017 471 2078 quam
496 1998 578 2079 quod
601 2000 732 2079 exigitur
753 1998 872 2060 anobis
894 1997 1037 2060 extensio
1050 2015 1112 2058 ma·

184 2101 252 2158 nus,
275 2081 541 2163 significaturque,
575 2081 647 2162 qnid
675 2082 777 2143 faeere
797 2082 979 2161 debeamus,
1009 2087 1044 2141 nt
1065 2085 1113 2142 est

183 2165 398 2308 paturadverbi
419 2166 590 2247 imperativi
618 2165 699 2247 apud
722 2164 946 2228 Grammaticos
970 2170 1002 2225 et
1022 2182 1111 2226 nsum

197 2267 298 2328 oquen
322 2268 341 2309 ι.

267 2331 403 2392 Diatribe
436 2350 510 2392 vero
532 2331 675 2412 neglecta
704 2331 763 2392 hae
792 2332 879 2393 verbi
905 2330 1111 2412 simplieitate,

185 2415 316 2494 sequelis
338 2434 411 2476 vero
434 2421 465 2475 et
486 2417 582 2495 tropis
605 2415 755 2476 violenter
776 2415 932 2496 adductis,
955 2416 1001 2475 sio
1022 2416 1111 2476 inter·

184 2504 334 2579 pretatur:
378 2498 520 2558 Extende
542 2518 675 2577 manum,
696 2498 727 2558 id
751 2505 807 2580 est,
831 2504 920 2581 potes
943 2500 972 2558 vi
986 2499 1111 2579 propria

187 2581 353 2642 extendere
376 2602 518 2661 manum,
539 2581 643 2642 Faeite
665 2601 720 2644 oor
741 2601 866 2660 novum,
887 2581 919 2642 id
942 2587 999 2660 est,
1024 2588 1111 2663 pota·

185 2666 239 2724 stis
262 2665 362 2726 faeere
385 2684 438 2725 eor
453 2684 582 2743 novum,
611 2665 733 2726 Credite
754 2667 784 2726 in
808 2665 977 2747 Christum,
999 2665 1031 2726 id
1055 2670 1112 2744 eat,

177 2750 313 2830 potestis
337 2748 476 2825 eredere,
510 2758 543 2808 ut
564 2748 644 2809 idem
668 2752 707 2809 sit
728 2748 809 2829 apud
832 2768 915 2828 eam,
952 2747 1036 2828 quod
1058 2749 1110 2809 im·

184 2833 322 2910 perative
357 2838 388 2891 et
414 2830 496 2910 quod
518 2831 683 2893 indicative
705 2831 832 2913 dieitur,
866 2831 981 2910 alioqui
1004 2836 1112 2913 parata

185 2919 233 2973 est
254 2913 413 2973 ridiculam
436 2923 466 2974 et
488 2915 688 2976 frustraneam
712 2915 814 2976 faeere
835 2914 1034 2994 Scripturam.
1059 2914 1111 2975 At·

186 3014 245 3075 que
266 2997 321 3056 bas
344 2997 621 3077 interpretationes,
644 2997 720 3059 nulli
736 2997 945 3059 Grammatioo
959 2997 1111 3078 ferendas,

184 3096 246 3139 non
270 3080 343 3139 lieet
362 3081 393 3139 in
416 3081 568 3162 theologis
590 3080 743 3142 violentas
766 3089 797 3142 et
818 3079 976 3142 affectatae
999 3081 1111 3161 dieera,

186 3161 240 3222 sed
262 3162 545 3242 probatissimorum
569 3173 639 3225 sunt
661 3166 842 3247 Doetornm,
864 3172 909 3226 tot
932 3166 1046 3227 seonlis
1068 3183 1111 3225 re

185 3252 354 3327 oeptorum.

268 3329 328 3391 Sed
351 3329 441 3390 iaeile
475 3335 522 3391 est
544 3330 705 3408 diatribae,
743 3337 849 3411 tropos
881 3330 943 3393 boo
964 3331 1037 3394 loeo
1058 3329 1111 3392 ad·

186 3413 306 3474 mittere
339 3421 369 3474 et
390 3413 488 3492 aequi,
509 3420 543 3473 nt
564 3415 649 3474 euius
673 3413 746 3474 nihil
768 3414 871 3490 refert,
893 3420 1021 3476 certano
1052 3415 1111 3475 sint

186 3514 225 3555 an
246 3496 363 3557 ineerta
384 3515 463 3576 qnae
486 3495 640 3577 dicuntur,
663 3499 736 3576 quin
756 3497 818 3560 boo
838 3497 918 3578 agit,
941 3504 974 3559 nt
996 3499 1113 3560 ineerta

186 3578 247 3638 sint
283 3582 401 3657 omnia,
436 3586 468 3638 ut
495 3597 574 3658 quae
602 3582 749 3660 consulit,
780 3581 981 3660 relinquenda
1010 3582 1112 3662 potins

186 3679 276 3740 quam
300 3661 464 3724 scrutanda
501 3682 569 3724 esse
607 3663 751 3742 dogmata
784 3664 822 3725 de
850 3663 946 3725 libero
976 3665 1111 3728 arbitrio.

185 3742 262 3807 Ideo
284 3745 344 3807 hoo
371 3747 445 3806 satis
467 3745 509 3806 illi
531 3746 646 3829 inerat,
683 3752 837 3828 uteunque
869 3749 991 3810 amoliri
1021 3748 1111 3827 diota,
