2348 4162
279 263 317 320 ad
335 263 369 319 D.
387 265 531 320 Erasmum
550 263 774 320 Rotarodamurn.
928 258 990 330 169

62 441 157 499 stent.
205 436 432 517 Iniquissimum
465 443 537 517 est,
565 438 628 498 imo
656 438 749 519 longe
777 437 988 516 miserrimum,
1033 450 1036 457 '

62 519 135 582 solo
166 519 385 600 phantasmate
411 521 541 581 voculae
575 521 679 594 unius,
711 520 909 600 eiusdemque
944 523 991 582 in-

63 610 186 680 certae,
212 611 334 666 nostras
361 605 567 665 conscientias
595 606 719 685 vexari,
749 624 824 684 quas
853 605 990 667 Christus

63 689 218 768 sanguine
240 707 296 748 suo
319 687 467 765 redemit3
489 706 526 748 ao
547 689 604 748 nisi
627 691 732 749 vexari
761 706 818 748 nos
842 689 988 768 sinamus,

62 771 107 832 rei
131 789 315 832 accusamur
338 770 501 851 superbiae
522 770 688 850 inauditae,
711 771 793 852 quod
817 776 863 833 tot
885 772 990 833 Patres

62 859 111 915 tot
138 853 312 915 seculorum
346 856 642 935 contempserimus,
678 857 728 935 qui
751 853 878 916 liberum
913 854 990 916 arbi·

62 939 155 999 trium
179 939 381 1016 asseruerint,
414 957 483 999 cum
512 940 631 1016 verius,
656 946 688 999 ut
709 959 750 999 ex
783 937 872 1000 dictis
894 938 990 1014 vides,

62 1019 138 1082 nihil
168 1040 294 1101 prorsus
324 1020 481 1083 delibero
504 1020 627 1082 arbitrio
652 1022 836 1097 definierint,
867 1041 903 1082 ac
933 1020 989 1082 sub

61 1110 228 1186 praetextu
251 1111 282 1165 et
308 1105 433 1166 nomine
466 1104 587 1166 illorum
610 1104 695 1166 liberi
729 1105 842 1167 arbitrii
877 1105 991 1184 dogma

64 1188 201 1266 erigitur,
225 1189 311 1249 cuius
324 1192 427 1249 tamen
450 1206 551 1266 neque
563 1191 698 1269 speciem
712 1209 769 1250 nec
788 1209 900 1249 nomen
920 1207 990 1267 pos·

61 1277 136 1333 sunt
156 1270 331 1351 ostendere,
353 1279 384 1332 et
405 1270 548 1333 mendaci
584 1272 736 1334 vocabulo
772 1274 816 1333 sio
843 1272 991 1333 deludunt

62 1354 184 1418 orbem.

147 1437 252 1517 Atque
273 1437 333 1516 hic,
355 1438 498 1516 Erasme,
514 1443 611 1499 ,tuum
633 1439 728 1518 ipsius
747 1439 907 1499 consilium
938 1458 989 1518 ap-

61 1520 226 1601 pellamus,
249 1522 300 1601 qui
323 1540 416 1602 supra
437 1522 580 1596 suasisti,
608 1540 677 1582 esse
705 1521 889 1582 omittendas
912 1522 989 1581 eius·

62 1603 147 1666 modi
182 1605 400 1683 quaestiones,
433 1623 471 1664 ac
498 1605 601 1682 potius
635 1603 808 1665 docendum
838 1603 989 1664 Christum

63 1685 266 1765 crucifixum,
294 1693 326 1748 et
347 1706 428 1767 quae
450 1690 523 1748 satis
547 1688 608 1747 sint
640 1687 678 1747 ad
703 1686 904 1748 Christianam
928 1688 989 1767 pie-

62 1776 168 1831 tatem.
210 1770 280 1832 Hoc
301 1771 381 1831 enim
404 1771 581 1831 iamdudum
603 1788 660 1831 nos
679 1773 851 1850 quaerimus
874 1776 905 1830 et
928 1770 990 1849 agi·

63 1873 140 1918 mus.
185 1853 265 1930 Quid
290 1854 371 1914 euim
394 1873 451 1914 nos
475 1853 689 1916 contendimus
713 1853 813 1930 aliud,
843 1873 934 1933 quam
958 1860 991 1914 ut

62 1936 246 2017 simplicitas
269 1946 300 1998 et
320 1938 437 2017 puritas
465 1936 625 1999 doctrinae
649 1937 840 2000 Christianae
870 1941 989 2016 regnet,

60 2020 176 2081 relictis
202 2025 235 2081 et
255 2019 405 2100 neglectis
427 2021 474 2096 iis,
497 2039 576 2099 quae
598 2040 653 2100 per
674 2021 816 2081 homiues
839 2022 924 2080 iuxta
946 2021 989 2079 iu·

62 2109 154 2164 venta
176 2108 207 2164 et
228 2102 403 2164 introducta
424 2104 516 2165 sunt‘t
559 2102 619 2164 Sed
641 2110 683 2180 tu,
713 2104 766 2182 qui
789 2103 924 2165 consulis
947 2111 988 2163 ta-

60 2186 100 2247 lia
123 2185 226 2261 nobis,
247 2187 326 2266 ipse
338 2205 400 2248 uon
416 2187 501 2265 facis,
523 2188 586 2248 imo
605 2190 789 2248 contrarium
801 2188 894 2264 facis3
917 2187 988 2246 scri·

61 2268 107 2331 bis
130 2268 288 2347 diatribae,
311 2269 435 2330 decreta
456 2269 637 2330 Pontificum
661 2269 821 2345 celebras,
843 2271 989 2330 autorita-

60 2359 121 2414 tem
143 2352 304 2413 hominum
327 2354 441 2430 iactas,
466 2358 496 2413 ct
519 2355 624 2414 omnia
645 2359 767 2432 tentas,
799 2359 831 2413 ut
862 2372 919 2413 nos
943 2372 989 2412 ra·

60 2437 127 2516 pias
149 2437 181 2495 in
205 2436 265 2496 ista
286 2437 450 2516 peregrina
473 2442 504 2496 et
525 2436 625 2496 aliena
647 2456 665 2496 a
688 2436 851 2516 scripturis
874 2437 987 2496 sanctis

60 2537 183 2580 acuon
206 2520 383 2580 necessaria
405 2519 531 2597 volvas,
555 2525 588 2579 ut
621 2519 849 2600 simplicitatem
877 2527 907 2579 et
930 2520 988 2578 sin·

62 2603 222 2664 ceritatem
244 2602 367 2681 pietatis
390 2602 582 2664 Christianae
611 2620 841 2681 corrumpamus
864 2610 895 2661 et
917 2620 987 2661 oon·

60 2685 225 2746 fundamus
247 2684 406 2746 hominum
437 2686 663 2747 additamentis.
719 2685 787 2761 Quo
820 2684 910 2745 facile
943 2685 988 2743 in-

60 2768 227 2850 telligimus
250 2787 309 2829 nec
330 2788 370 2830 ex
391 2772 494 2830 animo
525 2777 555 2829 te
577 2770 635 2829 ista
670 2766 761 2830 nobis
783 2768 985 2845 consuluisse,

61 2851 309 2932 necquidquam
334 2853 413 2913 serio
438 2861 466 2929 te
489 2851 632 2932 scribere,
656 2850 710 2912 sed
733 2850 874 2912 inanibus
894 2848 984 2911 bullis

59 2933 224 2998 verborum
239 2939 358 2996 tuorum
372 2935 501 2996 confidis
515 2941 545 2995 te
561 2935 666 2997 orbem
681 2933 808 3017 possel)
824 2933 894 2995 duci
913 2953 987 3012 quo·

61 3036 183 3099 cunque
205 3019 262 3093 vis,
287 3023 317 3079 et
339 3017 481 3093 tamen2)
507 3037 655 3098 nusquam
680 3017 785 3099 ducis,
814 3038 882 3079 cum
913 3017 986 3077 nihil

61 3120 187 3180 prorsus
212 3101 307 3180 dicas,
330 3102 388 3162 nisi
410 3121 509 3162 meras
523 3101 784 3162 contradictiones
807 3102 987 3181 peremnia

61 3192 90 3245 et
110 3184 243 3264 ubique,
274 3191 307 3244 ut
328 3185 498 3245 rectissime
521 3185 645 3261 dixerit,
673 3186 725 3264 qui
747 3190 777 3245 te
798 3186 986 3265 ipsissimum

60 3265 239 3351 Proteum⁸)
263 3274 316 3328 aut
338 3269 539 3328 Vertumnum
563 3268 750 3349 appellavit,
773 3275 825 3328 aut
847 3274 881 3326 ut
903 3267 986 3328 Chri·

62 3356 123 3412 stus
145 3349 236 3413 dicit:
259 3349 396 3428 Mediae,
420 3371 493 3413 cura
514 3357 544 3411 te
565 3352 683 3431 ipsum,
718 3357 807 3431 turpe
840 3357 886 3411 est
909 3349 983 3409 doc·

61 3435 127 3516 tori,
151 3453 245 3514 quem
267 3434 358 3515 culpa
378 3435 533 3516 redarguit
554 3435 664 3515 ipsum.

131 3705 165 3770 1)
184 3705 216 3760 In
235 3703 347 3760 adlen.
367 3703 413 3759 hic
431 3704 459 3758 in
477 3703 602 3771 margine
612 3701 726 3769 legitur:
747 3699 857 3755 ducere.
899 3700 932 3766 2)
954 3699 986 3754 In

65 3776 104 3832 ad.
122 3777 210 3836 1526:
230 3791 265 3833 aa
282 3781 382 3834 tamen.
426 3776 458 3846 3)
480 3775 511 3831 ln
530 3775 575 3837 cd.
595 3776 666 3841 1525
686 3778 714 3841 ot
729 3773 818 3839 1526:
838 3770 985 3837 Protheoo.
