2348 4162
374 340 377 345 Ι
478 253 594 325 nanas.‚
957 210 1019 321 69¹
1047 211 1058 216 .‚
1086 211 1089 215 ’
1126 210 1151 215 „

78 423 266 506 simplicium
292 420 532 484 Christianorum
557 422 651 484 corda
674 424 868 486 vuluerantes
900 443 1001 486 sacro·

75 513 185 568 sancta
197 508 358 568 Missurum
371 505 521 566 sacrificia
535 510 566 585 a)
580 513 613 566 ut
625 507 1000 569 tetramabominationem

75 589 216 652 inaudita
239 589 411 650 temeritate
433 597 640 667 exsecrantur,
665 597 695 650 et
718 592 821 651 animo
854 610 892 652 ea
914 591 1000 651 abro-
1039 634 1041 639 -
1075 598 1077 603 '

78 673 174 756 gandi
196 672 277 734 adeo
299 670 458 751 pudendis.
473 668 677 753 conspuroant
702 673 812 753 verbis,
836 681 868 733 ut
888 674 1000 737 reterre

77 757 204 838 pudeat,
228 754 477 831 ecclesiasticab)
502 764 694 816 sacramenta
721 774 776 837 pro
800 775 855 817 sua
877 756 1000 816 libidine
1023 763 1046 770 ”

78 839 237 920 abiiciunt,
271 837 509 900 laecanditatem
533 840 657 920 vereris,
687 841 798 899 veteris
825 840 901 920 legis
930 858 1001 900 oon·

75 925 197 1000 stituto,
221 924 315 983 tantis
332 923 506 1002 praeconiis
520 921 662 1000 efferunt
675 929 715 981 'ut
731 923 911 1004 virginitatis
929 941 1000 981 oan-

79 1004 188 1068 dorem
212 1005 304 1086 plane
327 1005 472 1066 damnare
488 1003 658 1076 videantur,
678 1011 708 1064 et
729 1005 768 1064 ob
793 1006 821 1064 id
839 1006 1000 1065 sanctimo·
1039 1019 1041 1023 ·

80 1089 209 1150 nialinm
230 1095 266 1150 et
286 1088 506 1149 monachorum
531 1088 664 1148 claustra
686 1089 804 1169 aperire
826 1088 940 1163 iubent,
969 1095 1001 1147 ut
1073 1162 1075 1167 Ι
1115 1132 1123 1146 .

79 1172 196 1233 violato
220 1171 371 1232 castitatis
395 1179 468 1233 roto
489 1171 672 1253 'egrediendi
698 1179 728 1230 et
750 1171 882 1232 nubendi
905 1171 1000 1231 libera
1094 1241 1097 1247 1
1143 1204 1145 1211 =

79 1257 189 1335 cuique
211 1256 251 1315 ait
271 1253 411 1329 facultas,
433 1255 644 1316 sacerdotibus
666 1256 780 1335 puriter
803 1255 923 1336 nuptias
946 1261 1002 1313 sua

79 1338 252 1398 temeritate
275 1338 536 1417 permittentescl.

101 1432 104 1436 ’
162 1421 288 1481 Domini
310 1422 405 1481 nostri
429 1421 496 1482 lesu
520 1419 798 1483 Christi-crucifixi
821 1427 850 1479 et
872 1418 1000 1481 Sancto·

44 1516 46 1520 '
78 1513 144 1564 rom
168 1511 287 1564 statuas
310 1503 496 1565 deiiciendas
518 1513 549 1565 et
565 1501 815 1576 incinerandasd)
840 1503 934 1582 impio
949 1520 1002 1560 ore
1074 1555 1077 1559 .

82 1585 264 1668 praedicant
299 1593 329 1645 et
361 1589 538 1667 praesertim
567 1587 723 1666 genitricis
753 1586 817 1645 eius
846 1585 1002 1665 gloriosae
1104 1646 1105 1650 ,
1148 1630 1151 1638 .

83 1669 211 1750 virginis
235 1669 359 1750 Mariae,
381 1669 419 1729 de
441 1689 501 1750 qua
514 1677 633 1732 veteres
655 1665 866 1729 cantiunculas
888 1673 919 1726 et
940 1666 1002 1726 lau-

82 1753 152 1812 dnm
199 1752 365 1833 praeconia
398 1759 542 1833 tanquam
576 1750 772 1831 sacrilegae)
791 1750 849 1811 dici
880 1755 1001 1827 vetant3

79 1836 204 1915 Papam,
238 1836 654 1917 episcopanspresbyteros,
686 1833 866 1909 monachos,
897 1826 1015 1907 neoti

79 1918 196 1978 dicatas
218 1918 352 1998 virgines
377 1926 415 1978 .et
442 1927 545 1980 ¹totum
582 1921 775 1980 clericorum·
797 1923 928 1994 coetum,
969 1921 1002 1974 ut
1028 1968 1031 1975 .

79 2001 179 2061 Laicis
200 2001 373 2073 inrisiones
394 2002 524 2062 reddant
555 2009 586 2062 et
617 2007 729 2063 statum
758 2000 998 2062 ecclesiasticum
1100 2011 1103 2015 ’

80 2084 233 2166 deiiciant,
256 2083 350 2143 multa
372 2084 542 2163 ignominia
563 2084 700 2146 alliciunt
729 2090 760 2145 et
780 2085 883 2144 infami
902 2083 1000 2142 orimi·
1066 2125 1068 2130 ,
1140 2120 1143 2125 -

85 2168 214 2228 natione
235 2167 410 2227 immaniter
431 2170 650 2247 contaminant,
672 2185 761 2246 reges
783 2162 942 2248 praeterea
966 2181 1003 2223 aa
1111 2192 1113 2197 r

82 2251 247 2330 principes,
262 2256 292 2309 et
307 2250 462 2328 quoslibet
472 2253 502 2311 in
519 2252 693 2311 summitate
715 2252 906 2328 constitutos,
925 2266 1002 2326 quos

80 2332 263 2413 Apostolus,
286 2334 378 2392 etiam
396 2335 420 2392 si
434 2333 564 2414 improbi
580 2336 649 2414 sint,
673 2335 811 2394 venerari
827 2332 921 2411 iubet,
941 2350 1001 2390 ma·

32 2448 34 2453 s
85 2413 228 2498 ledicot)
252 2433 306 2475 ore
328 2415 489 2477 lacerant..
795 2481 797 2484 ,

167 2497 206 2558 Et
231 2497 302 2558 dum
324 2499 410 2575 vitia,
439 2498 548 2580 quibua
571 2499 663 2578 plane
692 2496 821 2557 mundus
843 2498 1002 2557 universus
1113 2525 1139 2549 .·

82 2586 190 2659 scatet,
214 2600 343 2661 arguere
361 2582 562 2662 contendunt,
586 2581 828 2642 ceremoniarum
847 2576 1003 2659 superflui-

153 2925 187 2988 s)
207 2922 269 2978 Hoc
287 2927 336 2987 est,
348 2936 430 2978 sacra
439 2910 515 2989 vitia}
526 2921 598 2976 sicut
608 2920 666 2975 auri
675 2935 757 2976 sacra
771 2918 866 2974 fames.
879 2917 913 2989 b)
924 2919 1003 2974 Rom.

87 2993 237 3058 Ecclesiae,
262 2999 294 3048 ut
319 2993 515 3065 aspersorium,
545 2991 720 3058 thuribulum,
749 2998 777 3046 st
801 2998 899 3046 sancta
929 3007 1004 3057 crux,
1098 3049 1109 3055 μ
1142 3035 1144 3040 .

88 3066 152 3122 illos
168 3071 348 3122 tressanatos
369 3064 544 3121 sacramenta
557 3080 659 3120 eorum.
697 3066 727 3132 c)
749 3064 816 3120 (lum
827 3063 934 3119 interim
952 3063 1005 3118 Pa·-

89 3140 181 3206 pistae
199 3153 256 3193 non
283 3137 445 3206 permittant
471 3147 578 3192 castum
600 3135 717 3201 thorum,
743 3135 794 3191 sed
818 3140 937 3204 urgeant
968 3133 1006 3188 ad

87 3225 194 3265 omnem
229 3210 436 3275 immunditiam,
473 3207 623 3264 Sodomitis
655 3207 737 3266 etiam
782 3205 1004 3262 abominabilem.

86 3280 114 3350 d)
135 3281 280 3338 calumnia
298 3287 348 3346 est,
368 3280 504 3351 siquidem
524 3296 580 3335 non
601 3294 675 3345 usus,
703 3278 753 3333 sed
776 3279 880 3334 abusus
898 3283 1004 3332 statua·

85 3359 143 3409 rum
150 3352 265 3408 tollitur.
302 3354 333 3420 e)
350 3352 484 3409 Videlicet
500 3352 565 3406 blas
584 3351 691 3406 hemum
705 3349 782 3413 illud,
797 3348 881 3404 Salve
899 3348 1005 3416 ragina,

86 3423 112 3479 in
131 3440 188 3495 quo
202 3439 307 3479 nomen
326 3424 400 3480 vitas
419 3429 447 3480 et
465 3424 526 3494 spei
546 3369 654 3479 cbristo
674 3419 795 3490 eripitur.
839 3419 865 3480 fl
887 3419 1005 3476 Moloch.

86 3499 114 3566 g)
136 3496 316 3552 sanctissime
335 3503 426 3551 autam
444 3496 485 3552 eis
503 3495 646 3562 resistitur,
666 3494 732 3550 dum
752 3493 864 3549 verbum
884 3493 936 3548 Dei
953 3509 1005 3563 per

88 3584 134 3625 eos
157 3568 336 3638 impugnatur
366 3575 394 3624 st
422 3567 600 3637 antichristus
625 3582 677 3636 pro
701 3565 811 3622 Gbrlsto
836 3563 1002 3630 defenditur,
1037 3629 1046 3641 ·

87 3644 157 3697 sicut
174 3655 264 3710 nuper
287 3655 305 3695 a
332 3640 410 3711 Rege
434 3639 557 3710 Angttaa
575 3639 679 3697 lactum
698 3643 748 3703 est,
779 3637 826 3708 qui
845 3635 882 3694 ob
901 3636 931 3692 id
957 3636 1004 3693 de-

87 3709 205 3769 tensorls
222 3709 440 3769 titulumnactus
458 3718 508 3769 ast.
541 3782 544 3788 Ι
641 3745 646 3754 -
996 3712 999 3718 '
