2348 4162
122 246 187 315 ffil
422 241 767 303 Prasmon

123 439 193 496 rae,
219 422 299 493 ‚utut
326 417 389 476 sint
418 413 501 496 apud
533 414 615 476 clins
649 419 814 493 magnates
846 419 881 474 et
905 431 1049 494 proceres

123 509 332 581 contemptae,
353 500 386 559 in
406 500 473 560 istis
494 498 672 559 dadoeimis
692 505 726 558 ct
744 497 1050 577 illustrissimisprin·

123 584 243 664 cipibus
276 590 463 644 consecutae
492 588 580 658 sunt,
611 600 670 642 nec
699 582 821 641 minore
841 580 944 660 gloria
964 582 1050 660 ipsae

124 669 259 729 vicissim
283 666 437 746 principes
458 672 563 725 tantm
583 670 782 726 ornaverant

205 750 265 811 llic
287 748 427 826 videcs‚'·
445 747 518 825 qnid
548 749 590 808 sit
611 754 822 826 quantumque
842 746 950 807 relect
968 746 1050 808 bona

124 834 284 906 institutio,
317 834 495 913 praesertim
528 833 553 890 si
578 832 738 910 contingat
770 829 823 910 (nt
840 830 912 902 bic)
943 837 1050 892 natura

124 915 292 979 formabilis
315 919 348 976 et
367 914 524 994 ingenium
545 913 702 975 idoneum.
744 912 815 988 Qua
834 914 866 973 iu
888 932 924 974 rs
944 913 1049 992 optimi

125 1000 262 1079 percutis
294 1005 326 1058 et
354 997 551 1059 illustrissimi
573 997 721 1076 Principis
749 995 917 1057 consilinm
944 1000 979 1058 et
999 1014 1049 1057 ro·

124 1082 227 1142 luntas
249 1080 378 1141 miriliee
399 1079 578 1141 extollenda
597 1085 684 1157 sunt,
712 1080 765 1158 qui
786 1078 870 1140 filios
891 1099 968 1141 snos
989 1098 1048 1140 non

125 1164 244 1245 vulgari
275 1182 362 1225 more
389 1164 560 1243 principum
586 1169 619 1223 et
638 1161 808 1224 nobilitatis
828 1161 991 1241 dilexerit,
1020 1161 1048 1221 id

126 1255 184 1325 est,
206 1249 272 1309 otio
294 1255 325 1307 et
345 1247 522 1326 Quantis
541 1245 658 1325 negligi
680 1264 790 1325 pascus
812 1247 867 1324 eit,
889 1245 946 1306 sed
969 1245 1049 1306 omni

125 1330 229 1392 studio
251 1337 282 1390 et
313 1349 388 1390 cura
407 1348 464 1390 eos
485 1337 569 1389 recte
595 1330 714 1389 institui
735 1337 768 1388 et
788 1327 904 1389 erudiri
924 1329 1048 1403 curarit,

127 1422 161 1473 ut
181 1419 286 1473 essent
312 1432 377 1473 nou
403 1418 521 1473 tautum
549 1412 710 1490 sanguinis
733 1431 852 1491 genera
877 1411 1049 1488 clarissimi,

126 1494 182 1557 sed
205 1501 237 1556 et
257 1495 354 1557 literis
374 1496 550 1574 ingeniique
571 1494 656 1556 cultu
676 1496 796 1556 cnccfis
806 1494 988 1555 nationibus
1002 1493 1049 1555 ad·

127 1578 292 1641 mirabiles.
335 1576 396 1638 sed
417 1579 507 1658 ipsse
527 1579 683 1639 orationes
714 1577 786 1638 mibi
808 1596 936 1639 omnem
959 1583 1049 1639 mate

127 1663 202 1722 riam
227 1661 327 1722 landis
350 1663 594 1742 praeripuerunt,
615 1661 785 1739 exquibus
805 1662 875 1740 ipse
888 1660 991 1721 lector
1009 1661 1050 1720 in·

127 1744 246 1824 telliget
266 1744 370 1824 plnra,
398 1763 490 1823 quam
513 1763 583 1805 mec
603 1745 687 1804 sicea
709 1744 769 1804 ista
790 1750 822 1803 et
852 1745 960 1805 ieiuna
999 1762 1048 1803 seu

126 1827 251 1890 horride
274 1834 306 1888 et
327 1825 453 1889 sordida
474 1828 573 1889 oratio
596 1826 699 1887 dicere
720 1832 833 1907 potest

208 1908 279 1970 Hoc
298 1909 450 1989 reliquum
472 1917 530 1988 est,
551 1918 585 1970 nt
599 1910 725 1988 optimis
744 1911 849 1989 pneris
862 1908 1051 1969 clunasimis·

128 2013 189 2075 qne
211 1992 401 2073 Principibus
431 1994 536 2055 omnia
566 1993 646 2054 bene
683 2011 846 2072 precemur
873 1998 910 2052 et
929 2009 1049 2054 orenms

128 2077 227 2136 Deum
242 2076 374 2154 Patrem,
395 2075 572 2154 largitorem
594 2077 723 2137 istorum
745 2082 777 2136 et
797 2075 935 2137 omnium
958 2074 1050 2135 bono·
1075 2114 1088 2133 t

127 2178 212 2235 rum,
243 2163 277 2220 ut
299 2159 419 2238 coeptis
451 2160 517 2218 istis
549 2157 690 2218 felicibus
720 2157 830 2219 studiis
851 2164 885 2218 et
905 2157 1049 2219 institutis

126 2241 295 2303 feliciorem
318 2260 493 2302 successum
515 2241 786 2322 felicissimumque
807 2241 937 2301 fructum
961 2241 1048 2300 bene-

129 2325 262 2385 dictione
296 2324 479 2384 abnndantia
513 2325 633 2402 gratim
667 2344 741 2384 suae
763 2323 881 2385 donare
904 2323 1049 2403 dignetur.

130 2407 219 2483 Quod
243 2425 282 2467 eo
304 2410 403 2487 magis
425 2407 576 2467 orandum
598 2413 665 2482 est,
688 2404 771 2485 quod
791 2406 853 2467 hon
877 2407 987 2468 seculo
1009 2408 1050 2466 in·

129 2496 217 2572 grato
245 2498 277 2550 et
310 2492 445 2570 pessimo
472 2490 611 2550 dubitare
634 2508 691 2550 nos
713 2489 876 2551 Christiani
899 2508 963 2550 non
985 2507 1051 2568 pos·

129 2592 250 2651 sumus,
280 2576 351 2651 quin
375 2573 529 2649 diabolus,
563 2575 699 2634 omnium
723 2572 874 2633 bonorum
896 2574 1051 2652 ipsiusque
1091 2630 1097 2639 ,

130 2657 186 2717 Dei
208 2655 307 2716 hostis
328 2656 568 2732 furentissimus,
604 2662 635 2716 et
668 2657 748 2716 sicut
780 2657 829 2719 leo
858 2656 1002 2735 rugiens,
1024 2662 1050 2713 et

129 2739 317 2801 confessioni
339 2739 501 2820 Evangelii
530 2759 584 2819 per
611 2741 686 2798 istos
707 2739 864 2818 Principes
887 2737 1050 2798 exacerba-

131 2825 275 2898 tissimus,
295 2822 424 2882 tentabit
446 2822 587 2883 omnibus
610 2820 716 2881 studiis
738 2828 768 2880 et
790 2821 919 2900 insidiis,
942 2823 968 2881 si
993 2839 1049 2880 non

128 2905 257 2986 perdere
279 2906 405 2967 omnino
428 2907 549 2986 poterit,
571 2915 673 2965 tamen
695 2903 844 2984 impedire
865 2910 898 2964 et
918 2903 1049 2965 fruebari

130 2990 208 3050 haec
230 2988 333 3048 divina
356 2987 446 3052 dona.

212 3071 252 3130 ut
272 3070 412 3131 videmus
445 3073 476 3131 in
499 3069 594 3130 sacris
615 3069 770 3147 historiis,
798 3069 860 3129 imo
885 3071 969 3129 etin
992 3087 1050 3129 om-

130 3155 212 3213 nium
229 3156 364 3233 gentium
377 3153 521 3232 historiis,
544 3153 664 3233 quibus,
679 3151 830 3232 qualibus,
853 3153 977 3232 quantis
994 3169 1051 3210 ma·

131 3236 227 3296 cbinis
250 3242 281 3296 et
303 3238 421 3297 astutiis
444 3239 473 3296 in
496 3236 574 3296 aulis
597 3256 703 3316 regum
726 3242 757 3296 et
767 3236 939 3315 principum
966 3233 1053 3315 (qnia

131 3318 253 3379 axillis
277 3321 429 3379 maximos
468 3327 498 3379 et
522 3318 741 3380 saluberrimos
762 3319 879 3378 fructus
902 3319 933 3377 iu
957 3318 1052 3377 eccle-

130 3402 206 3461 siam
239 3409 272 3461 et
298 3403 437 3481 politiam
468 3401 594 3482 proferri
629 3403 738 3476 sentit)
770 3419 902 3480 regnare
934 3418 1053 3479 semper

131 3484 255 3544 tentarit
277 3491 306 3543 et
325 3486 428 3544 omnia
449 3485 602 3544 invertere
624 3484 781 3562 studuerit,
806 3491 849 3561 nt,
871 3484 929 3543 nisi
943 3483 1054 3562 princi-

129 3584 198 3644 pem
217 3566 275 3625 ista
293 3572 421 3626 coronet
443 3574 473 3627 et
494 3566 715 3647 complectatur
728 3567 838 3646 oratio,
860 3564 986 3626 Psalmo
999 3563 1053 3627 20:

129 3648 276 3727 Protegat
297 3654 327 3707 te
351 3667 464 3708 nomen
487 3649 543 3709 Dei
567 3649 675 3727 lacob,
709 3650 810 3708 mittat
831 3646 884 3709 tibi
909 3647 1054 3709 auxilinm

131 3729 168 3792 de
190 3736 297 3791 sancto
321 3736 351 3791 et
373 3728 411 3792 de
432 3731 509 3799 zion
533 3738 651 3803 tueatur
675 3739 714 3815 te,
737 3732 909 3795 certeinter
933 3730 1055 3793 totdra·
