2348 4162
267 258 304 317 ad
321 259 356 315 D.
374 259 518 315 Erasmum
536 256 764 355 Boterodsmnm.
916 256 978 323 349

139 428 204 489 lom
227 428 395 509 videamus,
419 428 492 510 quid
514 431 626 490 sentiat
649 429 687 489 de
709 434 822 489 conatu
844 434 875 489 et
896 430 926 489 vi
947 429 980 488 li-

55 512 123 575 beri
144 510 259 574 arbitrii
282 513 463 573 carnalium:
488 512 546 588 Qui
568 514 598 573 in
620 531 713 573 carne
734 518 814 592 sunt,
837 512 904 573 Deo
917 513 979 593 plc-

55 614 127 656 cere
149 614 211 656 non
224 602 363 676 possunt,
386 596 552 657 etiterum:
575 595 689 657 Sensus
701 596 800 656 carnis
812 602 859 656 est
880 614 981 676 mors3

55 680 237 744 etiterum:
260 679 374 741 Sensus
397 681 497 740 carnis
520 685 567 740 est
578 680 735 739 inimicitia
748 687 855 740 contro
866 679 980 757 Deum,

54 764 146 823 item:
185 762 258 843 Legi
281 762 337 822 Dei
359 770 490 823 nonest
511 763 679 842 subiectus,
701 781 802 842 neque
825 763 904 823 enim
928 782 980 843 po-

56 851 126 910 test.
169 845 228 905 Hic
250 846 321 906 mihi
343 845 532 926 respondent
551 846 638 907 liberi
660 845 774 907 arbitrii
793 851 883 924 tuton,
908 863 981 924 quo·

56 929 151 991 modo
175 930 273 1009 possit
295 931 400 990 conari
422 928 461 988 nd
485 929 599 990 bonum
643 928 674 988 id
708 928 791 1008 quod
819 935 867 989 est
888 946 981 1009 mors,

57 1011 225 1093 displicens
248 1012 331 1092 Deo,
353 1012 511 1072 inimicitia
532 1018 641 1076 contro
662 1012 777 1093 Deum,
799 1010 980 1072 inobediens

57 1096 136 1176 Deo,
159 1113 218 1155 neo
239 1102 349 1176 potens
372 1094 518 1156 obedire?
561 1096 627 1156 Neo
641 1097 722 1156 enim
745 1095 841 1156 voluit
864 1095 980 1156 dicere:

58 1178 174 1240 Sensus
206 1180 305 1239 cornis
335 1183 383 1240 est
404 1170 541 1239 mortuu‘s
569 1186 622 1239 cut
642 1180 782 1239 inimicus
804 1178 888 1256 Deo,
927 1178 981 1238 sed

57 1263 126 1343 ipsa
147 1280 248 1342 mors,
281 1263 351 1342 ipss
371 1261 544 1341 inimicitis,
577 1263 626 1322 cui
648 1264 687 1322 sit
708 1261 898 1342 impossibile
921 1262 981 1342 legi

58 1345 115 1406 Dei
137 1343 262 1424 subiici,
295 1351 347 1405 sut
368 1344 435 1405 Deo
463 1345 603 1426 placere,
638 1346 716 1405 sicut
743 1351 774 1404 et
795 1345 888 1425 poulo
909 1351 981 1405 ente

59 1428 188 1490 dixerat.
230 1427 309 1487 Nem
330 1426 413 1506 qnod
435 1427 497 1508 legi
519 1435 584 1488 erat
594 1427 793 1508 impossibile,
816 1446 877 1506 quo
900 1427 982 1488 infir-

59 1510 202 1573 mabatur
237 1529 293 1592 per
315 1529 454 1585 carnem,
477 1511 560 1571 Deus
582 1511 655 1571 iecit
676 1516 735 1572 etc.
777 1510 860 1571 Nota
882 1517 929 1570 est
951 1518 982 1571 et

60 1595 132 1654 mihi
166 1593 269 1655 isbuis
291 1593 432 1673 Origenie
467 1593 506 1654 de
545 1594 654 1676 triplici
683 1593 813 1674 affectu,
852 1612 979 1673 quorum

59 1696 138 1738 unns
160 1695 251 1755 caro,
282 1678 360 1737 alius
383 1678 502 1757 enims,
535 1678 613 1737 elius
646 1678 769 1758 spiritus
795 1675 839 1736 illi
863 1678 980 1757 dicitur,

59 1762 164 1822 enimn
186 1779 259 1821 vero
281 1760 400 1821 medius
422 1761 483 1840 ille,
505 1762 536 1820 in
558 1767 657 1821 utram
670 1764 788 1841 partem
811 1760 860 1820 vel
882 1763 981 1835 cornis

60 1845 108 1906 vel
130 1844 255 1925 spiritus
284 1842 439 1906 vertibilis.
483 1842 543 1904 sed
572 1863 629 1904 sua
655 1851 726 1904 sunt
752 1843 829 1903 haec
851 1846 981 1924 somnis,

60 1928 260 1988 dioittantum
284 1945 330 2005 es,
353 1926 407 1987 sed
425 1945 486 1987 non
499 1927 618 2007 probat.
662 1927 771 1987 Paulos
795 1926 844 1986 hic
858 1946 980 1988 carnem

59 2017 170 2092 vocnt,
209 2009 353 2090 quicquid
377 2011 443 2070 sine
465 2012 571 2091 spiritu
594 2016 650 2089 est,
671 2013 714 2071 uti
736 2012 981 2072 mensi-ravimus.

60 2092 137 2157 Ideo
160 2112 299 2155 summae
320 2093 392 2154 ilice
414 2095 539 2155 virtutes
563 2097 748 2176 optimorum
771 2095 928 2154 hominnm
951 2095 981 2154 in

60 2197 154 2238 corne
176 2185 261 2255 sunt,
282 2177 343 2238 hoo
365 2182 420 2257 est,
443 2184 598 2260 mortuae,
638 2179 780 2237 inimicos
803 2177 870 2239 Deo
904 2186 982 2259 sunt,

59 2261 121 2342 legi
143 2260 202 2320 Dei
226 2280 288 2322 non
312 2258 479 2339 subiectae,
499 2279 559 2321 nec
569 2267 710 2343 potentes
726 2261 833 2321 subiici
856 2261 984 2340 Deoque

60 2362 124 2405 non
146 2342 315 2425 placentes.
359 2344 470 2404 Paulus
497 2347 579 2404 enim
602 2363 665 2405 non
688 2344 786 2404 solum
805 2341 895 2423 dicit,
929 2363 983 2404 eos

60 2446 123 2489 non
145 2426 264 2509 subiici,
288 2426 343 2488 sed
366 2445 424 2488 nec
444 2446 537 2507 posse
560 2425 678 2490 subiici.
721 2425 772 2487 Sic
794 2433 825 2486 et
847 2427 984 2488 Christus

60 2511 168 2575 dietih.
189 2514 224 2575 ’ἴε
251 2510 352 2571 Arbor
373 2510 455 2571 mois
476 2529 539 2572 non
561 2517 665 2591 potest
686 2509 800 2569 fructus
816 2509 918 2571 bonos
942 2510 983 2569 io

62 2600 150 2673 ceie3
181 2598 213 2654 et
234 2593 288 2657 12:
332 2592 497 2668 Quomodo
521 2595 649 2675 potestis
672 2592 753 2655 bons
778 2591 878 2672 ioqui,
914 2612 981 2652 cum

60 2678 126 2738 sitis
148 2676 243 2737 mali?
288 2676 381 2738 Vides
403 2678 468 2759 hic,
499 2696 561 2738 non
584 2678 684 2738 solum
707 2676 788 2737 mols
809 2695 866 2737 nos
890 2676 983 2755 loqui,

61 2760 116 2822 sed
138 2779 198 2821 nec
219 2778 311 2840 posse
333 2761 417 2841 loqui
438 2761 532 2823 bone.

145 2843 185 2904 m
195 2845 248 2923 qui
257 2844 328 2905 alibi
340 2844 428 2905 dicit:
440 2844 505 2906 Nos
514 2863 582 2904 cnm
596 2845 689 2904 simus
702 2844 784 2924 meli,
794 2844 872 2903 scire
881 2848 983 2903 tomen

62 2925 132 2987 iiliis
147 2927 260 2987 nostris
282 2927 364 2989 bons
376 2926 459 3006 dere,
481 2935 574 3008 negat
596 2933 696 2988 temen
709 2947 767 2989 nos
780 2927 861 2990 bons
873 2926 983 3007 fecere,

61 3011 155 3071 eiiam
178 3029 215 3071 eo
238 3011 316 3092 ipso,
339 3030 400 3091 quo
423 3011 530 3072 damus
544 3011 635 3091 bons,
658 3012 782 3092 scilicet,
805 3009 889 3091 quod
903 3010 985 3070 bons

61 3100 110 3155 est
131 3097 272 3158 creature
293 3095 360 3174 Dei,
382 3114 473 3175 quem
496 3095 613 3173 damus,
636 3113 694 3155 nec
716 3103 817 3155 tamen
840 3094 899 3173 ipsi
910 3092 984 3154 boni

61 3197 183 3258 snmus,
213 3196 272 3239 nec
294 3177 373 3240 bene
395 3178 477 3240 bona
503 3179 556 3239 illa
578 3178 701 3255 demus,
729 3178 862 3256 loquitur
883 3185 984 3236 nutem

61 3261 100 3321 ad
124 3280 242 3341 omnes,
264 3281 375 3343 nempe
397 3263 489 3324 etism
512 3262 551 3322 od
572 3260 740 3342 discipulos
762 3279 845 3338 suos,
867 3267 900 3320 ut
913 3278 984 3320 con-

62 3349 124 3405 stet
143 3344 222 3405 haec
242 3347 367 3426 gemino
390 3346 475 3407 Pauli
490 3345 525 3418 Ἴ
551 3347 715 3407 sententia:
739 3341 840 3404 Iustus
862 3363 903 3403 ex
924 3343 985 3402 flde

63 3428 147 3509 vivit,
171 3433 215 3488 et:
260 3429 370 3508 Omne,
393 3430 476 3512 quod
506 3449 569 3491 non
592 3436 639 3491 est
661 3449 701 3490 ex
723 3427 801 3512 fide,
823 3440 985 3512 peccatum

62 3516 125 3590 est,
158 3530 285 3592 querum
320 3513 404 3581 hoec¹
429 3535 468 3577 ex
489 3513 541 3574 ills
562 3516 709 3597 sequitur.
752 3515 785 3577 Si
807 3517 887 3579 enim
911 3514 985 3575 nihil

63 3680 483 3696 n—-u—*m

136 3776 168 3851 ¹⁸¹)
188 3780 268 3836 Rom.
288 3785 303 3839 1
323 3789 352 3838 et
371 3784 413 3840 14.
