2348 4162
185 241 250 310 354
427 240 472 297 De
490 255 574 296 servo
592 237 708 295 arbitrio
725 239 760 294 D.
778 238 814 295 n.
832 238 863 293 L.

186 413 258 474 dum
280 415 422 471 asserunt
442 409 568 471 liberum
591 407 757 472 arbitrium.
799 408 879 470 Nam
907 408 933 469 si
955 426 1028 468 meo
1050 413 1111 469 stu·

186 496 238 556 dio
260 495 389 575 gratiam
412 493 470 554 Dei
493 494 629 571 obtineo,
652 492 724 572 qnid
746 510 824 572 opus
841 497 889 552 est
910 491 1025 551 Christi
1046 510 1111 573 gra·

185 581 229 640 tia
250 595 306 658 pro
327 594 397 637 mea
419 577 517 656 gratia
539 574 739 655 aooipienda?
781 574 844 636 Ant
865 573 938 654 quid
961 574 1037 634 mibi
1063 575 1111 637 de-

186 668 244 738 est,
266 659 317 721 ubi
338 660 466 740 gratiam
479 659 536 719 Dei
548 657 706 719 habuero?
749 658 833 718 Dixit
844 664 947 719 autem
969 656 1109 737 diatriba,

186 745 291 805 dieunt
312 750 342 802 et
364 761 472 803 omnes
495 741 676 822 Sophistae,
698 751 805 801 nostro
829 745 943 802 oonatu
965 759 1025 802 nos
1046 760 1111 822 gra-

185 828 259 889 tiam
281 825 339 886 Dei
359 827 539 905 impetrare,
566 830 598 884 et
624 823 663 884 ad
685 824 770 884 iilam
792 823 1002 904 reeipiendam
1025 842 1111 905 prae·

185 910 297 991 parari,
318 907 391 969 iioet
411 927 475 968 non
497 907 537 967 de
559 906 726 987 condigno,
747 906 802 967 sed
826 906 864 967 de
881 924 1033 988 oongruo,
1053 907 1113 970 boo

186 993 279 1074 piane
311 998 358 1051 est
388 1010 502 1071 negare
524 990 692 1067 Christum,
725 1008 781 1069 pro
817 991 903 1050 ouius
932 990 1034 1069 gratia
1054 1009 1111 1052 nos

186 1076 316 1157 gratiam
351 1075 493 1154 aooipere
523 1073 574 1132 hie
595 1079 723 1133 testatur
745 1072 892 1152 Baptista.
936 1072 1016 1135 Nam
1037 1072 1111 1134 iilud
1154 1112 1160 1129 ,

188 1162 396 1219 oommentnm
426 1156 464 1216 de
486 1155 643 1235 eondigno
672 1161 705 1215 et
726 1162 865 1235 oongrno
888 1174 982 1235 snpra
1004 1156 1111 1217 eontin-

91 1274 96 1281 ·
186 1242 261 1320 tari,
283 1238 366 1318 quod
387 1239 492 1300 inania
512 1237 606 1298 verba
627 1239 702 1317 sint,
730 1256 841 1298 revera
861 1246 963 1298 autern
987 1239 1112 1320 condig-

187 1342 261 1385 num
284 1323 423 1382 meritum
446 1323 590 1400 sentiant,
612 1321 704 1400 idque
719 1322 836 1382 maiore
846 1322 1008 1401 impietate
1022 1341 1111 1401 quarn

188 1406 359 1486 Pelagiani,
392 1406 433 1465 nti
467 1405 608 1467 diximus.
653 1406 696 1464 tta
718 1402 768 1480 fit,
801 1411 833 1464 nt
864 1404 963 1483 magis
997 1412 1112 1486 negent

188 1489 352 1550 Dominum
376 1488 543 1568 Christum,
577 1488 627 1567 qui
660 1505 718 1548 nos
751 1494 903 1548 mereatus
929 1492 994 1565 est,
1027 1488 1112 1569 impii

188 1571 353 1652 Sophistae
375 1590 435 1631 nna
456 1589 524 1631 oum
548 1570 686 1647 diatribe,
709 1587 800 1647 quarn
822 1588 957 1650 unquam
979 1589 1112 1651 negare

179 1656 247 1716 rint
269 1655 423 1734 Pelagiani
456 1660 509 1714 aut
530 1653 582 1712 uili
605 1652 768 1730 baeretioi,
808 1652 888 1714 adeo
911 1672 974 1714 non
998 1655 1113 1733 patitur

187 1757 292 1799 seeum
314 1738 413 1817 gratia
440 1735 533 1796 uliarn
565 1736 743 1817 partioulum
766 1744 820 1796 ant
841 1736 902 1796 virn
924 1735 1015 1799 liberi
1036 1737 1112 1798 arbi·

188 1822 243 1883 trii.
295 1819 385 1895 Quod
418 1825 519 1880 autern
542 1820 695 1880 Christum
723 1825 839 1898 negent
872 1817 958 1879 liberi
994 1819 1111 1881 arbitn'i

189 1912 315 1983 tutores,
337 1922 398 1963 non
411 1901 504 1963 modo
520 1901 637 1982 -probat
648 1902 727 1963 haee
737 1901 901 1982 Scriptura,
923 1901 980 1963 sed
1003 1910 1035 1963 et
1046 1904 1113 1983 ipen

189 2006 295 2049 eornm
318 1987 396 2065 vita,
428 1985 500 2045 bino
526 1987 606 2046 enirn
630 1984 783 2045 Christum
818 1986 878 2046 iam
901 2003 964 2046 non
987 2004 1111 2049 enavem

190 2070 408 2146 mediatorem,
436 2068 490 2128 sed
513 2068 709 2129 metuendum
731 2067 863 2128 iudioem
885 2066 943 2127 sibi
965 2067 1111 2147 feserunt,

190 2172 280 2233 quern
314 2152 439 2232 plaeere
481 2154 606 2212 student
642 2150 913 2212 intercessionibus
943 2150 1052 2213 Matris
1079 2158 1113 2213 et

190 2236 392 2314 Sanctorum,
425 2242 487 2294 tum
524 2235 624 2294 mattis
653 2235 781 2314 repertis
804 2233 964 2315 operibus,
997 2234 1111 2311 ritibus,

188 2318 398 2399 religionibus,
420 2319 518 2396 votis,
554 2318 663 2397 quibus
686 2317 828 2378 omnibus
845 2323 950 2397 agunt,
974 2323 1008 2378 ιιι
1029 2318 1111 2379 Ghri·

189 2411 253 2464 stus
275 2399 319 2463 eis
342 2402 481 2482 planatus
503 2401 633 2480 gratiam
658 2400 763 2476 donet,
784 2418 846 2462 non
859 2406 961 2461 entem
975 2400 1111 2479 eredunt,

190 2485 273 2566 qnod
295 2484 377 2565 apud
400 2483 499 2546 Deum
522 2483 712 2566 interpellet,
741 2490 772 2543 et
799 2485 929 2563 gratiam
951 2484 998 2544 eis
1020 2485 1111 2564 impe·

189 2577 250 2630 tret
269 2588 324 2649 per
344 2587 432 2627 suum
455 2568 653 2646 sanguinem,
690 2573 721 2627 et
741 2568 872 2647 gratiam
896 2564 949 2708 ἳιι
969 2566 1021 2627 bio
1043 2566 1112 2627 dioi-

190 2658 255 2727 tur)
280 2670 336 2732 pro
352 2652 460 2731 gratia.
505 2651 606 2729 Atque
628 2657 661 2710 ut
682 2648 819 2728 eredunt,
841 2651 885 2708 ita
927 2647 1040 2728 abent,
1068 2658 1111 2709 est

190 2736 271 2795 enim
294 2734 431 2795 Christus
460 2751 532 2793 rere
554 2738 586 2794 et
607 2733 714 2793 merito
736 2731 797 2792 iliis
819 2731 913 2791 iudex
936 2731 1110 2795 inexorabi-

190 2820 244 2895 lis,
275 2816 346 2876 dum
369 2836 437 2877 eum
462 2816 605 2875 deserunt
641 2821 675 2876 ut
707 2814 906 2875 mediatorem
930 2818 963 2874 et
983 2813 1112 2876 salvato

188 2920 254 2962 rem
277 2900 559 2971 dementissimum,
582 2906 613 2959 et
634 2899 813 2977 sangninem
838 2898 1028 2977 engratiam
1050 2897 1111 2958 aias

191 2983 330 3125 {iliorem
353 2981 483 3062 babent,
517 3000 608 3060 quarn
629 2982 732 3042 studia
753 2987 785 3041 et
805 2988 935 3065 oooatus
957 2979 1048 3043 liberi
1067 2996 1111 3041 ar·

213 3065 283 3127 itrii.
817 3067 824 3081 “

273 3134 441 3209 Audiamus
473 3154 505 3208 et
536 3146 711 3227 exemplum
744 3145 830 3208 tiberi
852 3145 978 3210 arbitrii.
1021 3144 1112 3206 Niso·

191 3229 344 3313 demost)
371 3230 490 3293 aeiiioet
525 3232 569 3290 sir
591 3237 654 3310 est,
684 3230 715 3293 in
738 3248 799 3309 qno
823 3228 897 3289 nibil
920 3246 1017 3308 queas
1040 3227 1112 3288 desi·

191 3314 314 3390 derare,
349 3313 432 3393 quod
454 3313 579 3374 liberum
602 3312 757 3373 arbitrium
782 3311 902 3384 valeat,
937 3310 1012 3391 quid
1034 3311 1112 3371 enim

190 3397 237 3459 vir
258 3398 310 3458 iiie
331 3397 445 3457 omittit
479 3396 571 3458 studii
610 3404 663 3457 aut
691 3394 842 3457 oonatus?
883 3394 1010 3455 Fatetur
1032 3392 1113 3455 Gbri·

191 3486 270 3541 sturn
294 3498 436 3542 veraoem
472 3485 503 3539 et
526 3499 545 3540 a
566 3480 632 3540 Deo
656 3480 797 3559 venisse,
835 3478 926 3557 sigua
946 3476 1113 3558 praedicat,

264 3745 296 3816 ⁸)
316 3744 411 3803 Iohan
430 3746 457 3802 3.
