<?xml version="1.0" encoding="UTF-8"?>
<!DOCTYPE html PUBLIC "-//W3C//DTD XHTML 1.0 Transitional//EN"
    "http://www.w3.org/TR/xhtml1/DTD/xhtml1-transitional.dtd">
<html xmlns="http://www.w3.org/1999/xhtml" xml:lang="en" lang="en">
 <head>
  <title>
</title>
<meta http-equiv="Content-Type" content="text/html;charset=utf-8" />
  <meta name='ocr-system' content='tesseract 3.04.00' />
  <meta name='ocr-capabilities' content='ocr_page ocr_carea ocr_par ocr_line ocrx_word'/>
</head>
<body>
  <div class='ocr_page' id='page_1' title='image "./dmartinilutheri02luthgoog_0354.png"; bbox 0 0 2348 4162; ppageno 0'>
   <div class='ocr_carea' id='block_1_1' title="bbox 274 234 982 307">
    <p class='ocr_par' dir='ltr' id='par_1_1' title="bbox 274 234 982 307">
     <span class='ocr_line' id='line_1_1' title="bbox 274 234 982 307; baseline 0.013 -16"><span class='ocrx_word' id='word_1_1' title='bbox 274 234 312 291; x_wconf 88' lang='lat' dir='ltr'><strong>ad</strong></span> <span class='ocrx_word' id='word_1_2' title='bbox 329 236 363 293; x_wconf 85' lang='lat' dir='ltr'><strong>D.</strong></span> <span class='ocrx_word' id='word_1_3' title='bbox 382 238 524 294; x_wconf 82' lang='lat' dir='ltr'><strong>Erasmum</strong></span> <span class='ocrx_word' id='word_1_4' title='bbox 543 238 766 295; x_wconf 86' lang='lat' dir='ltr'><strong>Roterodamum.</strong></span> <span class='ocrx_word' id='word_1_5' title='bbox 922 241 982 307; x_wconf 79' lang='lat'><strong>341</strong></span> 
     </span>
    </p>
   </div>
   <div class='ocr_carea' id='block_1_2' title="bbox 55 408 987 3481">
    <p class='ocr_par' dir='ltr' id='par_1_2' title="bbox 55 408 986 825">
     <span class='ocr_line' id='line_1_2' title="bbox 57 408 986 492; baseline 0.008 -22"><span class='ocrx_word' id='word_1_6' title='bbox 57 414 128 470; x_wconf 84' lang='lat' dir='ltr'><strong>tare</strong></span> <span class='ocrx_word' id='word_1_7' title='bbox 150 408 189 470; x_wconf 88' lang='lat' dir='ltr'><strong>de</strong></span> <span class='ocrx_word' id='word_1_8' title='bbox 210 408 316 470; x_wconf 87' lang='lat' dir='ltr'><strong>favore</strong></span> <span class='ocrx_word' id='word_1_9' title='bbox 337 408 420 492; x_wconf 85' lang='lat' dir='ltr'><strong>Dei,</strong></span> <span class='ocrx_word' id='word_1_10' title='bbox 453 411 505 490; x_wconf 94' lang='lat' dir='ltr'><strong>qui</strong></span> <span class='ocrx_word' id='word_1_11' title='bbox 527 411 584 472; x_wconf 89' lang='lat' dir='ltr'><strong>sibi</strong></span> <span class='ocrx_word' id='word_1_12' title='bbox 607 411 671 474; x_wconf 84' lang='lat' dir='ltr'><strong>vult</strong></span> <span class='ocrx_word' id='word_1_13' title='bbox 698 420 788 492; x_wconf 81' lang='lat' dir='ltr'><strong>quam</strong></span> <span class='ocrx_word' id='word_1_14' title='bbox 817 415 986 477; x_wconf 82' lang='lat' dir='ltr'><strong>certissima</strong></span> 
     </span>
     <span class='ocr_line' id='line_1_3' title="bbox 56 490 985 577; baseline 0.008 -25"><span class='ocrx_word' id='word_1_15' title='bbox 56 490 124 553; x_wconf 85' lang='lat' dir='ltr'><strong>tide</strong></span> <span class='ocrx_word' id='word_1_16' title='bbox 145 492 238 570; x_wconf 88' lang='lat' dir='ltr'><strong>credi,</strong></span> <span class='ocrx_word' id='word_1_17' title='bbox 261 492 343 572; x_wconf 92' lang='lat' dir='ltr'><strong>quod</strong></span> <span class='ocrx_word' id='word_1_18' title='bbox 365 493 476 556; x_wconf 82' lang='lat' dir='ltr'><strong>faveat.</strong></span> <span class='ocrx_word' id='word_1_19' title='bbox 509 494 552 555; x_wconf 88' lang='lat' dir='ltr'><strong>lta</strong></span> <span class='ocrx_word' id='word_1_20' title='bbox 573 500 651 556; x_wconf 89' lang='lat' dir='ltr'><strong>teste</strong></span> <span class='ocrx_word' id='word_1_21' title='bbox 671 496 804 577; x_wconf 88' lang='lat' dir='ltr'><strong>ipsamet</strong></span> <span class='ocrx_word' id='word_1_22' title='bbox 825 496 985 559; x_wconf 73' lang='lat' dir='ltr'><strong>conscien-</strong></span> 
     </span>
     <span class='ocr_line' id='line_1_4' title="bbox 57 576 984 663; baseline 0.008 -27"><span class='ocrx_word' id='word_1_23' title='bbox 57 576 106 636; x_wconf 87' lang='lat' dir='ltr'><strong>tia</strong></span> <span class='ocrx_word' id='word_1_24' title='bbox 120 593 226 637; x_wconf 89' lang='lat' dir='ltr'><strong>eorum</strong></span> <span class='ocrx_word' id='word_1_25' title='bbox 241 577 463 654; x_wconf 81' lang='lat' dir='ltr'><strong>convincimus,</strong></span> <span class='ocrx_word' id='word_1_26' title='bbox 485 577 567 657; x_wconf 92' lang='lat' dir='ltr'><strong>quod</strong></span> <span class='ocrx_word' id='word_1_27' title='bbox 582 577 709 640; x_wconf 88' lang='lat' dir='ltr'><strong>liberum</strong></span> <span class='ocrx_word' id='word_1_28' title='bbox 727 578 894 663; x_wconf 81' lang='lat' dir='ltr'>arbitrium,</span> <span class='ocrx_word' id='word_1_29' title='bbox 916 601 984 643; x_wconf 91' lang='lat' dir='ltr'><strong>cnm</strong></span> 
     </span>
     <span class='ocr_line' id='line_1_5' title="bbox 57 658 984 745; baseline 0.009 -26"><span class='ocrx_word' id='word_1_30' title='bbox 57 664 153 720; x_wconf 85' lang='lat' dir='ltr'><strong>vacet</strong></span> <span class='ocrx_word' id='word_1_31' title='bbox 172 658 271 739; x_wconf 86' lang='lat' dir='ltr'><strong>gioria</strong></span> <span class='ocrx_word' id='word_1_32' title='bbox 294 660 361 738; x_wconf 89' lang='lat' dir='ltr'><strong>Dei,</strong></span> <span class='ocrx_word' id='word_1_33' title='bbox 384 661 422 720; x_wconf 90' lang='lat' dir='ltr'><strong>sit</strong></span> <span class='ocrx_word' id='word_1_34' title='bbox 443 660 664 722; x_wconf 75' lang='lat' dir='ltr'><strong>incredulitatis</strong></span> <span class='ocrx_word' id='word_1_35' title='bbox 688 663 813 724; x_wconf 89' lang='lat' dir='ltr'><strong>crimine</strong></span> <span class='ocrx_word' id='word_1_36' title='bbox 834 671 984 745; x_wconf 90' lang='lat' dir='ltr'><strong>perpetuo</strong></span> 
     </span>
     <span class='ocr_line' id='line_1_6' title="bbox 55 742 985 825; baseline 0.006 -22"><span class='ocrx_word' id='word_1_37' title='bbox 55 761 146 803; x_wconf 86' lang='lat' dir='ltr'><strong>reum</strong></span> <span class='ocrx_word' id='word_1_38' title='bbox 169 761 237 803; x_wconf 91' lang='lat' dir='ltr'><strong>cum</strong></span> <span class='ocrx_word' id='word_1_39' title='bbox 261 742 403 804; x_wconf 91' lang='lat' dir='ltr'><strong>omnibus</strong></span> <span class='ocrx_word' id='word_1_40' title='bbox 425 743 554 821; x_wconf 79' lang='lat' dir='ltr'><strong>uiribus,</strong></span> <span class='ocrx_word' id='word_1_41' title='bbox 583 745 705 825; x_wconf 90' lang='lat' dir='ltr'><strong>studiis,</strong></span> <span class='ocrx_word' id='word_1_42' title='bbox 730 746 890 808; x_wconf 86' lang='lat' dir='ltr'><strong>conatibus</strong></span> <span class='ocrx_word' id='word_1_43' title='bbox 913 749 985 809; x_wconf 89' lang='lat' dir='ltr'><strong>suis.</strong></span> 
     </span>
    </p>

    <p class='ocr_par' dir='ltr' id='par_1_3' title="bbox 55 825 987 1655">
     <span class='ocr_line' id='line_1_7' title="bbox 149 825 985 901; baseline 0.005 -15"><span class='ocrx_word' id='word_1_44' title='bbox 149 825 229 901; x_wconf 77' lang='lat' dir='ltr'><strong>Quid</strong></span> <span class='ocrx_word' id='word_1_45' title='bbox 251 844 324 886; x_wconf 88' lang='lat' dir='ltr'><strong>vero</strong></span> <span class='ocrx_word' id='word_1_46' title='bbox 348 827 433 888; x_wconf 86' lang='lat' dir='ltr'><strong>liberi</strong></span> <span class='ocrx_word' id='word_1_47' title='bbox 457 827 570 889; x_wconf 86' lang='lat' dir='ltr'><strong>arbitrii</strong></span> <span class='ocrx_word' id='word_1_48' title='bbox 598 833 713 890; x_wconf 87' lang='lat' dir='ltr'><strong>tutores</strong></span> <span class='ocrx_word' id='word_1_49' title='bbox 735 827 840 890; x_wconf 89' lang='lat' dir='ltr'><strong>dicent</strong></span> <span class='ocrx_word' id='word_1_50' title='bbox 862 829 985 892; x_wconf 90' lang='lat' dir='ltr'><strong>tandem</strong></span> 
     </span>
     <span class='ocr_line' id='line_1_8' title="bbox 59 907 984 993; baseline 0.002 -22"><span class='ocrx_word' id='word_1_51' title='bbox 59 907 102 971; x_wconf 90' lang='lat' dir='ltr'><strong>ad</strong></span> <span class='ocrx_word' id='word_1_52' title='bbox 124 907 209 989; x_wconf 88' lang='lat' dir='ltr'><strong>iliud,</strong></span> <span class='ocrx_word' id='word_1_53' title='bbox 232 908 314 989; x_wconf 90' lang='lat' dir='ltr'><strong>qnod</strong></span> <span class='ocrx_word' id='word_1_54' title='bbox 329 911 481 990; x_wconf 89' lang='lat' dir='ltr'><strong>sequitur:</strong></span> <span class='ocrx_word' id='word_1_55' title='bbox 503 909 661 972; x_wconf 86' lang='lat' dir='ltr'><strong>Iustifioati</strong></span> <span class='ocrx_word' id='word_1_56' title='bbox 675 913 835 993; x_wconf 90' lang='lat' dir='ltr'><strong>gratisper</strong></span> <span class='ocrx_word' id='word_1_57' title='bbox 856 913 984 993; x_wconf 88' lang='lat' dir='ltr'><strong>gratiam</strong></span> 
     </span>
     <span class='ocr_line' id='line_1_9' title="bbox 55 991 984 1076; baseline 0.004 -24"><span class='ocrx_word' id='word_1_58' title='bbox 55 991 178 1073; x_wconf 85' lang='lat' dir='ltr'><strong>ipsius?</strong></span> <span class='ocrx_word' id='word_1_59' title='bbox 212 991 292 1068; x_wconf 76' lang='lat' dir='ltr'><strong>Quid</strong></span> <span class='ocrx_word' id='word_1_60' title='bbox 315 998 362 1054; x_wconf 88' lang='lat' dir='ltr'><strong>est</strong></span> <span class='ocrx_word' id='word_1_61' title='bbox 384 992 444 1054; x_wconf 88' lang='lat' dir='ltr'><strong>hoo</strong></span> <span class='ocrx_word' id='word_1_62' title='bbox 463 993 580 1074; x_wconf 83' lang='lat' dir='ltr'><strong>gratis?</strong></span> <span class='ocrx_word' id='word_1_63' title='bbox 612 994 692 1070; x_wconf 77' lang='lat' dir='ltr'><strong>Quid</strong></span> <span class='ocrx_word' id='word_1_64' title='bbox 715 1003 761 1056; x_wconf 86' lang='lat' dir='ltr'><strong>eat</strong></span> <span class='ocrx_word' id='word_1_65' title='bbox 778 1015 833 1075; x_wconf 85' lang='lat' dir='ltr'><strong>per</strong></span> <span class='ocrx_word' id='word_1_66' title='bbox 855 997 984 1076; x_wconf 78' lang='lat' dir='ltr'><strong>gratiam</strong></span> 
     </span>
     <span class='ocr_line' id='line_1_10' title="bbox 56 1072 987 1155; baseline 0.004 -20"><span class='ocrx_word' id='word_1_67' title='bbox 56 1072 180 1155; x_wconf 68' lang='lat' dir='ltr'><strong>ipsius?</strong></span> <span class='ocrx_word' id='word_1_68' title='bbox 223 1074 388 1150; x_wconf 77' lang='lat' dir='ltr'><strong>Quomodo</strong></span> <span class='ocrx_word' id='word_1_69' title='bbox 418 1084 547 1138; x_wconf 80' lang='lat' dir='ltr'><strong>conatus</strong></span> <span class='ocrx_word' id='word_1_70' title='bbox 575 1083 606 1139; x_wconf 87' lang='lat' dir='ltr'><strong>et</strong></span> <span class='ocrx_word' id='word_1_71' title='bbox 626 1079 766 1139; x_wconf 89' lang='lat' dir='ltr'><strong>meritum</strong></span> <span class='ocrx_word' id='word_1_72' title='bbox 800 1079 987 1140; x_wconf 89' lang='lat' dir='ltr'><strong>conveniunt</strong></span> 
     </span>
     <span class='ocr_line' id='line_1_11' title="bbox 57 1159 986 1240; baseline 0.004 -21"><span class='ocrx_word' id='word_1_73' title='bbox 57 1177 131 1219; x_wconf 91' lang='lat' dir='ltr'><strong>cnm</strong></span> <span class='ocrx_word' id='word_1_74' title='bbox 154 1159 286 1237; x_wconf 89' lang='lat' dir='ltr'><strong>gratuita</strong></span> <span class='ocrx_word' id='word_1_75' title='bbox 308 1165 339 1220; x_wconf 91' lang='lat' dir='ltr'><strong>et</strong></span> <span class='ocrx_word' id='word_1_76' title='bbox 360 1159 474 1221; x_wconf 86' lang='lat' dir='ltr'><strong>donata</strong></span> <span class='ocrx_word' id='word_1_77' title='bbox 502 1160 640 1222; x_wconf 84' lang='lat' dir='ltr'><strong>iustitia?</strong></span> <span class='ocrx_word' id='word_1_78' title='bbox 689 1162 780 1223; x_wconf 85' lang='lat' dir='ltr'><strong>Forte</strong></span> <span class='ocrx_word' id='word_1_79' title='bbox 801 1162 852 1223; x_wconf 92' lang='lat' dir='ltr'><strong>hio</strong></span> <span class='ocrx_word' id='word_1_80' title='bbox 873 1161 986 1240; x_wconf 86' lang='lat' dir='ltr'><strong>dioent,</strong></span> 
     </span>
     <span class='ocr_line' id='line_1_12' title="bbox 58 1239 985 1324; baseline 0.004 -22"><span class='ocrx_word' id='word_1_81' title='bbox 58 1260 132 1302; x_wconf 87' lang='lat' dir='ltr'><strong>scae</strong></span> <span class='ocrx_word' id='word_1_82' title='bbox 153 1239 249 1302; x_wconf 86' lang='lat' dir='ltr'><strong>libero</strong></span> <span class='ocrx_word' id='word_1_83' title='bbox 272 1242 397 1303; x_wconf 89' lang='lat' dir='ltr'><strong>arbitrio</strong></span> <span class='ocrx_word' id='word_1_84' title='bbox 421 1262 511 1321; x_wconf 89' lang='lat' dir='ltr'><strong>quam</strong></span> <span class='ocrx_word' id='word_1_85' title='bbox 526 1243 682 1304; x_wconf 90' lang='lat' dir='ltr'><strong>minimum</strong></span> <span class='ocrx_word' id='word_1_86' title='bbox 706 1244 846 1324; x_wconf 89' lang='lat' dir='ltr'><strong>tribuere,</strong></span> <span class='ocrx_word' id='word_1_87' title='bbox 870 1265 985 1324; x_wconf 91' lang='lat' dir='ltr'><strong>nequa-</strong></span> 
     </span>
     <span class='ocr_line' id='line_1_13' title="bbox 58 1325 987 1406; baseline 0.006 -22"><span class='ocrx_word' id='word_1_88' title='bbox 58 1343 152 1404; x_wconf 91' lang='lat' dir='ltr'><strong>quam</strong></span> <span class='ocrx_word' id='word_1_89' title='bbox 176 1325 315 1386; x_wconf 89' lang='lat' dir='ltr'><strong>meritum</strong></span> <span class='ocrx_word' id='word_1_90' title='bbox 345 1325 542 1406; x_wconf 89' lang='lat' dir='ltr'><strong>condignum.</strong></span> <span class='ocrx_word' id='word_1_91' title='bbox 597 1325 659 1390; x_wconf 87' lang='lat' dir='ltr'><strong>Sed</strong></span> <span class='ocrx_word' id='word_1_92' title='bbox 686 1327 764 1397; x_wconf 84' lang='lat' dir='ltr'><strong>haec</strong></span> <span class='ocrx_word' id='word_1_93' title='bbox 791 1334 863 1389; x_wconf 89' lang='lat' dir='ltr'><strong>sunt</strong></span> <span class='ocrx_word' id='word_1_94' title='bbox 891 1328 987 1390; x_wconf 89' lang='lat' dir='ltr'><strong>verba</strong></span> 
     </span>
     <span class='ocr_line' id='line_1_14' title="bbox 57 1406 984 1489; baseline 0.005 -23"><span class='ocrx_word' id='word_1_95' title='bbox 57 1407 174 1467; x_wconf 89' lang='lat' dir='ltr'><strong>inania.</strong></span> <span class='ocrx_word' id='word_1_96' title='bbox 217 1406 286 1468; x_wconf 91' lang='lat' dir='ltr'><strong>Hoo</strong></span> <span class='ocrx_word' id='word_1_97' title='bbox 307 1409 388 1469; x_wconf 90' lang='lat' dir='ltr'><strong>enim</strong></span> <span class='ocrx_word' id='word_1_98' title='bbox 413 1411 569 1489; x_wconf 87' lang='lat' dir='ltr'><strong>quaeritur</strong></span> <span class='ocrx_word' id='word_1_99' title='bbox 592 1429 645 1487; x_wconf 90' lang='lat' dir='ltr'><strong>per</strong></span> <span class='ocrx_word' id='word_1_100' title='bbox 666 1410 794 1471; x_wconf 88' lang='lat' dir='ltr'><strong>liberum</strong></span> <span class='ocrx_word' id='word_1_101' title='bbox 817 1410 984 1489; x_wconf 83' lang='lat' dir='ltr'><strong>arbitrium,</strong></span> 
     </span>
     <span class='ocr_line' id='line_1_15' title="bbox 57 1491 987 1575; baseline 0.004 -24"><span class='ocrx_word' id='word_1_102' title='bbox 57 1496 94 1551; x_wconf 87' lang='lat' dir='ltr'><strong>ut</strong></span> <span class='ocrx_word' id='word_1_103' title='bbox 123 1491 238 1551; x_wconf 88' lang='lat' dir='ltr'><strong>meritis</strong></span> <span class='ocrx_word' id='word_1_104' title='bbox 265 1491 352 1552; x_wconf 90' lang='lat' dir='ltr'><strong>locus</strong></span> <span class='ocrx_word' id='word_1_105' title='bbox 385 1493 433 1558; x_wconf 81' lang='lat' dir='ltr'><strong>sit.</strong></span> <span class='ocrx_word' id='word_1_106' title='bbox 488 1491 539 1553; x_wconf 84' lang='lat' dir='ltr'><strong>Sio</strong></span> <span class='ocrx_word' id='word_1_107' title='bbox 570 1494 650 1554; x_wconf 91' lang='lat' dir='ltr'><strong>enim</strong></span> <span class='ocrx_word' id='word_1_108' title='bbox 678 1499 827 1575; x_wconf 88' lang='lat' dir='ltr'><strong>perpetuo</strong></span> <span class='ocrx_word' id='word_1_109' title='bbox 861 1501 987 1556; x_wconf 83' lang='lat' dir='ltr'><strong>causata</strong></span> 
     </span>
     <span class='ocr_line' id='line_1_16' title="bbox 58 1572 437 1655; baseline 0.008 -22"><span class='ocrx_word' id='word_1_110' title='bbox 58 1572 190 1634; x_wconf 84' lang='lat' dir='ltr'><strong>diatriba</strong></span> <span class='ocrx_word' id='word_1_111' title='bbox 212 1575 437 1655; x_wconf 88' lang='lat' dir='ltr'><strong>expostulavit:</strong></span> 
     </span>
    </p>

    <p class='ocr_par' dir='ltr' id='par_1_4' title="bbox 58 1654 987 1984">
     <span class='ocr_line' id='line_1_17' title="bbox 144 1654 987 1738; baseline 0.001 -19"><span class='ocrx_word' id='word_1_112' title='bbox 144 1654 177 1719; x_wconf 86' lang='lat' dir='ltr'><strong>Si</strong></span> <span class='ocrx_word' id='word_1_113' title='bbox 199 1675 262 1717; x_wconf 92' lang='lat' dir='ltr'><strong>non</strong></span> <span class='ocrx_word' id='word_1_114' title='bbox 284 1660 332 1719; x_wconf 85' lang='lat' dir='ltr'><strong>eat</strong></span> <span class='ocrx_word' id='word_1_115' title='bbox 361 1657 484 1720; x_wconf 81' lang='lat' dir='ltr'><strong>libertas</strong></span> <span class='ocrx_word' id='word_1_116' title='bbox 507 1658 635 1738; x_wconf 89' lang='lat' dir='ltr'><strong>arbitrii,</strong></span> <span class='ocrx_word' id='word_1_117' title='bbox 663 1658 715 1719; x_wconf 90' lang='lat' dir='ltr'><strong>ubi</strong></span> <span class='ocrx_word' id='word_1_118' title='bbox 738 1664 785 1719; x_wconf 89' lang='lat' dir='ltr'><strong>est</strong></span> <span class='ocrx_word' id='word_1_119' title='bbox 806 1659 920 1720; x_wconf 87' lang='lat' dir='ltr'><strong>meritis</strong></span> <span class='ocrx_word' id='word_1_120' title='bbox 942 1659 987 1720; x_wconf 93' lang='lat' dir='ltr'><strong>lo·</strong></span> 
     </span>
     <span class='ocr_line' id='line_1_18' title="bbox 59 1739 985 1823; baseline 0.003 -23"><span class='ocrx_word' id='word_1_121' title='bbox 59 1739 136 1800; x_wconf 79' lang='lat' dir='ltr'><strong>cua?</strong></span> <span class='ocrx_word' id='word_1_122' title='bbox 179 1739 210 1801; x_wconf 82' lang='lat' dir='ltr'><strong>Si</strong></span> <span class='ocrx_word' id='word_1_123' title='bbox 233 1741 348 1801; x_wconf 88' lang='lat' dir='ltr'><strong>meritis</strong></span> <span class='ocrx_word' id='word_1_124' title='bbox 371 1760 432 1803; x_wconf 95' lang='lat' dir='ltr'><strong>non</strong></span> <span class='ocrx_word' id='word_1_125' title='bbox 456 1748 503 1802; x_wconf 89' lang='lat' dir='ltr'><strong>est</strong></span> <span class='ocrx_word' id='word_1_126' title='bbox 524 1742 631 1821; x_wconf 87' lang='lat' dir='ltr'><strong>loeus,</strong></span> <span class='ocrx_word' id='word_1_127' title='bbox 660 1740 711 1803; x_wconf 88' lang='lat' dir='ltr'><strong>ubi</strong></span> <span class='ocrx_word' id='word_1_128' title='bbox 733 1742 876 1823; x_wconf 88' lang='lat' dir='ltr'><strong>praemiis</strong></span> <span class='ocrx_word' id='word_1_129' title='bbox 899 1742 985 1803; x_wconf 90' lang='lat' dir='ltr'><strong>locus</strong></span> 
     </span>
     <span class='ocr_line' id='line_1_19' title="bbox 58 1822 985 1984; baseline 0.003 -101"><span class='ocrx_word' id='word_1_130' title='bbox 58 1822 225 1984; x_wconf 41' lang='lat' dir='ltr'><strong>entinghi</strong></span> <span class='ocrx_word' id='word_1_131' title='bbox 251 1823 461 1904; x_wconf 76' lang='lat' dir='ltr'><strong>imputabitur,</strong></span> <span class='ocrx_word' id='word_1_132' title='bbox 489 1825 514 1885; x_wconf 87' lang='lat' dir='ltr'><strong>si</strong></span> <span class='ocrx_word' id='word_1_133' title='bbox 536 1826 603 1903; x_wconf 91' lang='lat' dir='ltr'><strong>quis</strong></span> <span class='ocrx_word' id='word_1_134' title='bbox 624 1823 806 1886; x_wconf 83' lang='lat' dir='ltr'><strong>iustificetur</strong></span> <span class='ocrx_word' id='word_1_135' title='bbox 833 1825 900 1886; x_wconf 91' lang='lat' dir='ltr'><strong>sine</strong></span> <span class='ocrx_word' id='word_1_136' title='bbox 921 1844 985 1886; x_wconf 89' lang='lat' dir='ltr'><strong>me·</strong></span> 
     </span>
     <span class='ocr_line' id='line_1_20' title="bbox 58 1905 124 1967; baseline -0.03 0"><span class='ocrx_word' id='word_1_137' title='bbox 58 1905 124 1967; x_wconf 89' lang='lat' dir='ltr'><strong>ritis</strong></span> 
     </span>
    </p>

    <p class='ocr_par' dir='ltr' id='par_1_5' title="bbox 58 1988 986 3382">
     <span class='ocr_line' id='line_1_21' title="bbox 141 1988 984 2071; baseline -0.001 -21"><span class='ocrx_word' id='word_1_138' title='bbox 141 1988 321 2069; x_wconf 75' lang='lat' dir='ltr'><strong>Respondet</strong></span> <span class='ocrx_word' id='word_1_139' title='bbox 351 1989 401 2050; x_wconf 88' lang='lat' dir='ltr'><strong>hic</strong></span> <span class='ocrx_word' id='word_1_140' title='bbox 428 1990 541 2050; x_wconf 86' lang='lat' dir='ltr'><strong>Paulus</strong></span> <span class='ocrx_word' id='word_1_141' title='bbox 556 2038 565 2071; x_wconf 87' lang='lat'><strong>,</strong></span> <span class='ocrx_word' id='word_1_142' title='bbox 598 1989 716 2051; x_wconf 91' lang='lat' dir='ltr'><strong>nullum</strong></span> <span class='ocrx_word' id='word_1_143' title='bbox 749 2009 818 2051; x_wconf 87' lang='lat' dir='ltr'><strong>esse</strong></span> <span class='ocrx_word' id='word_1_144' title='bbox 845 1990 984 2051; x_wconf 86' lang='lat' dir='ltr'><strong>meritum</strong></span> 
     </span>
     <span class='ocr_line' id='line_1_22' title="bbox 58 2071 985 2154; baseline 0.001 -22"><span class='ocrx_word' id='word_1_145' title='bbox 58 2090 195 2152; x_wconf 86' lang='lat' dir='ltr'><strong>prorsus,</strong></span> <span class='ocrx_word' id='word_1_146' title='bbox 217 2071 271 2133; x_wconf 90' lang='lat' dir='ltr'><strong>sed</strong></span> <span class='ocrx_word' id='word_1_147' title='bbox 293 2073 387 2153; x_wconf 88' lang='lat' dir='ltr'><strong>gratis</strong></span> <span class='ocrx_word' id='word_1_148' title='bbox 410 2071 567 2134; x_wconf 87' lang='lat' dir='ltr'><strong>iustificari</strong></span> <span class='ocrx_word' id='word_1_149' title='bbox 590 2092 708 2153; x_wconf 86' lang='lat' dir='ltr'><strong>omnes,</strong></span> <span class='ocrx_word' id='word_1_150' title='bbox 731 2079 883 2154; x_wconf 91' lang='lat' dir='ltr'><strong>quotquot</strong></span> <span class='ocrx_word' id='word_1_151' title='bbox 904 2074 985 2133; x_wconf 89' lang='lat' dir='ltr'><strong>iusti·</strong></span> 
     </span>
     <span class='ocr_line' id='line_1_23' title="bbox 58 2154 983 2237; baseline 0.003 -21"><span class='ocrx_word' id='word_1_152' title='bbox 58 2154 209 2231; x_wconf 84' lang='lat' dir='ltr'><strong>ficantur,</strong></span> <span class='ocrx_word' id='word_1_153' title='bbox 238 2174 297 2216; x_wconf 90' lang='lat' dir='ltr'><strong>neo</strong></span> <span class='ocrx_word' id='word_1_154' title='bbox 322 2155 382 2216; x_wconf 93' lang='lat' dir='ltr'><strong>hoc</strong></span> <span class='ocrx_word' id='word_1_155' title='bbox 412 2155 463 2216; x_wconf 92' lang='lat' dir='ltr'><strong>ulli</strong></span> <span class='ocrx_word' id='word_1_156' title='bbox 491 2158 652 2237; x_wconf 89' lang='lat' dir='ltr'><strong>imputari,</strong></span> <span class='ocrx_word' id='word_1_157' title='bbox 681 2157 739 2217; x_wconf 87' lang='lat' dir='ltr'><strong>nisi</strong></span> <span class='ocrx_word' id='word_1_158' title='bbox 768 2158 884 2237; x_wconf 91' lang='lat' dir='ltr'><strong>gratiae</strong></span> <span class='ocrx_word' id='word_1_159' title='bbox 913 2154 983 2219; x_wconf 86' lang='lat' dir='ltr'><strong>Dei.</strong></span> 
     </span>
     <span class='ocr_line' id='line_1_24' title="bbox 60 2237 984 2320; baseline 0 -21"><span class='ocrx_word' id='word_1_160' title='bbox 60 2237 184 2300; x_wconf 87' lang='lat' dir='ltr'><strong>Donata</strong></span> <span class='ocrx_word' id='word_1_161' title='bbox 205 2245 306 2299; x_wconf 90' lang='lat' dir='ltr'><strong>autem</strong></span> <span class='ocrx_word' id='word_1_162' title='bbox 329 2239 443 2299; x_wconf 92' lang='lat' dir='ltr'><strong>iustitia</strong></span> <span class='ocrx_word' id='word_1_163' title='bbox 458 2238 604 2300; x_wconf 90' lang='lat' dir='ltr'><strong>donatum</strong></span> <span class='ocrx_word' id='word_1_164' title='bbox 627 2246 673 2301; x_wconf 87' lang='lat' dir='ltr'><strong>est</strong></span> <span class='ocrx_word' id='word_1_165' title='bbox 694 2241 784 2300; x_wconf 91' lang='lat' dir='ltr'><strong>simul</strong></span> <span class='ocrx_word' id='word_1_166' title='bbox 807 2259 933 2320; x_wconf 89' lang='lat' dir='ltr'><strong>regnum</strong></span> <span class='ocrx_word' id='word_1_167' title='bbox 953 2247 984 2299; x_wconf 90' lang='lat' dir='ltr'><strong>et</strong></span> 
     </span>
     <span class='ocr_line' id='line_1_25' title="bbox 59 2320 983 2383; baseline 0 -1"><span class='ocrx_word' id='word_1_168' title='bbox 59 2323 124 2383; x_wconf 85' lang='lat' dir='ltr'><strong>vita</strong></span> <span class='ocrx_word' id='word_1_169' title='bbox 145 2326 279 2383; x_wconf 88' lang='lat' dir='ltr'><strong>aeterna.</strong></span> <span class='ocrx_word' id='word_1_170' title='bbox 342 2320 399 2382; x_wconf 92' lang='lat' dir='ltr'><strong>Ubi</strong></span> <span class='ocrx_word' id='word_1_171' title='bbox 427 2341 509 2382; x_wconf 90' lang='lat' dir='ltr'><strong>nuuc</strong></span> <span class='ocrx_word' id='word_1_172' title='bbox 537 2322 689 2383; x_wconf 79' lang='lat' dir='ltr'><strong>conatus?</strong></span> <span class='ocrx_word' id='word_1_173' title='bbox 727 2322 779 2383; x_wconf 92' lang='lat' dir='ltr'><strong>ubi</strong></span> <span class='ocrx_word' id='word_1_174' title='bbox 828 2321 983 2383; x_wconf 85' lang='lat' dir='ltr'><strong>studium?</strong></span> 
     </span>
     <span class='ocr_line' id='line_1_26' title="bbox 59 2402 982 2484; baseline -0.002 -19"><span class='ocrx_word' id='word_1_175' title='bbox 59 2403 110 2465; x_wconf 92' lang='lat' dir='ltr'><strong>ubi</strong></span> <span class='ocrx_word' id='word_1_176' title='bbox 143 2403 260 2484; x_wconf 83' lang='lat' dir='ltr'><strong>opera?</strong></span> <span class='ocrx_word' id='word_1_177' title='bbox 290 2402 340 2464; x_wconf 92' lang='lat' dir='ltr'><strong>ubi</strong></span> <span class='ocrx_word' id='word_1_178' title='bbox 363 2405 471 2466; x_wconf 89' lang='lat' dir='ltr'><strong>merita</strong></span> <span class='ocrx_word' id='word_1_179' title='bbox 502 2403 590 2467; x_wconf 93' lang='lat' dir='ltr'><strong>liberi</strong></span> <span class='ocrx_word' id='word_1_180' title='bbox 618 2403 753 2466; x_wconf 80' lang='lat' dir='ltr'><strong>arbitrii?</strong></span> <span class='ocrx_word' id='word_1_181' title='bbox 788 2405 854 2484; x_wconf 89' lang='lat' dir='ltr'><strong>quis</strong></span> <span class='ocrx_word' id='word_1_182' title='bbox 877 2423 982 2466; x_wconf 88' lang='lat' dir='ltr'><strong>eorum</strong></span> 
     </span>
     <span class='ocr_line' id='line_1_27' title="bbox 59 2484 984 2567; baseline -0.001 -19"><span class='ocrx_word' id='word_1_183' title='bbox 59 2486 157 2548; x_wconf 84' lang='lat' dir='ltr'><strong>usus?</strong></span> <span class='ocrx_word' id='word_1_184' title='bbox 200 2484 426 2549; x_wconf 88' lang='lat' dir='ltr'><strong>Obscuritatem</strong></span> <span class='ocrx_word' id='word_1_185' title='bbox 460 2493 491 2547; x_wconf 89' lang='lat' dir='ltr'><strong>et</strong></span> <span class='ocrx_word' id='word_1_186' title='bbox 518 2486 747 2567; x_wconf 84' lang='lat' dir='ltr'><strong>ambiguitatem</strong></span> <span class='ocrx_word' id='word_1_187' title='bbox 781 2488 900 2547; x_wconf 87' lang='lat' dir='ltr'><strong>causari</strong></span> <span class='ocrx_word' id='word_1_188' title='bbox 921 2505 984 2547; x_wconf 93' lang='lat' dir='ltr'><strong>non</strong></span> 
     </span>
     <span class='ocr_line' id='line_1_28' title="bbox 59 2569 983 2651; baseline 0.003 -20"><span class='ocrx_word' id='word_1_189' title='bbox 59 2576 161 2650; x_wconf 89' lang='lat' dir='ltr'><strong>potes,</strong></span> <span class='ocrx_word' id='word_1_190' title='bbox 182 2589 232 2630; x_wconf 90' lang='lat' dir='ltr'><strong>res</strong></span> <span class='ocrx_word' id='word_1_191' title='bbox 256 2576 286 2631; x_wconf 89' lang='lat' dir='ltr'><strong>et</strong></span> <span class='ocrx_word' id='word_1_192' title='bbox 308 2569 402 2630; x_wconf 88' lang='lat' dir='ltr'><strong>verba</strong></span> <span class='ocrx_word' id='word_1_193' title='bbox 423 2570 674 2631; x_wconf 87' lang='lat' dir='ltr'><strong>suntclarissima</strong></span> <span class='ocrx_word' id='word_1_194' title='bbox 696 2577 727 2630; x_wconf 90' lang='lat' dir='ltr'><strong>et</strong></span> <span class='ocrx_word' id='word_1_195' title='bbox 748 2570 983 2651; x_wconf 85' lang='lat' dir='ltr'><strong>simplicissima.</strong></span> 
     </span>
     <span class='ocr_line' id='line_1_29' title="bbox 58 2652 984 2732; baseline -0.002 -18"><span class='ocrx_word' id='word_1_196' title='bbox 58 2652 135 2714; x_wconf 75' lang='lat' dir='ltr'><strong>Esto</strong></span> <span class='ocrx_word' id='word_1_197' title='bbox 159 2654 251 2732; x_wconf 84' lang='lat' dir='ltr'><strong>enim,</strong></span> <span class='ocrx_word' id='word_1_198' title='bbox 273 2652 354 2732; x_wconf 88' lang='lat' dir='ltr'><strong>quod</strong></span> <span class='ocrx_word' id='word_1_199' title='bbox 377 2653 474 2714; x_wconf 88' lang='lat' dir='ltr'><strong>libero</strong></span> <span class='ocrx_word' id='word_1_200' title='bbox 496 2652 619 2715; x_wconf 90' lang='lat' dir='ltr'><strong>arbitrio</strong></span> <span class='ocrx_word' id='word_1_201' title='bbox 641 2672 732 2732; x_wconf 89' lang='lat' dir='ltr'><strong>quam</strong></span> <span class='ocrx_word' id='word_1_202' title='bbox 755 2654 913 2713; x_wconf 90' lang='lat' dir='ltr'><strong>minimum</strong></span> <span class='ocrx_word' id='word_1_203' title='bbox 936 2653 984 2712; x_wconf 91' lang='lat' dir='ltr'><strong>tri·</strong></span> 
     </span>
     <span class='ocr_line' id='line_1_30' title="bbox 59 2735 983 2816; baseline 0 -20"><span class='ocrx_word' id='word_1_204' title='bbox 59 2735 164 2815; x_wconf 85' lang='lat' dir='ltr'><strong>boant,</strong></span> <span class='ocrx_word' id='word_1_205' title='bbox 187 2735 385 2797; x_wconf 88' lang='lat' dir='ltr'><strong>nihilominus</strong></span> <span class='ocrx_word' id='word_1_206' title='bbox 408 2737 553 2796; x_wconf 89' lang='lat' dir='ltr'><strong>iustitiam</strong></span> <span class='ocrx_word' id='word_1_207' title='bbox 582 2742 613 2797; x_wconf 91' lang='lat' dir='ltr'><strong>et</strong></span> <span class='ocrx_word' id='word_1_208' title='bbox 640 2737 769 2816; x_wconf 84' lang='lat' dir='ltr'><strong>gratiam</strong></span> <span class='ocrx_word' id='word_1_209' title='bbox 797 2754 834 2797; x_wconf 92' lang='lat' dir='ltr'><strong>eo</strong></span> <span class='ocrx_word' id='word_1_210' title='bbox 858 2736 983 2796; x_wconf 89' lang='lat' dir='ltr'><strong>minimo</strong></span> 
     </span>
     <span class='ocr_line' id='line_1_31' title="bbox 62 2819 984 2900; baseline -0.001 -21"><span class='ocrx_word' id='word_1_211' title='bbox 62 2819 210 2898; x_wconf 81' lang='lat' dir='ltr'><strong>consequi</strong></span> <span class='ocrx_word' id='word_1_212' title='bbox 234 2838 291 2879; x_wconf 85' lang='lat' dir='ltr'><strong>noa</strong></span> <span class='ocrx_word' id='word_1_213' title='bbox 314 2837 408 2899; x_wconf 87' lang='lat' dir='ltr'><strong>posse</strong></span> <span class='ocrx_word' id='word_1_214' title='bbox 438 2819 559 2883; x_wconf 88' lang='lat' dir='ltr'><strong>docent.</strong></span> <span class='ocrx_word' id='word_1_215' title='bbox 615 2820 723 2900; x_wconf 89' lang='lat' dir='ltr'><strong>Neque</strong></span> <span class='ocrx_word' id='word_1_216' title='bbox 752 2820 832 2880; x_wconf 90' lang='lat' dir='ltr'><strong>enim</strong></span> <span class='ocrx_word' id='word_1_217' title='bbox 862 2819 984 2879; x_wconf 88' lang='lat' dir='ltr'><strong>ratione</strong></span> 
     </span>
     <span class='ocr_line' id='line_1_32' title="bbox 60 2901 984 2980; baseline 0 -18"><span class='ocrx_word' id='word_1_218' title='bbox 60 2902 121 2963; x_wconf 84' lang='lat' dir='ltr'><strong>alia</strong></span> <span class='ocrx_word' id='word_1_219' title='bbox 141 2902 353 2980; x_wconf 85' lang='lat' dir='ltr'><strong>quaestionem</strong></span> <span class='ocrx_word' id='word_1_220' title='bbox 381 2902 463 2962; x_wconf 87' lang='lat' dir='ltr'><strong>illam</strong></span> <span class='ocrx_word' id='word_1_221' title='bbox 487 2902 674 2964; x_wconf 89' lang='lat' dir='ltr'><strong>dissolvunt:</strong></span> <span class='ocrx_word' id='word_1_222' title='bbox 703 2903 764 2964; x_wconf 83' lang='lat' dir='ltr'><strong>Cur</strong></span> <span class='ocrx_word' id='word_1_223' title='bbox 792 2903 874 2962; x_wconf 91' lang='lat' dir='ltr'><strong>Deus</strong></span> <span class='ocrx_word' id='word_1_224' title='bbox 903 2901 984 2962; x_wconf 89' lang='lat' dir='ltr'><strong>huno</strong></span> 
     </span>
     <span class='ocr_line' id='line_1_33' title="bbox 58 2982 983 3067; baseline -0.002 -21"><span class='ocrx_word' id='word_1_225' title='bbox 58 2982 212 3066; x_wconf 85' lang='lat' dir='ltr'><strong>iustificet,</strong></span> <span class='ocrx_word' id='word_1_226' title='bbox 234 2990 265 3045; x_wconf 90' lang='lat' dir='ltr'><strong>et</strong></span> <span class='ocrx_word' id='word_1_227' title='bbox 285 2984 369 3044; x_wconf 90' lang='lat' dir='ltr'><strong>illum</strong></span> <span class='ocrx_word' id='word_1_228' title='bbox 394 2985 529 3067; x_wconf 86' lang='lat' dir='ltr'><strong>deserat,</strong></span> <span class='ocrx_word' id='word_1_229' title='bbox 552 3004 643 3065; x_wconf 90' lang='lat' dir='ltr'><strong>quam</strong></span> <span class='ocrx_word' id='word_1_230' title='bbox 667 2985 831 3047; x_wconf 89' lang='lat' dir='ltr'><strong>statuendo</strong></span> <span class='ocrx_word' id='word_1_231' title='bbox 854 2984 983 3045; x_wconf 90' lang='lat' dir='ltr'><strong>liberum</strong></span> 
     </span>
     <span class='ocr_line' id='line_1_34' title="bbox 59 3066 986 3148; baseline -0.002 -19"><span class='ocrx_word' id='word_1_232' title='bbox 59 3066 227 3148; x_wconf 86' lang='lat' dir='ltr'><strong>arbitrium,</strong></span> <span class='ocrx_word' id='word_1_233' title='bbox 249 3067 368 3128; x_wconf 87' lang='lat' dir='ltr'><strong>soilioet</strong></span> <span class='ocrx_word' id='word_1_234' title='bbox 389 3067 473 3147; x_wconf 91' lang='lat' dir='ltr'><strong>quod</strong></span> <span class='ocrx_word' id='word_1_235' title='bbox 493 3068 543 3129; x_wconf 93' lang='lat' dir='ltr'><strong>hic</strong></span> <span class='ocrx_word' id='word_1_236' title='bbox 566 3077 694 3131; x_wconf 88' lang='lat' dir='ltr'><strong>conatus</strong></span> <span class='ocrx_word' id='word_1_237' title='bbox 717 3071 765 3148; x_wconf 88' lang='lat' dir='ltr'><strong>sit,</strong></span> <span class='ocrx_word' id='word_1_238' title='bbox 787 3069 840 3129; x_wconf 89' lang='lat' dir='ltr'><strong>ille</strong></span> <span class='ocrx_word' id='word_1_239' title='bbox 861 3087 923 3129; x_wconf 91' lang='lat' dir='ltr'><strong>non</strong></span> <span class='ocrx_word' id='word_1_240' title='bbox 945 3068 986 3128; x_wconf 90' lang='lat' dir='ltr'><strong>sit</strong></span> 
     </span>
     <span class='ocr_line' id='line_1_35' title="bbox 59 3151 985 3232; baseline 0.001 -22"><span class='ocrx_word' id='word_1_241' title='bbox 59 3156 206 3230; x_wconf 89' lang='lat' dir='ltr'><strong>conatus,</strong></span> <span class='ocrx_word' id='word_1_242' title='bbox 237 3156 267 3211; x_wconf 92' lang='lat' dir='ltr'><strong>et</strong></span> <span class='ocrx_word' id='word_1_243' title='bbox 288 3151 372 3211; x_wconf 87' lang='lat' dir='ltr'><strong>Deus</strong></span> <span class='ocrx_word' id='word_1_244' title='bbox 401 3152 484 3212; x_wconf 91' lang='lat' dir='ltr'><strong>huno</strong></span> <span class='ocrx_word' id='word_1_245' title='bbox 504 3158 629 3232; x_wconf 90' lang='lat' dir='ltr'><strong>propter</strong></span> <span class='ocrx_word' id='word_1_246' title='bbox 656 3159 800 3213; x_wconf 88' lang='lat' dir='ltr'><strong>conatum</strong></span> <span class='ocrx_word' id='word_1_247' title='bbox 830 3152 985 3231; x_wconf 88' lang='lat' dir='ltr'><strong>respiciat,</strong></span> 
     </span>
     <span class='ocr_line' id='line_1_36' title="bbox 58 3233 984 3315; baseline 0.001 -22"><span class='ocrx_word' id='word_1_248' title='bbox 58 3233 143 3294; x_wconf 88' lang='lat' dir='ltr'><strong>ilium</strong></span> <span class='ocrx_word' id='word_1_249' title='bbox 168 3253 241 3295; x_wconf 84' lang='lat' dir='ltr'><strong>vero</strong></span> <span class='ocrx_word' id='word_1_250' title='bbox 264 3240 457 3313; x_wconf 91' lang='lat' dir='ltr'><strong>contemnat,</strong></span> <span class='ocrx_word' id='word_1_251' title='bbox 480 3253 520 3295; x_wconf 91' lang='lat' dir='ltr'><strong>ne</strong></span> <span class='ocrx_word' id='word_1_252' title='bbox 542 3236 582 3295; x_wconf 84' lang='lat' dir='ltr'><strong>ait</strong></span> <span class='ocrx_word' id='word_1_253' title='bbox 601 3235 748 3315; x_wconf 89' lang='lat' dir='ltr'><strong>iniustus,</strong></span> <span class='ocrx_word' id='word_1_254' title='bbox 779 3235 804 3294; x_wconf 90' lang='lat' dir='ltr'><strong>si</strong></span> <span class='ocrx_word' id='word_1_255' title='bbox 831 3253 920 3295; x_wconf 82' lang='lat' dir='ltr'><strong>aecus</strong></span> <span class='ocrx_word' id='word_1_256' title='bbox 943 3234 984 3294; x_wconf 87' lang='lat' dir='ltr'><strong>se·</strong></span> 
     </span>
     <span class='ocr_line' id='line_1_37' title="bbox 59 3317 144 3382; baseline 0.047 -4"><span class='ocrx_word' id='word_1_257' title='bbox 59 3317 144 3382; x_wconf 81' lang='lat' dir='ltr'><strong>uerit.</strong></span> 
     </span>
    </p>

    <p class='ocr_par' dir='ltr' id='par_1_6' title="bbox 142 3399 985 3481">
     <span class='ocr_line' id='line_1_38' title="bbox 142 3399 985 3481; baseline 0 -21"><span class='ocrx_word' id='word_1_258' title='bbox 142 3399 342 3480; x_wconf 73' lang='lat' dir='ltr'><strong>torquemus</strong></span> <span class='ocrx_word' id='word_1_259' title='bbox 370 3400 475 3481; x_wconf 88' lang='lat' dir='ltr'><strong>lingua</strong></span> <span class='ocrx_word' id='word_1_260' title='bbox 497 3406 527 3461; x_wconf 90' lang='lat' dir='ltr'><strong>et</strong></span> <span class='ocrx_word' id='word_1_261' title='bbox 549 3400 669 3461; x_wconf 80' lang='lat' dir='ltr'><strong>calamo</strong></span> <span class='ocrx_word' id='word_1_262' title='bbox 692 3404 888 3481; x_wconf 84' lang='lat' dir='ltr'><strong>praetexant,</strong></span> <span class='ocrx_word' id='word_1_263' title='bbox 916 3418 985 3460; x_wconf 88' lang='lat' dir='ltr'><strong>sese</strong></span> 
     </span>
    </p>
   </div>
   <div class='ocr_carea' id='block_1_3' title="bbox 60 3681 983 3815">
    <p class='ocr_par' dir='ltr' id='par_1_7' title="bbox 60 3681 983 3815">
     <span class='ocr_line' id='line_1_39' title="bbox 131 3681 983 3753; baseline -0.004 -11"><span class='ocrx_word' id='word_1_264' title='bbox 131 3685 163 3753; x_wconf 84' lang='lat'><strong>1)</strong></span> <span class='ocrx_word' id='word_1_265' title='bbox 187 3685 215 3738; x_wconf 87' lang='lat' dir='ltr'><strong>ln</strong></span> <span class='ocrx_word' id='word_1_266' title='bbox 236 3685 279 3741; x_wconf 92' lang='lat' dir='ltr'><strong>ed.</strong></span> <span class='ocrx_word' id='word_1_267' title='bbox 300 3686 369 3743; x_wconf 81' lang='lat'><strong>1526</strong></span> <span class='ocrx_word' id='word_1_268' title='bbox 389 3686 468 3741; x_wconf 88' lang='lat' dir='ltr'><strong>deest</strong></span> <span class='ocrx_word' id='word_1_269' title='bbox 486 3686 668 3743; x_wconf 83' lang='lat' dir='ltr'><strong>vocabulum:</strong></span> <span class='ocrx_word' id='word_1_270' title='bbox 693 3684 811 3752; x_wconf 84' lang='lat' dir='ltr'><strong>meritis,</strong></span> <span class='ocrx_word' id='word_1_271' title='bbox 838 3681 983 3753; x_wconf 89' lang='lat' dir='ltr'><strong>repetitum</strong></span> 
     </span>
     <span class='ocr_line' id='line_1_40' title="bbox 60 3756 982 3815; baseline 0 -2"><span class='ocrx_word' id='word_1_272' title='bbox 60 3761 104 3813; x_wconf 86' lang='lat' dir='ltr'><strong>est</strong></span> <span class='ocrx_word' id='word_1_273' title='bbox 122 3772 156 3812; x_wconf 84' lang='lat' dir='ltr'><strong>ex</strong></span> <span class='ocrx_word' id='word_1_274' title='bbox 175 3756 220 3812; x_wconf 87' lang='lat' dir='ltr'><strong>ad.</strong></span> <span class='ocrx_word' id='word_1_275' title='bbox 241 3759 309 3815; x_wconf 83' lang='grc'>1525</span> <span class='ocrx_word' id='word_1_276' title='bbox 328 3764 357 3813; x_wconf 90' lang='lat' dir='ltr'><strong>et</strong></span> <span class='ocrx_word' id='word_1_277' title='bbox 375 3757 419 3814; x_wconf 90' lang='lat' dir='ltr'><strong>ed.</strong></span> <span class='ocrx_word' id='word_1_278' title='bbox 437 3758 495 3815; x_wconf 90' lang='lat' dir='ltr'><strong>len.</strong></span> <span class='ocrx_word' id='word_1_279' title='bbox 979 3797 982 3802; x_wconf 84' lang='lat'><em>-</em></span> 
     </span>
    </p>
   </div>
   <div class='ocr_carea' id='block_1_4' title="bbox 0 0 1178 4162">
    <p class='ocr_par' dir='ltr' id='par_1_8' title="bbox 0 0 1178 4162">
     <span class='ocr_line' id='line_1_41' title="bbox 0 0 1178 4162; baseline 0 0"><span class='ocrx_word' id='word_1_280' title='bbox 0 0 1178 4162; x_wconf 95' lang='lat' dir='ltr'><strong> </strong></span> 
     </span>
    </p>
   </div>
  </div>
 </body>
</html>
