2348 4162
201 243 265 312 496
490 243 684 303 Praelationss
703 245 740 302 D.
757 245 793 303 ll.
812 245 844 302 L.

206 415 311 479 dubito
346 434 396 477 me
427 422 513 478 reeta
542 415 700 497 docuisse,
736 412 859 494 quando
888 419 953 476 tam
977 414 1125 476 constanti

203 519 313 581 sensu,
335 518 477 580 peneque
500 499 616 561 eisdem
637 498 754 577 verbis,
787 504 890 558 temen
913 498 1039 560 diverso
1057 505 1124 559 tem·

205 602 299 665 pore,
322 584 429 644 alienis
452 584 541 645 coelo
565 591 596 644 et
617 589 712 662 terra,
741 582 868 662 alioque
888 601 978 660 essu,
1013 582 1059 642 sio
1079 581 1125 642 ille

203 665 277 727 mihi
299 685 354 747 per
376 669 479 729 omnia
504 667 665 728 consentit.
696 665 789 726 Miror
810 671 930 744 autem,
954 683 1036 746 quae
1058 664 1124 725 infe

203 749 303 811 linitas
326 749 493 831 obstiterit,
527 751 690 830 quominus
718 749 750 807 in
778 747 903 829 publico
936 748 1124 811 Christianis·

205 834 299 894 simus
321 832 373 893 hio
393 842 482 894 autor
496 842 644 912 versetur,
667 832 724 893 nisi
744 832 775 891 iu
796 850 905 892 nausea
923 831 1026 907 luerit,
1049 830 1123 911 quod

204 917 269 976 sine
292 915 374 977 bello
398 924 429 977 et
448 919 596 997 sanguine
618 916 739 994 vixerit,
761 933 822 994 qua
846 935 906 975 una
922 934 957 976 re
976 915 1051 975 milri
1068 914 1123 975 dis·

203 999 309 1059 similis
332 1007 387 1063 est.
431 1001 491 1059 Aut
520 1007 618 1060 metus
647 998 830 1059 ludaeorum
859 1006 1038 1059 nostrorum
1061 1016 1122 1058 eum

205 1083 406 1163 oppresserit,
442 1078 494 1162 qui
522 1084 585 1143 suis
600 1083 717 1162 ·impiis
740 1082 989 1160 inquisitionibus
1017 1082 1049 1141 in
1072 1081 1123 1141 lioo

204 1167 267 1225 nati
286 1165 435 1242 videntur,
458 1172 491 1226 ut
510 1167 643 1246 optimos
657 1183 797 1244 quosque
810 1163 904 1225 libros
917 1164 1036 1225 laeiant
1057 1163 1122 1225 hae·

202 1249 325 1325 retioos,
347 1248 397 1328 qui
421 1267 493 1309 suos
512 1248 692 1309 Aristoteles
715 1255 745 1309 et
766 1247 834 1328 plus
849 1265 940 1326 quam
957 1247 1122 1309 haeretioos

205 1330 295 1392 nobis
316 1338 451 1392 statuant
474 1332 678 1409 Christianos,
712 1349 840 1411 quorum
871 1329 941 1390 fluis
966 1331 1034 1393 Deo
1066 1330 1121 1391 vin·

204 1414 272 1475 dice
310 1414 372 1475 iam
409 1414 520 1475 desinit
554 1416 586 1476 in
628 1414 850 1476 confusionem.
893 1410 995 1494 Legat
1028 1414 1122 1493 itaque

204 1497 272 1578 pius
295 1496 401 1577 leotor,
423 1497 568 1578 legatque
590 1517 659 1558 oum
682 1496 814 1574 iudidio,
837 1515 899 1575 quo
922 1498 1062 1557 maxime
1081 1497 1122 1557 hio

204 1586 353 1663 praestat,
391 1580 474 1660 quod
503 1588 534 1641 et
561 1581 685 1662 egregie
705 1580 832 1659 format,
871 1585 903 1640 et
924 1597 1005 1660 quos
1027 1580 1060 1641 in
1083 1595 1123 1640 me

204 1663 333 1725 offendit
353 1665 448 1725 nimia
470 1665 630 1744 asperitas,
652 1665 683 1724 in
699 1663 766 1724 aliis
790 1663 885 1723 nimia
904 1662 1050 1724 dictionis
1071 1661 1122 1724 ele

204 1748 327 1827 gantis,
350 1746 483 1808 hicnon
505 1747 620 1809 habent
644 1746 726 1827 quod
749 1754 922 1826 querantur.
968 1745 1064 1809 Stilus
1085 1751 1124 1806 est

202 1831 345 1908 trivialis,
379 1848 417 1890 aa
438 1849 494 1912 pro
528 1831 634 1891 seeulo
656 1848 712 1891 suo
735 1848 784 1890 res
806 1830 876 1910 ipse
897 1836 1048 1891 tractatur
1070 1846 1123 1889 mo

203 1913 291 1974 deste
313 1921 343 1974 et
365 1911 505 1976 fideliter.
551 1914 590 1975 Et
620 1916 645 1975 si
674 1915 704 1973 in
733 1912 918 1973 stereoribus
941 1910 1037 1974 Ennii
1058 1912 1123 1994 legit

203 2015 309 2057 aurum
334 1997 504 2076 Vergilius,
534 1998 647 2077 poterit
668 2004 698 2057 et
720 2015 760 2056 ex
784 1995 936 2056 Vuesselo
959 2002 1069 2057 nostro
1089 1995 1123 2056 le·

207 2098 289 2159 gere,
313 2079 397 2158 quod
419 2079 527 2159 opibus
542 2080 738 2159 eloquentiae
760 2098 835 2139 suae
848 2078 942 2140 addet
955 2079 1123 2160 theologus.

208 2163 357 2222 Dominus
379 2163 464 2222 lesus
486 2163 578 2222 addat
601 2163 639 2224 ad
661 2162 745 2223 huno
759 2162 872 2223 multos
893 2159 975 2223 alios
991 2163 1122 2223 Basilios.

207 2244 299 2388 Xale,
333 2245 504 2306 Christiane
532 2246 640 2324 irater,
680 2245 910 2326 Vittembergae
940 2246 970 2310 3.
1004 2243 1122 2307 (laland.

238 2348 255 2388 u
281 2329 348 2393 usti.

258 2349 466 2494 g(Aurilaber
487 2412 559 2472 huie
580 2412 761 2493 praelationi
783 2411 862 2473 haee
883 2410 1044 2473 adiunxit:

291 2496 438 2556 Disoessit
451 2495 617 2557 Vuesselus
639 2514 722 2556 anno
736 2494 815 2560 1489
837 2500 895 2559 eto.
921 2494 971 2556 die
994 2494 1026 2559 S.
1040 2494 1122 2556 Fran·

208 2578 298 2655 oisoi,
327 2579 465 2659 sepultus
488 2578 666 2658 Groningae
687 2579 718 2638 in
742 2578 947 2657 monasterio,
981 2578 1066 2661 quod
1087 2575 1122 2636 di·

207 2669 279 2721 eunt
302 2661 507 2741 spiritualium
531 2662 701 2743 Virginem.

457 2798 641 2859 Vatioinium
665 2797 705 2859 M.
729 2796 880 2860 Vuesseli.

290 2916 436 2995 Magister
449 2916 580 2976 loannes
597 2914 821 2995 Ostendorpius
837 2915 1015 2977 Canoniaus
1027 2910 1122 2993 templi

208 2998 269 3059 divi
291 2998 417 3059 Lebuini
443 2999 669 3077 Devatriensis,
703 2999 748 3058 vir
770 2998 865 3059 multo
898 2997 1002 3059 studio
1026 2998 1123 3077 longa·

208 3100 268 3161 que
290 3083 480 3161 experientia
508 3081 720 3161 doctissimus,
754 3081 935 3142 adoleseeus
965 3080 1122 3143 admodum

208 3164 375 3225 Vueselum
398 3164 546 3225 Phrisium
571 3167 640 3244 (qui
668 3165 720 3224 lux
751 3164 857 3225 mundi
885 3165 980 3246 vulgo
1012 3163 1124 3226 dioelre·

207 3249 271 3329 tur)
307 3267 412 3309 senem
450 3246 524 3308 adiit
556 3256 587 3308 et
619 3250 697 3308 inter
730 3254 832 3309 oetere
873 3247 912 3308 ab
946 3267 986 3309 eo
1020 3246 1124 3309 audivit

208 3333 295 3411 quasi
317 3332 378 3391 iam
402 3331 483 3410 quod
505 3330 638 3392 futurum
661 3338 726 3392 erat
748 3330 964 3411 praevidente:
989 3330 1123 3393 Studiose

208 3415 407 3495 adolescens,
440 3414 478 3474 ad
501 3415 584 3479 illum
607 3417 691 3475 vives
715 3414 812 3493 diem,
840 3432 902 3494 quo
926 3413 1070 3476 doetrina
1088 3431 1123 3473 re

207 3500 378 3558 eentiorum
401 3503 432 3557 et
455 3499 718 3559 contentiosorum
748 3498 875 3558 istorum
901 3497 1123 3579 theologorum,

207 3580 361 3658 Thomas,
384 3581 620 3642 Beneventurae
642 3587 672 3641 et
694 3581 822 3642 aliorum
846 3580 985 3641 eiusdem
1009 3582 1123 3653 farinae,

208 3662 247 3724 ab
270 3663 411 3724 omnibus
445 3684 517 3725 vere
541 3665 721 3727 Christianis
752 3663 907 3744 theologis
937 3664 1123 3746 explodatur.

208 3745 242 3809 ld
265 3766 283 3808 a
309 3749 370 3808 iam
403 3755 588 3810 oanesoente
615 3744 825 3828 Ostendorpio
862 3748 894 3808 in
917 3749 1040 3831 templo
1072 3743 1124 3808 diri
