2348 4162
192 213 254 278 118
437 213 481 269 De
501 228 583 268 servo
601 211 716 269 arbitrio
734 211 770 267 D.
788 211 823 266 ll.
841 212 872 267 L.
965 218 968 223 '
1095 276 1102 287 1

195 385 294 445 milies
315 383 475 464 repetitis,
503 382 595 443 simili
620 382 701 444 enim
724 401 820 462 opera
849 383 933 444 littus
965 381 1060 443 araris
1075 389 1115 453 *et

192 485 304 528 arenae
327 467 445 528 semina
467 464 621 525 mandaris
644 475 696 525 aut
717 464 832 526 dolium
853 471 1008 546 pertusum
1032 483 1114 544 sque

191 550 368 630 repleveris.
409 546 474 610 Illis
497 548 598 628 enim,
627 549 678 627 qui
706 549 844 629 spiritum
874 549 1054 630 magistrum
1081 547 1114 607 in

193 632 306 694 uostris
329 630 438 692 libellis
450 631 628 708 hauserunt,
650 632 724 691 satis
746 631 897 692 abundes
918 629 1007 691 nobis
1029 629 1116 690 mini·

193 722 320 775 stratum
342 721 410 789 est,
447 718 560 793 tuaque
583 713 673 774 facile
695 720 920 791 contemnunt,
954 715 1004 793 qui
1039 731 1113 773 vero

191 799 258 859 siue
279 797 386 878 spiritu
408 796 530 877 legunt,
558 795 633 856 nihil
654 797 789 876 mirum,
828 796 853 857 si
881 797 990 877 quovis
1020 802 1114 856 vento

192 879 276 942 velut
298 879 416 942 arundo
438 880 601 958 agitentur,
625 879 733 958 quibus
758 900 817 941 nec
838 879 913 961 deus
935 880 1008 940 satis
1031 877 1114 939 diire·

192 964 241 1040 rit,
264 964 356 1024 etiam
383 963 408 1022 si
436 981 544 1023 omnes
565 969 724 1023 creaturae
756 963 786 1023 in
819 963 940 1044 linguas
962 967 1114 1023 verteren-

192 1055 249 1107 tur.
293 1045 382 1106 Unde
403 1044 472 1105 illos
495 1045 677 1124 relinquere,
698 1064 804 1126 paene
821 1045 980 1112 consilium
997 1044 1114 1121 luisset,

192 1128 296 1191 libello
326 1131 379 1188 tuo
414 1126 568 1208 offensos,
603 1140 689 1189 cum
710 1129 764 1208 iis,
803 1129 855 1209 qui
887 1128 1057 1208 gloriantur
1084 1134 1116 1187 et

192 1209 362 1291 triumphos
390 1209 443 1271 tibi
471 1209 646 1272 decernunt.
689 1207 799 1289 Itaque
832 1230 890 1271 nec
922 1207 1115 1270 multitudiue

192 1295 404 1373 negotiorum,
431 1311 490 1354 nec
518 1294 562 1355 rei
590 1291 783 1371 difficultate,
817 1312 876 1354 nec
903 1292 1114 1374 magnitudine

193 1376 388 1456 eloquentiae
411 1383 493 1453 tuae,
515 1395 574 1437 nec
596 1378 705 1437 timore
728 1378 787 1454 tui,
816 1376 870 1437 sed
893 1395 977 1438 mero
1000 1374 1115 1451 taedio,

192 1456 404 1540 indignatione
426 1464 457 1518 et
478 1464 667 1540 contemptu,
689 1478 744 1519 seu
770 1466 780 1529 (
788 1467 820 1520 ut
854 1459 970 1530 dicam)
1001 1457 1115 1519 iudicia

194 1561 263 1602 meo
291 1540 330 1602 de
365 1548 417 1601 tua
446 1540 574 1602 diatriba
602 1541 766 1621 impeditus
793 1547 841 1602 est
875 1541 949 1602 mihi
981 1541 1115 1622 impetus

192 1622 419 1705 respondendi,
434 1632 466 1684 ut
487 1622 561 1684 illud
583 1625 704 1684 iuterim
728 1632 858 1702 taceam,
881 1622 964 1705 quod
982 1624 1026 1684 tui
1049 1643 1115 1704 per·

193 1715 287 1789 petuo
318 1701 424 1767 similis
453 1708 527 1767 satis
547 1707 753 1787 pertinaciter
782 1706 948 1783 observas,
978 1725 1017 1768 ne
1050 1724 1111 1768 non

193 1789 306 1869 ubique
327 1789 460 1850 lubricus
483 1794 514 1850 et
535 1788 721 1869 flexiloquus
743 1791 794 1870 sis,
816 1808 854 1850 ac
868 1789 980 1870 Ulysse
994 1790 1114 1850 cautior

192 1873 273 1933 inter
295 1871 429 1953 Scyllam
458 1877 489 1932 et
511 1871 698 1953 Charybdim
726 1873 780 1934 tibi
809 1873 920 1933 videris
955 1867 1112 1953 navigare,

193 1954 264 2015 dum
287 1953 362 2013 nihil
384 1955 428 2014 vis
457 1961 624 2033 assertum,
654 1975 756 2016 rursus
779 1961 882 2016 tamen
909 1961 1044 2016 assertor
1072 1955 1113 2016 vi·

193 2038 267 2116 deri,
290 2056 359 2096 cum
382 2054 443 2116 quo
465 2053 579 2118 genere
600 2038 760 2100 homiuum
797 2037 869 2118 quid
897 2056 975 2119 rogo
1010 2044 1115 2119 potest

193 2119 324 2181 conferri
347 2125 400 2180 aut
421 2121 582 2201 componi,
605 2123 662 2181 uisi
686 2123 752 2201 quis
774 2121 877 2182 Protei
899 2120 1041 2201 capiendi
1063 2140 1114 2202 pe·

192 2204 267 2263 ritus
289 2202 397 2263 fuerit?
419 2204 450 2263 ln
473 2221 534 2282 qua
555 2223 588 2264 re
609 2204 681 2282 quid
704 2205 831 2285 possim,
853 2203 978 2283 etquid
1000 2219 1050 2265 ea*
1060 2202 1115 2264 tibi

193 2285 350 2366 profuerit,
377 2294 488 2366 postea
501 2286 663 2349 ostendam
675 2287 743 2366 et¹)
768 2293 957 2368 cooperante
979 2285 1114 2351 Christo.

276 2367 316 2430 Ut
337 2369 429 2448 igitur
455 2388 536 2430 nuno
561 2369 783 2450 respondeam,
819 2388 880 2431 non
908 2374 955 2430 est
987 2387 1115 2450 prorsus

154 2513 158 2518 ,
193 2451 278 2511 nulla
300 2470 425 2531 caussa,
454 2461 564 2532 urgent
589 2451 695 2514 fideles
722 2454 752 2513 in
777 2452 897 2514 Christo
928 2452 1038 2514 iratres
1063 2471 1113 2513 ex·

193 2535 416 2615 spectationem
439 2536 575 2595 omnium
591 2536 664 2595 mibi
686 2535 876 2613 obiicientes,
898 2532 980 2614 quod
993 2535 1115 2596 Erasmi

194 2618 360 2678 auctoritas
383 2616 609 2678 contemnenda
630 2638 691 2680 non
715 2620 762 2698 sit,
787 2625 816 2679 et
827 2618 1020 2691 Christianae
1042 2617 1114 2678 doc

194 2700 291 2762 trinae
315 2700 425 2760 veritas
448 2701 633 2781 periclitetur
655 2703 685 2761 in
700 2702 864 2763 multorum
887 2699 1040 2764 cordibus.
1075 2699 1116 2761 bt

194 2782 268 2842 milri
290 2782 499 2843 sanetandem
522 2785 552 2843 in
575 2791 709 2845 mentem
724 2785 817 2862 venit,
840 2784 994 2846 silentium
1010 2802 1114 2844 meum

193 2865 267 2925 satis
290 2866 372 2945 pium
396 2884 459 2926 non
482 2866 585 2942 luisse,
607 2886 736 2947 esseque
761 2867 834 2928 mihi
856 2887 875 2928 e
896 2867 996 2928 caruis
1026 2885 1115 2928 mess

192 2947 355 3028 prudentie
376 2947 426 3008 vel
448 2949 563 3010 malitia
584 2949 726 3028 illusum,
760 2959 876 3012 utnon
898 2951 972 3010 satis
996 2967 1116 3011 memor

194 3048 293 3090 essem
317 3030 409 3091 officii
433 3033 511 3112 mei,
546 3051 606 3111 quo
630 3032 750 3094 debitor
778 3053 845 3094 sum
867 3031 1057 3113 sapientibus
1083 3037 1117 3092 et

193 3112 417 3193 insipientibus,
444 3115 622 3195 praesertim
651 3135 719 3177 oum
743 3116 782 3178 ad
806 3115 837 3176 id
870 3134 962 3177 vocer
988 3121 1037 3176 tot
1057 3115 1116 3176 ira·

194 3201 272 3255 trum
294 3195 454 3276 precibus;
482 3200 621 3276 quamvis
650 3201 730 3259 euim
758 3219 807 3261 res
829 3204 935 3260 nostra
957 3197 1026 3259 talis
1056 3204 1116 3279 est,

101 3338 105 3346 ,
193 3296 272 3357 quae
294 3287 420 3340 externo
445 3279 571 3342 doctore
593 3301 655 3343 non
680 3290 727 3344 est
749 3289 904 3362 contenta,
926 3280 1116 3363 sedpraeter

192 3380 271 3439 eum,
294 3364 344 3442 qui
365 3362 484 3443 plantat
506 3370 537 3424 et
557 3365 635 3444 rigat
656 3365 743 3444 loris,
766 3367 858 3427 etiam
879 3362 1034 3426 desideret
1055 3365 1117 3444 spi-

193 3445 281 3505 ritum
307 3444 373 3525 dei,
397 3446 448 3525 qui
469 3447 689 3509 incrementum
718 3448 770 3509 det
796 3457 826 3511 et
848 3449 938 3510 vivus
966 3449 1040 3537 pivs
1061 3447 1117 3509 do·

264 3716 296 3780 1)
316 3716 349 3769 ln
368 3713 411 3770 ed.
431 3716 501 3774 1525
519 3714 613 3772 deest:
630 3721 667 3771 et.
