2348 4162
268 224 306 281 cd
323 220 358 285 D.
376 226 520 283 Erasmum
538 224 762 283 Roterodamum.
917 226 979 293 305

58 400 183 476 ceptae,
216 413 319 477 aquo
351 400 383 456 tu
411 401 561 478 perpetua
587 397 743 459 oblivione
765 395 913 477 discedis,
950 402 981 459 et

57 478 140 541 aliud
164 480 230 561 agis
254 498 345 560 quam
368 481 553 545 institueras.

139 561 228 624 Alius
251 562 338 624 locus
367 570 414 625 cst
436 563 609 625 Hieremiae
633 565 686 629 10:
724 563 814 644 Scio,
836 562 979 645 Domine,
1072 600 1075 605 ·
1102 548 1105 553 ¹

58 646 203 726 quoniam
232 665 296 708 non
327 652 374 708 est
395 647 529 708 hominis
552 648 603 708 via
624 647 703 726 eius,
732 666 790 708 nec
811 647 901 709 ullius
924 654 980 728 est,

57 736 88 791 ut
109 728 248 790 ambulet
279 736 311 790 et
343 729 454 811 dirigat
475 749 598 812 gressus
634 748 716 796 suos.
759 730 849 791 Hunc
877 730 978 791 locum

57 812 130 873 dicit
143 812 174 887 ι)
199 813 297 893 magis
321 815 471 894 pertinere
493 813 532 875 ad
548 819 690 875 eventum
702 832 802 874 rerum
821 814 979 893 laetarum,

57 913 150 976 quarn
174 895 212 955 ad
236 902 421 976 potestatem
444 895 531 958 liberi
552 896 676 958 arbitrii.

138 978 197 1039 Hic
217 979 327 1041 iterum
351 978 479 1041 diatribe
501 999 568 1040 cum
592 979 703 1040 fiducia
723 980 859 1061 glossam
883 979 980 1058 affert,

27 1069 148 1142 ‚prout
184 1062 282 1123 visum
306 1070 368 1143 est,
403 1068 548 1144 tanquam
585 1062 742 1144 Scriptura
777 1064 817 1124 sit
838 1063 893 1124 sub
915 1065 980 1123 iure
1093 1094 1096 1099 ·

10 1160 12 1165 ’
56 1164 112 1215 suo
138 1144 328 1226 plenissimo.
374 1144 414 1207 Ut
435 1154 537 1208 auteur
555 1146 725 1227 prophetae
746 1165 870 1207 sensum
893 1149 980 1207 etin·

57 1234 173 1289 tentum
196 1228 421 1307 consideraret,
454 1229 526 1309 quid
551 1248 628 1310 opus
657 1236 722 1290 erat
736 1235 848 1303 ,tantae
870 1231 980 1303 autori-

58 1313 128 1373 tatis
152 1310 239 1372 viro?
272 1310 328 1374 Sat
350 1319 411 1390 est,
446 1312 592 1373 Erasmus
614 1312 702 1392 dicit,
743 1332 817 1393 ergo
851 1314 896 1373 sic
923 1319 979 1374 est.

57 1395 122 1457 Hac
144 1394 270 1456 libidine
285 1394 443 1476 glossandi
467 1396 617 1475 permissa
631 1394 814 1456 adversariis
836 1395 979 1477 quidest,

57 1476 140 1558 quod
164 1496 226 1539 uon
249 1478 429 1539 obtineant?
463 1478 583 1540 Doceat?
615 1479 707 1559 igit-ur
735 1498 774 1538 ex
800 1479 896 1558 ipsius
919 1498 979 1540 ser·

56 1562 158 1623 monis
178 1562 257 1622 seris
267 1561 349 1622 hanc
360 1562 508 1642 glossam,
532 1568 563 1622 et
584 1560 752 1622 credemus.
794 1561 859 1623 Nos
878 1570 980 1621 auteur

56 1643 205 1706 docemus
227 1663 267 1705 ex
288 1646 357 1725 ipsa
377 1645 465 1722 serie,
488 1644 669 1725 prophetam
692 1664 760 1704 cum
782 1643 980 1706 videretsese

56 1728 168 1789 frustra
189 1725 302 1788 docere
323 1729 433 1808 impios
446 1729 696 1808 tautainstantia,
719 1728 808 1788 simul
830 1727 979 1809 intelligit,

56 1810 184 1872 verbum
207 1829 295 1871 suum
318 1811 393 1873 nihil
414 1811 533 1891 valere,
566 1812 623 1871 uisi
647 1813 728 1871 Deus
755 1812 836 1871 intus
859 1809 979 1890 doceat,
1047 1828 1049 1833 ’

55 1900 149 1974 atque
171 1893 242 1954 ideo
264 1912 326 1954 uon
350 1914 419 1956 esse
440 1896 470 1954 in
493 1902 585 1954 mauu
607 1894 741 1954 hominis
756 1894 861 1956 audire
885 1894 979 1957 st-bo-
1068 1962 1071 1967 ,

54 1996 129 2037 num
153 1976 242 2042 velle.
284 1977 353 2039 Hoc
384 1976 598 2039 animadverso
621 1978 679 2038 Dei
712 1978 825 2039 iudicio
860 1979 979 2038 territus

54 2061 142 2141 petit,
165 2066 198 2121 ut
219 2060 354 2142 corrigat
375 2080 444 2122 cum
466 2063 498 2121 in
520 2060 649 2139 iudicio,
673 2060 698 2120 si
722 2054 848 2122 omnin'o
869 2063 980 2142 corrigi

55 2142 164 2223 debet,
198 2150 229 2204 et
257 2162 320 2204 nou
348 2144 484 2205 tradatur
513 2138 710 2225 cumimpiis
733 2144 790 2206 sub
811 2145 887 2205 iram
910 2145 980 2225 Dei,

55 2244 134 2309 quos
159 2227 231 2287 sinit
251 2226 385 2289 indurari
408 2235 439 2289 et
460 2226 634 2288 incredulos
658 2247 792 2294 manere.

140 2308 201 2371 Sed
223 2308 374 2390 fingamus
408 2317 510 2372 tamen
533 2310 634 2371 locum
672 2309 709 2370 de
738 2312 855 2371 eventis
877 2331 977 2372 rerum

55 2394 186 2455 tristium
209 2399 240 2453 et
252 2394 400 2454 laetarum
414 2393 554 2473 intelligi,
578 2393 687 2472 quidsi
707 2393 784 2453 haec
796 2395 862 2472 ipsa
874 2394 980 2474 glossa

53 2476 222 2539 fortissime
255 2475 412 2538 subvertat
450 2476 576 2537 liberum
613 2475 791 2538 arbitrium?
844 2477 981 2556 Fingitur
1091 2548 1095 2557 ¹

54 2558 180 2639 quidem
212 2559 274 2621 hoc
294 2579 409 2622 novum
433 2559 593 2640 effugium,
631 2565 663 2619 ut
694 2559 784 2619 rudes
817 2566 847 2619 ct
868 2561 980 2620 inertes

54 2643 124 2705 falsi
147 2649 255 2723 putent
276 2662 346 2704 esse
367 2643 573 2723 satisfactum,
609 2642 688 2702 sicut
708 2642 751 2702 illi
774 2641 887 2702 faciunt
909 2643 980 2704 effu·

55 2728 107 2807 gio
130 2726 185 2787 illo
207 2725 246 2786 dc
267 2728 452 2788 necessitate
487 2727 736 2804 consequentiae.
779 2724 849 2787 Non
877 2726 982 2787 vident
1083 2730 1086 2737 '

56 2809 150 2887 cuim,
173 2809 330 2888 quomodo
356 2811 450 2870 multo
462 2811 559 2890 magis
570 2809 746 2870 irretiantur
770 2815 800 2869 et
821 2811 981 2889 capiantur

54 2893 121 2953 istis
144 2891 279 2972 effugiis,
307 2891 385 2954 adeo
409 2899 586 2954 avertuntur
612 2893 700 2952 novis
723 2894 789 2952 istis
811 2893 980 2956 vocabulis.

57 2974 88 3037 Si
109 2976 216 3054 itaque
250 2983 378 3037 eventus
399 2995 506 3036 rerum
528 2977 654 3037 istarum
677 2994 738 3036 nou
768 2977 864 3036 estin
887 2997 979 3038 manu

55 3064 172 3138 nostra,
195 3064 363 3137 quaesunt
384 3060 584 3139 temporales,
617 3066 647 3118 et
675 3060 783 3138 quibus
812 3059 904 3121 homo
928 3060 980 3121 do·

55 3144 157 3203 minus
179 3142 391 3221 constituitur,
414 3141 492 3205 Gen.
517 3146 549 3221 1,
583 3142 723 3218 obsecro,
745 3143 901 3221 quomodo
925 3146 982 3205 erit

53 3226 86 3285 iu
110 3244 203 3285 mauu
224 3232 330 3287 nostra
350 3246 399 3286 res
421 3226 472 3287 illa
494 3225 652 3304 coelestis,
674 3227 773 3304 gratia
794 3225 866 3305 Dei,
900 3245 980 3306 quae
1015 3259 1017 3264 ·

53 3309 85 3369 iu
121 3308 218 3391 solius
253 3308 378 3370 arbitrio
402 3309 459 3369 Dei
494 3307 631 3390 pendet?
675 3309 723 3367 An
755 3307 841 3369 liberi
865 3308 979 3371 arbitrii

54 3392 187 3453 conatus
210 3394 314 3472 potest
336 3392 465 3453 salutem
488 3398 643 3452 aeternam
666 3390 820 3472 obtinere,
843 3392 893 3471 qui
917 3411 980 3453 uon

11 3498 15 3503 ·
54 3480 160 3556 potest
192 3474 333 3555 obulum,
380 3476 443 3536 imo
479 3494 538 3536 uec
571 3474 665 3556 pilum
699 3475 807 3555 capitis
838 3476 978 3537 retinere.
1083 3514 1085 3519 -

127 3742 214 3813 1),1n
233 3743 277 3800 ad.
295 3742 352 3797 Ian.
370 3741 417 3797 hic
433 3741 461 3796 in
480 3740 604 3810 margine
622 3739 736 3810 legitur:
755 3741 896 3797 Erasmus.
923 3788 929 3795 .
964 3726 966 3731 ¹

91 3850 184 3891 aunan
199 3861 252 3900 opp.
265 3850 291 3891 v.
306 3849 332 3889 a.
348 3849 377 3889 an
389 3849 430 3888 rer.
444 3848 495 3889 nur.
509 3849 524 3889 r.
538 3859 560 3896 p.
575 3847 623 3888 vor.
638 3848 687 3889 vn.
806 3819 856 3894 ,20
