2348 4162
367 219 458 279 amieo
477 220 586 278 auidam
604 222 803 294 praescriptae.
978 222 1040 288 375

120 393 247 456 humani
265 389 293 475 ¹)
316 392 430 472 ingenii
454 394 544 454 esset.
588 390 666 452 Sunt
686 391 716 452 in
740 391 795 469 eis,
816 395 851 454 ut
872 392 1042 453 sumusho·

121 478 230 552 mines,
254 494 332 555 quae
354 475 497 553 humana,
520 476 581 536 imo
604 481 635 535 et
657 493 780 535 earnem
803 476 936 556 sapiunt.
963 476 1041 536 Dum

122 562 202 622 enim
225 559 282 620 soli
316 578 420 619 sumus
443 565 473 618 et
495 557 701 638 disputamus,
724 559 847 637 saepius
871 560 963 619 etiam
987 560 1042 618 ira·

121 645 245 721 animur,
267 641 351 702 Deus
373 641 452 703 ridet
473 649 594 703 nostras
617 641 842 720 istasegregiss
865 642 1042 721 sapientias,

122 726 231 808 quibus
253 743 357 786 eoram
381 743 419 785 eo
431 724 660 805 gestieuiamur‚
681 724 773 785 eredo
796 722 877 803 quod
891 732 921 784 et
943 724 1043 784 deleo·

121 817 201 872 tetur
221 809 287 869 istis
309 808 371 868 suis
395 807 602 883 morionibus,
631 826 699 868 eum
722 826 829 887 regere
852 806 1043 885 docentibus,

121 892 151 954 id
175 891 258 972 quod
281 910 340 971 ego
377 909 439 951 non
461 909 530 952 raro
556 891 616 951 feei
652 896 683 950 et
711 890 812 950 adhue
837 889 917 950 faeio
940 909 1043 970 saepe.

122 975 185 1038 Sed
219 973 244 1034 si
272 975 304 1034 in
332 973 487 1054 publioum
511 973 728 1052 proderentur,
768 991 826 1032 nae
859 991 918 1053 ego
941 973 1045 1033 fabula

122 1058 326 1140 pnieharrima
347 1055 452 1117 fierem
476 1058 610 1117 omnium
624 1056 795 1117 fabularum
818 1056 912 1116 totius
929 1055 1044 1133 mundi,

122 1162 185 1203 non
208 1139 291 1220 quod
312 1141 407 1219 impia
429 1146 460 1200 et
482 1138 659 1213 malumst,
694 1158 774 1218 quae
796 1140 842 1199 sie
865 1138 975 1199 ardens
995 1157 1045 1200 eo·

121 1227 197 1306 gito,
220 1222 275 1284 sed
288 1221 371 1303 quod
384 1223 563 1303 praenimia
585 1223 736 1303 sapientia
747 1222 839 1283 stulta
851 1228 930 1301 sunt,
953 1223 1044 1282 etiam

123 1327 172 1368 me
194 1308 263 1386 ipso
284 1305 395 1380 indies,
417 1313 489 1386 post
509 1296 716 1384 refrigeratum
740 1305 874 1366 calorem
896 1306 1045 1366 inventio·

123 1393 187 1469 nis,
210 1388 313 1468 qualia
335 1393 406 1449 snut
428 1387 537 1469 multa,
574 1407 654 1467 quae
692 1389 721 1447 in
760 1388 909 1467 principio
933 1406 1046 1449 causae

123 1491 213 1535 mese
244 1471 365 1533 fervens
394 1471 510 1551 scripsi.
554 1470 657 1546 Quare
684 1470 793 1531 iterum
817 1489 889 1550 oro,
926 1477 959 1530 ut
980 1471 1047 1531 sine

124 1575 174 1618 me
196 1554 270 1615 nihil
294 1574 395 1616 meum
419 1554 490 1614 edat
511 1552 590 1614 ullus
613 1554 746 1632 amiens,
774 1559 827 1614 aut
848 1554 915 1633 ipse
937 1553 1046 1614 subeat

123 1658 203 1701 onus
236 1644 268 1698 et
294 1637 460 1717 perieulum
490 1637 592 1716 operis
621 1637 796 1699 testimonio
820 1643 936 1716 aperto.
981 1635 1048 1695 Hos

124 1730 157 1784 et
178 1722 290 1783 oaritas
312 1726 343 1781 st
364 1721 478 1780 iustitia
497 1720 640 1799 requirit,
676 1719 735 1780 Dei
764 1720 844 1778 enim
866 1719 965 1799 gratia
987 1736 1046 1799 ego

126 1825 182 1887 per
203 1822 253 1865 me
273 1802 373 1884 ipsum
396 1804 488 1864 etiam
502 1803 625 1881 optimis
636 1803 756 1882 seriptis
778 1802 864 1882 potui
878 1808 909 1862 et
921 1819 1046 1882 possum

125 1909 177 1951 ms
199 1905 328 1949 onerare
349 1882 510 1967 perieulis,
533 1884 663 1965 invidia,
698 1884 841 1946 oneribus
863 1885 932 1965 plus
956 1903 1046 1963 quam

126 1973 217 2047 satis,
249 1975 283 2029 ut
317 1968 402 2030 nullo
437 1968 511 2028 mihi
532 1970 564 2029 in
599 1968 658 2028 hae
682 1987 716 2028 re
739 1970 777 2029 sit
799 1986 876 2048 opus
898 1967 1048 2029 adiutore.

127 2055 265 2117 Christus
288 2050 373 2112 lesus
407 2051 518 2114 toleret
539 2070 597 2112 nos
626 2058 657 2112 et
685 2051 793 2112 liberet
814 2070 888 2128 nos,
924 2050 1047 2111 tandem

106 2139 220 2209 ‚etiam
243 2155 263 2197 a
284 2132 375 2197 nobis
397 2135 471 2214 ipsis
494 2153 626 2215 quoque,
648 2134 757 2197 Amen.

293 2217 391 2279 Index
413 2236 518 2278 earum
541 2219 736 2295 eonoionum,

295 2319 375 2380 quae
396 2301 427 2360 in
449 2300 511 2361 hoo
531 2300 637 2361 libello
660 2301 870 2362 eontinentur:

294 2384 414 2443 Primae
437 2382 596 2447 adventus.
652 2382 656 2389 '

293 2464 344 2528 De
365 2484 461 2546 puero
485 2465 564 2527 Iesu.

296 2549 416 2610 Primae
438 2555 511 2628 post
531 2545 732 2627 Epiphaniae.

296 2635 328 2693 iu
352 2630 622 2711 Quinquagesima.

298 2715 516 2777 Reminisoere.

298 2795 399 2860 Oeuli.

297 2880 440 2943 Laetare.

300 2963 369 3024 Diei
391 2961 649 3023 Annuneiatiouis
673 2959 798 3020 Mariae.

302 3047 407 3106 Brevis
431 3045 591 3126 dispositio
613 3043 768 3123 passionis
786 3040 912 3107 ‚Christi

303 3130 443 3209 Evange·
611 3126 705 3201 Quasi
729 3123 822 3183 modo
844 3122 948 3202 geniti.

199 3212 203 3219 ’
302 3212 377 3273 lium
400 3212 461 3272 Do·
612 3205 822 3269 Miserioordia
844 3205 978 3265 Domini.
1036 3222 1039 3228 ·

304 3295 436 3355 minioae
612 3290 750 3353 iubilate.

612 3371 754 3437 Oautste.

306 3460 374 3520 Diei
395 3458 595 3520 Aseensionis
619 3456 753 3518 Domini.

141 3633 562 3649 ¹,..-.........-.....-.-------.--.

215 3733 243 3801 1)
264 3730 296 3786 In
314 3731 359 3788 ed.
377 3733 448 3787 len:
467 3729 616 3785 inhumani.
