2348 4162
195 282 258 349 356
434 280 477 339 Do
495 298 577 339 servo
598 277 713 337 arbitrio
730 280 766 337 D.
785 282 819 335 it.
838 276 868 337 L.

195 455 248 530 sti,
282 452 312 513 id
347 460 395 514 est
416 470 520 513 eorum
543 470 623 531 qnae
657 458 728 513 sunt
748 450 866 512 salutis.
908 449 958 511 An
980 446 1115 512 nondum

196 537 281 597 vides
304 544 333 597 et
354 537 463 617 palpas
486 535 571 595 liberi
590 534 705 595 arbitrii
728 541 896 595 assertores
918 535 1014 615 piane
1035 535 1114 594 insa·

194 621 269 698 nire,
292 639 360 680 cum
383 622 444 680 hoc
466 623 579 678 vocent
600 618 769 694 scientiam,
792 618 874 697 quod
896 619 1024 698 ipsimet
1045 636 1116 678 con·

194 702 318 764 fitentur
340 723 409 764 esse
432 701 658 781 ignorantiam?
700 701 811 762 Nonne
829 700 891 762 hos
912 709 961 761 est
974 700 1115 761 tenebras

196 786 298 847 dicere
319 786 435 864 lucem,
466 784 549 845 Esai.
574 787 602 848 5.
646 784 770 845 Scilicet
796 783 875 845 adeo
897 789 1044 864 potenter
1065 783 1116 844 ob-

194 870 282 929 struit
303 869 387 929 Deus
421 886 455 929 os
478 867 574 927 libero
609 866 733 928 arbitrio
757 868 821 927 eius
843 869 970 948 propria
992 866 1116 928 confes·

195 953 282 1013 sione
305 958 336 1013 et
357 951 562 1032 experientia,
596 970 654 1010 nee
677 951 721 1010 sic
751 957 856 1010 tamen·
877 955 981 1012 tacere
1014 955 1116 1031 potest

195 1041 226 1095 et
246 1034 314 1095 Deo
337 1036 464 1114 gloriam
488 1033 572 1096 dare.

278 1117 395 1178 Deinde
417 1136 484 1175 eum
498 1115 634 1175 Christus
647 1115 764 1176 dicatur
785 1116 845 1194 via,
867 1114 981 1178 veritas
1004 1117 1117 1191 etvita,

194 1198 286 1280 idque
307 1219 363 1280 per
384 1200 629 1276 contentionem,
658 1208 689 1259 nt
711 1199 854 1278 quicquid
878 1218 940 1260 non
963 1205 1013 1260 est
1034 1199 1115 1260 chn-

195 1290 276 1361 stus,
307 1281 336 1342 id
361 1301 460 1362 neque
482 1284 548 1358 via,
570 1281 624 1342 sed
647 1301 731 1342 error
738 1301 869 1362 ,neque
891 1283 1024 1361 veritas,
1063 1281 1114 1342 aed

196 1365 398 1441 mendacium,
421 1384 522 1443 neque
545 1367 615 1442 vita,
639 1365 691 1425 sed
716 1384 798 1425 mors
820 1372 884 1455 est,
920 1384 1051 1427 necesse
1072 1371 1117 1426 est

196 1449 321 1510 liberum
342 1449 507 1524 arbitrium,
532 1466 598 1508 cum
623 1449 663 1507 sit
685 1468 785 1527 neque
802 1434 940 1509 Christus
962 1467 1067 1528 neque
1085 1447 1114 1509 in

195 1531 326 1608 Christo,
351 1552 463 1611 errore,
488 1530 650 1591 mendacio
680 1538 710 1591 et
731 1539 832 1592 morte
854 1532 1016 1593 contineri.
1059 1530 1115 1592 Ubi

194 1616 284 1697 igitur
308 1622 337 1676 et
373 1614 452 1674 unde
485 1612 577 1674 habe
565 1621 611 1674 ιιι
644 1614 775 1674 medium
809 1613 883 1675 iliud
913 1621 944 1675 ct
965 1622 1114 1695 nentrum,

194 1704 308 1779 nempe
330 1698 449 1758 visilia
473 1697 557 1757 liberi
571 1690 696 1774 arbitrii,
718 1717 798 1776 quae
820 1717 889 1759 cunr
907 1697 1115 1759 neoGhristus

198 1781 246 1861 (id
269 1788 316 1841 est
337 1784 395 1861 via,
418 1782 530 1840 veritas
553 1787 584 1841 et
605 1781 683 1855 vita)
708 1783 757 1861 sit,
780 1799 942 1863 necerror,
965 1799 1025 1841 nec
1037 1800 1115 1841 men

195 1864 337 1940 dacium,
371 1884 429 1923 nec
451 1882 543 1938 mors,
566 1870 667 1923 tamen
691 1883 760 1924 esse
782 1863 915 1925 debeat?
957 1863 1038 1924 Nam
1061 1864 1114 1923 nisi

197 1967 252 2027 per
274 1953 399 2008 content
388 1949 501 2007 tionem
519 1947 656 2007 dicerent
644 1952 690 2006 tur
705 1948 818 2026 omnia,
841 1966 921 2026 quae
943 1946 984 2007 de
997 1946 1115 2008 Christo

195 2040 226 2090 et
248 2032 346 2109 gratia
369 2030 518 2106 dicuutur,
540 2037 574 2090 ut
584 2038 781 2109 opponantur
794 2031 967 2110 contrariis
991 2028 1115 2105 scilicet,

195 2113 277 2192 quod
302 2119 389 2173 extra
411 2077 562 2174 Christum
586 2132 647 2173 non
673 2113 709 2172 sit
733 2113 790 2173 nisi
813 2112 918 2192 Satan,
942 2077 1031 2174 ehtra
1053 2132 1114 2193 gra·

195 2198 268 2257 tiam
292 2197 431 2256 nonnisi
455 2198 512 2276 ira,
550 2204 637 2256 extra
663 2196 762 2256 lucem
790 2215 852 2258 non
880 2197 939 2257 nisi
962 2192 1113 2272 tenebrae,

194 2281 383 2339 extrariam
407 2298 468 2338 non
493 2280 550 2338 nisi
572 2298 665 2357 error,
687 2288 774 2339 extra
796 2281 956 2340 veritatem
982 2298 1045 2340 non
1061 2279 1113 2339 nisi

196 2362 397 2438 mendacium,
420 2370 507 2422 extra
529 2363 621 2421 vitam
644 2381 705 2423 nou
728 2363 786 2423 nisi
809 2382 900 2437 mors,
923 2362 1008 2443 quid,
1030 2381 1114 2442 rogo,

196 2445 351 2506 efficerent
383 2446 515 2508 universi
547 2464 705 2506 sermones
738 2445 949 2526 apostolorum
988 2452 1021 2506 et
1053 2453 1115 2506 tota

195 2528 371 2608 Scriptura?
393 2528 503 2588 frustra
513 2529 631 2588 scrhcet
643 2529 814 2588 dicerentur
835 2529 949 2605 omnia,
973 2547 1044 2589 eum
1057 2546 1114 2588 non

196 2621 359 2691 cogerent,
388 2612 539 2671 Christum
572 2631 641 2672 esse
660 2611 883 2688 necessarium,
907 2611 993 2690 qnod
1015 2618 1113 2673 tamen

197 2696 331 2755 maxime
353 2701 457 2773 agunt
480 2713 517 2754 eo
541 2694 622 2773 quod
648 2693 779 2754 medium
804 2695 1004 2775 reperiretur,
1036 2690 1113 2773 quod

196 2778 234 2838 de
257 2797 291 2837 se
326 2797 383 2837 nec
405 2778 516 2837 matum
540 2797 597 2838 nec
618 2777 744 2858 bonurn,
765 2796 824 2838 nec
846 2777 967 2843 christi.
990 2776 1115 2839 necSc

196 2869 296 2937 tanae,
318 2879 376 2919 nec
397 2880 501 2919 verum
524 2879 581 2919 nce
603 2860 722 2937 falsum,
746 2879 804 2921 nec
825 2861 926 2920 vivum
949 2879 1010 2922 nec
1043 2878 1114 2921 mor

196 2951 291 3021 tuum,
313 2942 391 3002 forte
414 2944 503 3002 etiam
527 2962 585 3003 nec
607 2943 732 3023 aliquid,
755 2942 897 3005 necn'rhil
911 2949 1005 3021 esset,
1028 2943 1115 3023 idque

196 3032 324 3085 vocetur
345 3036 448 3105 praest
437 3027 638 3086 tentissimum
662 3033 693 3087 et
714 3045 865 3086 summum
881 3026 911 3086 in
925 3032 992 3088 toto
1006 3043 1115 3106 genere

197 3106 364 3168 hominurn.

279 3191 386 3253 Utrum
409 3193 501 3270 igitur
524 3192 568 3251 vis
575 3192 696 3271 ,etige,
729 3192 754 3251 si
776 3190 948 3271 Scripturas
972 3211 1028 3273 per
1050 3210 1115 3253 cou-

196 3276 365 3335 tentionem
401 3274 484 3355 loqui
520 3275 680 3354 concedis,
715 3273 752 3334 de
785 3273 881 3335 libero
915 3272 1044 3338 arbitrio
1078 3275 1115 3333 ni

195 3356 238 3417 hil
261 3358 362 3421 dicere
384 3359 511 3437 poteris,
534 3359 591 3417 nisi
614 3376 692 3435 quae
715 3358 870 3418 contraria
891 3362 963 3418 sunt
988 3356 1116 3429 Christo,

197 3440 322 3521 seilicet,
346 3440 429 3519 quod
452 3460 547 3519 error,
569 3460 661 3519 mors,
683 3440 776 3501 Satan
800 3447 832 3501 et
855 3440 961 3501 omnia
986 3441 1097 3502 mata
1089 3458 1114 3499 ιι

196 3524 263 3602 ipso
286 3530 424 3602 regnent.
468 3524 499 3583 Si
526 3542 588 3583 non
611 3522 758 3584 concedis
792 3542 845 3584 eas
867 3542 924 3604 per
945 3524 1116 3584 contentio·

196 3625 265 3664 nem
290 3605 383 3685 toqui,
405 3610 464 3666 iam
477 3606 647 3685 Scripturas
663 3625 801 3684 enervas,
823 3612 856 3666 ut
878 3605 950 3667 nihil
976 3605 1115 3677 efficiant,

196 3707 254 3747 neo
265 3688 415 3748 Christum
428 3690 634 3749 necessarium
658 3689 798 3768 probent,
823 3708 860 3749 ac
881 3689 935 3768 sic,
959 3688 1033 3749 dum
1051 3688 1114 3748 tibe-

196 3790 259 3831 rum
283 3770 438 3831 arbitrium
461 3773 584 3855 statuis,
608 3770 760 3833 Christum
783 3790 935 3857 evacuas,
971 3778 1113 3833 ettotam
