2348 4162
523 230 647 300 Bullaei,
1007 234 1049 308 65
1082 181 1099 248 Ἰ

122 396 222 459 mines
258 405 290 460 et
316 399 493 480 persequuti
524 419 581 470 vos
603 401 715 463 inerint
748 407 783 467 ,et
804 400 937 465 dixerint
958 422 1051 467 omne
1086 459 1088 462 Α

122 481 240 542 malum
263 481 411 544 adversus
434 502 501 547 vos.

208 564 300 625 Velut
322 568 413 627 etiam
437 566 487 626 hic
508 567 684 646 Mauricius,
715 568 818 629 diviua
838 568 1051 652 indignatione

123 648 304 728 episcopus,
324 667 415 729 quam
439 649 608 730 magnificis
630 650 828 731 blasphemiis
856 657 887 713 et
909 650 1073 715 maledie-'⁴

124 731 162 790 lis
185 731 305 792 Bullam
329 750 415 792 suam
437 732 570 811 refersit,
601 735 720 795 interim
759 740 860 794 tamen
895 754 933 796 eo
960 755 1051 817 argu·

124 821 229 875 mento
254 821 339 874 taxat
360 813 570 894 Lutheranos,
583 817 665 896 quod
679 815 820 877 maledici
843 819 912 883 siut.
956 821 1050 880 Male·

125 895 238 956 dictum
263 904 364 962 autem
387 903 490 977 vocat,
513 898 594 981 quod
618 918 678 960 non
703 898 863 960 laudamus
886 908 917 960 et
939 901 1050 981 proba·

124 998 191 1039 mus
214 986 372 1058 papatum,
394 980 448 1040 aad
471 980 663 1063 damnamus,
685 982 872 1070 mordemus,
895 986 1051 1064 arguimus

125 1068 154 1122 et
175 1080 383 1143 exsecramur,
406 1064 485 1123 sicut
508 1066 626 1144 meruit,
648 1065 905 1145 quemadmodum
924 1067 1050 1129 etChri-

125 1153 187 1205 stus
210 1144 303 1205 ficum
326 1145 413 1206 illam
436 1146 604 1208 maledixit.
1135 1214 1137 1222 ,

146 1283 148 1287 ,
206 1225 268 1289 Sed
307 1227 428 1289 videtur
460 1242 547 1290 satan
570 1231 693 1291 'vulnus
733 1235 764 1292 et
791 1231 1049 1312 malnmsentire,

124 1309 194 1371 ideo
218 1312 264 1371 sic
286 1312 398 1372 misere
410 1313 514 1372 omnia
526 1321 628 1374 versat
651 1321 682 1374 et
694 1319 799 1390 lentat,
825 1314 933 1393 quibus
948 1321 1049 1376 tamen

125 1394 208 1455 velut
231 1393 366 1475 Caiphae
400 1395 582 1475 prophetat
605 1402 636 1456 et
669 1397 767 1456 futura
805 1397 861 1456 sibi
890 1398 947 1478 ipsi
970 1399 1051 1458 mala

123 1474 284 1556 praedicit.
326 1473 436 1539 Mirum
459 1486 506 1539 est
527 1480 624 1561 enim,
647 1487 762 1558 quanto
786 1480 1050 1560 studio.praetex-

125 1566 176 1620 ant
206 1560 265 1621 sibi
287 1559 365 1620 haec
386 1560 459 1622 folia
481 1559 551 1638 lici,
583 1563 665 1641 quod
689 1561 852 1622 Lutherani
874 1564 935 1622 sint
955 1563 1049 1644 impa-

125 1645 234 1704 tientes
269 1649 300 1703 et
336 1641 493 1722 maledici,
529 1646 616 1723 quasi
644 1644 705 1704 hoc
726 1645 914 1723 perizomate
936 1652 1048 1706 tectam

125 1724 257 1786 habeant
289 1726 405 1787 trabem
433 1727 515 1786 illam
540 1730 570 1786 in
594 1727 692 1788 oculis
715 1728 792 1808 auis,
825 1746 954 1806 quorum
987 1729 1051 1788 vita

124 1810 258 1869 omnium
272 1808 439 1887 libidinum,
461 1809 610 1889 fraudum,
631 1811 830 1891 insaniarum,
846 1812 1049 1890 nequitiarum

123 1910 236 1971 genere
258 1890 434 1951 iamdudum
465 1892 530 1953 orbi
554 1900 600 1953 est
621 1890 841 1972 intolerabilis,
863 1894 983 1955 iuterim
1006 1901 1049 1955 ta·
1130 1931 1133 1937 ·

124 1993 190 2034 men
214 1973 365 2035 festucam
388 1980 523 2035 nostram
549 1974 671 2036 trahunt
692 1985 721 2035 et
743 1975 865 2036 dicunt:
888 1975 1049 2038 Lulherani

123 2063 192 2118 sunt
214 2058 427 2137 impatientes,
466 2076 560 2137 quare
593 2077 683 2118 nemo
716 2059 777 2118 iam
801 2058 883 2119 videt
905 2060 1049 2140 amplius,

124 2158 213 2219 qnam
236 2139 460 2203 abominabiles
482 2144 682 2222 nos'sumus,
708 2160 775 2201 cum
800 2149 904 2203 nostra
925 2145 1048 2222 impati-
1072 2156 1074 2160 ‘

124 2225 205 2285 cutia
229 2227 282 2301 (ut
302 2223 436 2302 glorier)
458 2243 520 2284 non
544 2243 581 2284 aa
603 2225 651 2303 sit,
674 2242 735 2303 qua
756 2243 812 2304 pro
835 2226 960 2304 recidis,
997 2226 1049 2286 lsa-

123 2306 258 2384 uoribns,
283 2304 498 2386 dignitatibus,
530 2325 606 2386 quas
629 2326 688 2367 noc
708 2306 856 2368 habemus
880 2327 937 2368 nec
959 2327 1049 2388 quae-

122 2390 225 2470 rimus,
249 2390 329 2449 sicut
350 2390 487 2469 ipsorum
510 2389 592 2450 furor
609 2389 690 2471 furit,
714 2389 767 2450 sed
791 2409 847 2470 pro
871 2397 1048 2472 contemptu
1148 2441 1150 2447 .

123 2471 205 2534 verbi
227 2471 287 2534 Dei
310 2477 341 2535 et
365 2472 534 2552 pertinacia
562 2473 727 2552 impietatis
751 2473 875 2550 ardeat,
905 2474 955 2533 ubi
977 2492 1049 2534 aaa·

123 2553 225 2616 thema
246 2555 296 2633 sit,
320 2574 389 2616 esse
410 2556 588 2634 patientem.
1020 2594 1021 2598 =
1093 2569 1099 2580 ·

202 2637 346 2700 Getarum
375 2656 481 2720 spero,
514 2638 617 2718 Papae
654 2656 750 2718 regno
780 2637 841 2698 boc
869 2656 966 2716 genus
996 2637 1049 2698 fati

122 2719 309 2802 impendere,
332 2721 416 2800 quod
438 2719 484 2780 liis
506 2721 586 2783 solet
607 2722 796 2801 contingere,
820 2721 870 2799 qui
893 2725 1047 2800 nunquam

122 2810 186 2865 tota
208 2804 273 2864 vita
295 2810 479 2885 aegrotant,
512 2822 641 2883 quoram
666 2802 824 2884 aegritudo
848 2822 929 2863 mors
953 2804 982 2862 in
1005 2805 1049 2864 ia·

121 2888 186 2947 unis
209 2893 267 2948 est.
309 2886 361 2948 Sic
382 2887 482 2967 Rapa,
505 2905 574 2947 cum
595 2887 744 2947 hactenus
773 2905 828 2947 sua
856 2885 995 2946 doctriua
1018 2895 1048 2947 et

121 2968 282 3050 tyrannide
303 2988 425 3050 semper
436 2971 611 3050 regnaverit
632 2988 669 3029 ac
691 2968 923 3049 triumphaverit
947 2968 1047 3048 (quod

121 3053 287 3113 maximum
311 3060 340 3112 et
361 3051 519 3113 infallibile
542 3061 753 3133 argumentum
779 3059 844 3126 est,
877 3052 1048 3113 antichristi

121 3137 259 3217 spiritum
283 3135 313 3195 in
336 3153 374 3196 eo
398 3133 576 3217 regnasse),
598 3136 660 3196 iam
683 3154 751 3195 cum
774 3135 902 3215 incipiat
924 3135 1057 3212 tandem.

83 3225 86 3230 '
121 3226 282 3298 aegrotare
305 3223 336 3278 et
356 3218 571 3294 succumbere,
595 3237 666 3298 spes
689 3227 736 3278 eat
759 3223 852 3295 certa,
875 3216 958 3297 quod
982 3236 1048 3277 suc·

121 3301 245 3362 cumbet
274 3301 307 3360 in
340 3299 448 3382 finem,
485 3308 517 3361 et
548 3300 722 3361 destruatur
743 3300 844 3361 Homo
875 3301 994 3379 peccati
1018 3307 1048 3360 et

121 3382 210 3445 Filius
233 3383 431 3464 perditionis,
459 3383 569 3444 frustra
591 3384 838 3461 defendentibus,
869 3382 1048 3461 furentibus,

120 3466 320 3534 renitentibus
343 3467 493 3527 universis
514 3467 654 3546 regibus,
687 3464 875 3546 principibus
898 3468 929 3526 et
951 3465 1047 3526 omni·
1122 3470 1124 3475 '

121 3547 173 3609 bus
196 3549 324 3611 larvatis
347 3551 512 3630 episeopis.
557 3548 684 3609 Crucem
698 3549 822 3609 Domini
846 3567 967 3628 semper
980 3548 1048 3608 bor·
1088 3581 1090 3585 ·

120 3639 253 3709 ruerant,
275 3648 355 3712 quae
378 3638 448 3693 sunt
470 3634 615 3713 stigmata
636 3630 761 3693 Domini
783 3631 895 3710 nostri,
917 3630 1047 3710 gloriam

122 3726 223 3778 autem
248 3723 280 3779 at
298 3715 450 3777 bonorem
478 3734 599 3795 semper
622 3716 834 3794 quaesierunt,
867 3712 938 3775 ideo
974 3713 1048 3774 nihil

147 3829 238 3870 cumea
253 3839 306 3879 opp.
320 3829 347 3871 v.
363 3829 390 3868 a.
402 3813 434 3867 'aa
447 3828 489 3868 rer.
503 3829 554 3866 urst.
569 3827 584 3869 ι.
598 3839 620 3877 p.
635 3827 683 3868 ror.
700 3827 749 3868 vu.
906 3816 924 3860 o
