2348 4162
207 231 270 297 338
446 232 490 288 De
508 187 591 289 seruo
611 232 726 289 arbitrio
744 233 779 290 D.
797 233 832 289 bl.
850 234 882 291 L.

84 466 88 473 ,
206 406 254 462 sto
275 400 361 476 Iesu,
390 420 481 481 quem
504 404 666 485 proposuit
686 401 772 466 Deus
800 403 1046 486 propitiatorium
1076 420 1132 483 per

205 481 296 545 fidem
319 486 350 545 in
373 486 523 566 sanguiue
545 488 610 547 eius
632 494 690 548 eto.

287 567 345 628 Hie
366 569 477 630 Paulus
500 588 584 630 mera
610 570 737 631 fulmina
765 571 898 651 loquitur
927 568 1075 630 adversus
1097 568 1132 629 li-

206 649 309 711 berum
333 652 499 730 arbitrium,
522 654 653 732 primum
676 654 791 714 iustitia
803 654 861 714 Dei
884 654 951 714 sina
972 652 1044 733 lege
1068 653 1133 730 (in-

205 735 286 812 quit)
312 736 531 813 manifestatur,
554 738 685 796 secernit
706 737 852 797 iustitiam
875 737 933 798 Dei
949 735 1061 816 elegis
1079 735 1131 796 iu-

205 817 304 897 stitia,
337 819 408 896 quia
435 820 548 879 iustitia
569 818 639 878 fidei
663 821 746 880 venit
779 839 818 880 ox
839 822 937 900 gratia
960 820 1027 879 sius
1048 818 1131 899 lege.

204 898 272 959 Hoo
293 901 376 979 quod
399 900 482 979 dicit,
504 901 576 963 Sina
598 901 689 982 lege,
718 902 802 963 aliud
823 903 897 963 nihil
920 911 990 963 esse
1013 909 1131 983 potest,

204 999 294 1061 quam
317 982 400 1063 quod
423 985 535 1045 iustitia
558 984 729 1045 Christiana
751 993 872 1046 noustet
894 987 960 1046 sine
981 983 1130 1065 operibus

202 1065 290 1146 legis,
312 1068 358 1126 sio
379 1067 461 1146 quod
485 1086 581 1148 opera
602 1067 678 1149 legis
702 1068 775 1128 nihil
798 1088 853 1150 pro
876 1067 1053 1129 savaleent
1076 1074 1133 1129 aut

202 1147 316 1208 laniant
337 1149 513 1213 obtinenda.
563 1149 647 1212 Siout
669 1170 744 1212 mox
765 1153 844 1213 iufra
867 1151 957 1213 dicit:
990 1151 1059 1213 Nos
1080 1170 1130 1211 ar·

203 1229 348 1293 bitramur
369 1233 523 1294 hominem
546 1234 703 1295 iustifioari
724 1234 892 1316 perfidem
914 1234 1032 1313 absque
1054 1253 1130 1314 ope·

202 1313 284 1374 ribus
307 1315 401 1396 legis,
433 1324 464 1378 et
486 1324 633 1398 utsupra
664 1317 755 1378 dixit:
793 1318 841 1378 lix
864 1316 1009 1399 operibus
1048 1317 1129 1398 legis

202 1413 265 1457 uon
292 1397 472 1460 iustitieatur
504 1399 566 1459 ulla
598 1418 670 1463 earo
700 1419 803 1462 ooram
825 1401 889 1462 illo.
944 1400 994 1461 Ex
1016 1400 1127 1479 quibus

202 1480 343 1541 omnibus
368 1483 647 1544 manifestissimum
671 1490 893 1563 astumatum
916 1490 970 1544 aut
991 1481 1126 1543 studium

200 1562 289 1625 libari
310 1564 424 1626 arbitrii
447 1565 522 1627 nihil
544 1585 613 1628 esse
635 1586 778 1648 prorsus,
802 1569 887 1647 quia,
918 1567 944 1626 si
966 1567 1035 1627 sine
1056 1566 1127 1647 lege

202 1653 232 1707 et
253 1649 319 1708 sine
341 1649 484 1729 operibus
504 1649 581 1728 legis
603 1651 719 1712 iustitia
732 1649 790 1712 Dei
811 1657 942 1728 constat,
965 1650 1125 1728 quomodo

201 1749 263 1790 non
284 1731 383 1794 multo
405 1733 504 1813 magis
526 1734 592 1793 sine
613 1732 711 1795 libero
734 1733 859 1795 arbitrio
882 1732 1026 1793 constet?
1055 1751 1124 1793 oum

200 1812 231 1873 id
253 1814 293 1874 sit
307 1813 339 1890 l)
365 1834 516 1876 summum
540 1815 672 1876 studium
695 1817 783 1878 liberi
803 1816 933 1894 arbitrii,
961 1817 987 1876 si
1010 1817 1124 1877 iustitia

203 1897 309 1958 morali
343 1917 398 1959 seu
431 1897 574 1979 operibus
596 1899 674 1980 legis
704 1905 901 1974 exerceatur,
938 1918 1001 1978 qun
1028 1900 1123 1979 ipsius

201 1980 335 2041 ooeoitas
368 1988 399 2042 et
435 1982 618 2062 impotentia
638 1984 768 2044 iuvatur.
827 1981 922 2043 Tollit
955 1982 1036 2042 baeu
1062 2000 1122 2042 vox

201 2061 298 2124 Sine
320 2082 416 2144 opera
436 2065 594 2126 moraliter
616 2064 717 2147 bona,
743 2065 824 2127 tollit
852 2064 1000 2125 iustitiam
1024 2084 1120 2126 mora·

200 2145 271 2223 lem,
293 2146 374 2207 tollit
394 2150 646 2228 praeparationes
669 2150 707 2209 od
720 2150 860 2230 gratiam,
883 2147 1018 2226 denique
1039 2146 1120 2228 liuga

200 2229 343 2308 quioquid
355 2232 480 2309 poteris,
503 2230 586 2310 quod
605 2231 707 2292 valeat
719 2230 846 2292 liberum
864 2229 1032 2311 arbitrium,
1056 2250 1119 2311 per·

199 2311 291 2374 stabit
312 2312 423 2373 Paulus
446 2320 477 2374 et
498 2312 592 2377 diost:
616 2314 689 2376 Sine
710 2315 764 2376 tali
779 2319 900 2376 constat
920 2315 1037 2374 iustitia
1054 2314 1117 2377 Dei.

199 2380 300 2475 A'tquo
321 2403 354 2456 ut
376 2396 444 2458 dem
468 2396 595 2466 liberum
612 2398 765 2459 arbitrium
788 2417 843 2478 per
864 2404 1009 2458 nouatum
1033 2417 1118 2458 suum

198 2477 300 2558 aliquo
316 2498 408 2558 posse
423 2482 608 2561 promoveri,
628 2480 772 2542 videlieet
788 2481 825 2540 ad
849 2500 945 2560 opera
962 2481 1046 2541 bona
1071 2480 1117 2541 vel

198 2559 236 2622 ad
248 2562 394 2622 iustitiam
407 2563 482 2644 legis
494 2564 590 2624 oivilis
602 2564 650 2624 vel
659 2564 794 2645 moralis,
807 2562 999 2624 adiustitiam
1014 2565 1116 2625 Deita-

198 2663 267 2704 men
298 2663 361 2706 non
383 2653 600 2727 promovetur,
636 2667 695 2707 neo
715 2647 778 2707 ullo
807 2655 947 2725 respectu
977 2647 1118 2727 dignatur

197 2727 262 2787 eius
284 2728 384 2790 studia
402 2730 486 2792 Deus
509 2728 548 2790 nd
570 2749 655 2791 suam
671 2731 828 2807 iustitiam,
850 2728 922 2790 dum
946 2729 1030 2811 dioit,
1053 2732 1115 2790 sino

196 2809 266 2890 lege
289 2830 376 2871 suam
411 2814 554 2874 iustitiam
583 2813 694 2876 valere.
751 2812 783 2873 Si
810 2832 884 2873 vero
907 2811 946 2873 ad
972 2814 1114 2873 iustitiam

195 2892 255 2952 Dei
277 2912 340 2954 uon
361 2903 534 2977 promovet,
558 2896 628 2976 quid
651 2895 798 2976 profuerit
819 2895 882 2974 illi,
916 2897 941 2955 si
973 2896 1113 2977 operibus

194 2982 226 3036 et
247 2978 408 3040 conatibus
430 2981 492 3040 suis
514 2985 710 3058 promoveret
732 2977 777 3061 (si
794 2980 893 3058 possit
913 2977 999 3061 lieri)
1025 2981 1112 3041 etiam

194 3057 233 3118 ad
266 3060 446 3140 angelorum
483 3061 745 3123 sanotimoniam?
797 3060 939 3124 Arbitror
971 3062 1024 3123 bie
1054 3080 1111 3123 nou

194 3159 263 3202 esse
285 3143 379 3205 verba
401 3144 531 3207 obseura
557 3146 605 3206 vel
629 3145 797 3225 ambigua,
826 3163 884 3205 nen
914 3148 1012 3225 tropis
1046 3144 1110 3207 ullis

193 3224 296 3286 lotum
330 3227 481 3308 relinqui,
516 3230 587 3309 quia
618 3228 778 3309 distinguit
804 3228 917 3288 Paulus
952 3229 1110 3290 manifesta

192 3307 269 3370 duas
283 3311 424 3391 iustitias,
447 3312 573 3373 alteram
585 3312 675 3393 legis,
698 3311 823 3371 alteram
838 3312 957 3392 gratiae
967 3312 1108 3391 tribuens,

192 3393 323 3456 athana
353 3396 419 3456 siue
440 3396 494 3456 illa
516 3402 547 3456 et
576 3394 693 3475 absque
723 3394 867 3476 oporibus
904 3395 971 3456 eius
996 3394 1107 3471 donau,

194 3582 612 3593 ——--—-—--—.-.—

261 3680 292 3747 1)
314 3681 346 3734 In
364 3680 408 3736 ed.
429 3682 498 3739 1526
517 3681 608 3739 deest:
631 3685 680 3753 sit;
710 3693 805 3744 nostra
833 3681 915 3742 lectio
934 3685 1053 3756 repetita
1066 3687 1103 3741 est

189 3765 223 3804 ex
241 3751 285 3808 ed.
305 3754 374 3809 1525
395 3757 423 3809 et
440 3754 484 3809 ed.
503 3755 560 3811 len.
