2348 4162
286 244 323 299 ad
341 244 375 300 D.
393 245 536 301 Erasmnm
555 245 783 306 Roterodamum.
938 246 1001 312 239

67 421 149 494 stas,
185 420 220 477 ut
239 414 294 476 filii
315 412 375 476 Dei
403 414 493 493 fiant,
526 417 551 474 ei
581 421 705 476 nostrae
727 418 893 478 voluntatis
916 415 1001 477 nuile

66 499 196 560 libertas
219 497 285 560 est?
327 497 368 557 Et
398 498 448 558 hie
470 499 555 559 loeus
578 507 624 558 est
646 499 775 560 malleus
798 500 944 561 adversus
966 499 999 558 li·

67 583 176 642 berum
199 580 370 659 arbitrium,
404 582 502 659 qualis
531 589 578 642 est
613 582 707 641 ferme
739 591 821 644 totus
843 581 999 645 Iohannes

67 665 287 745 Evangelista,
319 671 421 724 tamen
456 664 615 725 adducitur
646 684 701 744 pro
745 667 841 727 libero
866 667 999 730 arbitrio.

69 748 257 830 Videamus,
290 765 424 825 quaeso,
453 745 608 808 Iohannes
635 766 698 808 non
721 750 854 831 loquitur
876 749 913 808 de
936 748 998 809 ulio

69 850 166 912 opere
189 832 331 907 hominis,
353 849 454 909 neque
475 849 601 911 magno,
623 850 723 909 neque
746 851 860 913 parvo,
884 831 938 892 sed
962 830 1000 892 de

68 917 138 995 ipae
159 915 361 974 innovatione
389 922 420 973 et
446 916 700 975 transmutatione
721 913 855 976 hominis
878 916 999 994 veteris,
1043 940 1049 949 ·

69 999 121 1076 qui
144 996 225 1056 fliius
248 996 364 1057 diaboii
385 1004 441 1074 est,
462 999 493 1056 in
516 1016 630 1057 novum
651 997 823 1078 hominem,
846 1000 899 1080 qui
920 997 998 1058 iilius

67 1081 127 1141 Dei
151 1087 207 1142 est.
251 1080 308 1140 Hie
327 1078 422 1140 homo
446 1099 529 1140 mere
551 1081 675 1161 passive
705 1083 757 1158 (ut
780 1081 906 1155 dicitur)
931 1099 999 1141 sese

68 1163 173 1242 habet,
195 1182 253 1223 neo
273 1163 346 1222 facit
367 1165 540 1243 quippiam,
579 1163 632 1224 sed
665 1165 700 1223 fit
730 1171 822 1231 totns,
867 1163 999 1225 Defieri

68 1249 153 1308 enim
174 1247 308 1326 loquitur
330 1245 501 1327 Iohannes,
534 1244 598 1306 fleri
622 1246 703 1308 filios
726 1249 782 1308 Dei
804 1248 891 1325 dioit,
915 1253 1000 1327 pote-

68 1336 151 1391 state
180 1328 325 1389 divinitus
347 1328 436 1390 nobie
459 1329 588 1408 donata,
625 1349 688 1391 uon
724 1333 752 1391 vi
775 1331 861 1392 liberi
884 1332 998 1392 arbitrii

69 1415 162 1475 nobis
184 1412 287 1474 insita.

154 1499 196 1557 At
216 1502 322 1556 nostra
344 1495 555 1555 diatribehine
576 1494 668 1572 duoit,
691 1496 818 1557 liberum
842 1496 999 1557 arbitrium

67 1586 189 1641 tantum
213 1579 334 1656 valere,
362 1585 395 1638 ut
416 1577 496 1639 filios
520 1579 577 1638 Dei
599 1579 703 1657 faciet,
725 1588 778 1640 aut
800 1578 925 1640 definire
947 1599 1002 1660 pa-

67 1671 138 1725 rata
158 1670 215 1738 est,
238 1661 397 1723 ridionium
427 1670 458 1722 et
479 1660 619 1741 frigidum
650 1681 720 1722 esse
741 1661 868 1723 verbum
889 1662 1000 1723 Iohan-

68 1749 127 1811 nis.
171 1743 248 1820 Qun
286 1763 359 1805 vero
400 1763 535 1823 unquam
567 1746 612 1804 sio
644 1745 752 1806 extulit
774 1745 900 1805 liberum
923 1744 999 1805 arbi·

70 1832 178 1912 trium,
213 1836 245 1888 ut
267 1830 294 1888 ei
317 1829 377 1888 vim
400 1828 531 1889 faciendi
554 1827 634 1888 iiiios
659 1829 715 1889 Dei
736 1829 890 1911 tribuerit,
913 1848 998 1909 prae·

70 1914 179 1973 sertim
202 1911 280 1992 tale,
318 1910 400 1990 quod
433 1929 495 1971 nou
528 1918 631 1991 potest
653 1911 732 1972 velle
756 1912 886 1990 bonum,
908 1912 998 1991 quale

71 1994 204 2057 diatriba
224 1994 410 2074 assumpsit?
453 1994 513 2055 sed
537 2001 673 2056 transeat
696 1994 852 2055 haenoum
875 1995 998 2077 reliquis

70 2078 225 2159 nequalia,
260 2079 351 2139 toties
374 2078 525 2157 repetitis,
549 2078 657 2157 quibus
693 2079 767 2139 nihii
795 2078 950 2159 probatur,
972 2081 997 2138 si

70 2162 144 2243 qnid
157 2160 314 2241 probatur,
337 2179 427 2239 quam
443 2161 484 2236 id,
506 2160 588 2240 quod
612 2162 740 2223 diatriba
761 2172 863 2243 negat,
886 2181 997 2243 nempe

68 2246 201 2307 liberum
225 2246 380 2305 arbitrium
405 2245 508 2304 omnia
531 2263 634 2325 posse.
677 2243 902 2307 lohanneshoe
924 2247 996 2328 vuit,

70 2330 216 2390 veniente
239 2328 359 2389 Christo
381 2327 413 2387 in
436 2327 581 2387 mundum
604 2347 659 2407 per
680 2329 899 2409 Evangelium,
935 2349 997 2409 quo

70 2411 201 2473 offertur
223 2413 341 2492 gratia,
376 2428 437 2470 non
461 2417 562 2471 autem
592 2413 725 2492 exigitur
747 2431 840 2492 opus,
875 2416 996 2493 copiam

69 2495 137 2556 fieri
158 2497 278 2555 eunetis
306 2493 497 2572 hominibus,
534 2493 726 2574 magnifieum
761 2514 853 2573 sane,
889 2505 923 2555 ut
943 2494 997 2556 fllii

69 2578 127 2639 Dei
151 2579 222 2657 sint,
244 2579 269 2638 si
293 2576 416 2638 eredere
440 2577 544 2637 velint.
587 2578 730 2638 Getemm
752 2577 913 2660 hoovelle,
938 2579 997 2639 hoo

69 2661 213 2738 eredere,
247 2662 277 2720 in
311 2654 436 2721 'nomine
468 2663 549 2739 eius,
590 2662 668 2721 siout
689 2661 818 2721 liberum
841 2661 997 2722 arbitrium

67 2763 227 2824 nunquam
249 2745 337 2805 novit
357 2763 416 2803 neo
438 2743 584 2824 cogitavit
601 2745 639 2804 de
661 2763 698 2805 eo
720 2751 821 2824 antea,
843 2745 886 2804 ita
901 2746 996 2806 multo
1033 2738 1046 2761 '

70 2828 172 2889 minus
202 2833 305 2907 potest
341 2829 403 2887 suis
437 2827 558 2888 viribus.
607 2826 772 2902 Quomodo
799 2829 880 2888 enim
918 2831 996 2889 ratio

70 2913 237 2992 eogitaret,
259 2913 464 2971 neeessariam
488 2928 557 2970 esse
578 2909 669 2971 fldem
691 2913 724 2971 in
746 2909 864 2992 Iesum,
901 2909 996 2971 filium

70 2994 128 3055 Dei
151 2999 183 3054 et
203 2993 351 3073 hominis,
375 3013 443 3055 oum
466 3012 525 3053 neo
554 2993 645 3054 hodie
668 2995 770 3075 oapiat
797 3002 850 3055 ent
872 2995 997 3056 eredere

68 3079 179 3158 possit,
202 3078 321 3137 etiamsi
342 3083 409 3138 tota
431 3083 569 3137 ereatura
591 3077 748 3159 clamaret,
771 3097 839 3139 esse
862 3078 995 3158 aliquam

68 3179 247 3241 personam,
269 3179 348 3240 quae
370 3160 459 3220 simul
483 3160 566 3220 Deus
588 3167 618 3221 et
638 3160 732 3222 homo
755 3161 815 3221 sit?
858 3161 920 3224 Sed
934 3182 998 3223 ma·
1098 3205 1099 3208 κ

69 3246 117 3325 gis
141 3243 305 3306 offenditur
338 3244 392 3304 tali
416 3262 576 3326 sermone,
599 3251 632 3303 ut
653 3243 766 3306 Paulus
790 3244 864 3306 dicit
886 3251 915 3310 1.
939 3247 998 3308 Go-

67 3327 161 3388 rinth.
186 3333 219 3406 1,
252 3330 370 3389 tantum
392 3327 495 3408 abest,
528 3332 561 3387 ut
593 3327 717 3389 eredere
754 3335 806 3388 sut
841 3329 912 3390 velit
945 3337 997 3389 aut
1112 3403 1119 3412 Ι

91 3415 180 3475 ussit.

67 3433 88 3496 p
152 3495 250 3576 Igitur
272 3494 422 3556 lohannes
444 3493 571 3555 divitias·
586 3495 673 3573 regni
695 3493 753 3554 Dei
780 3514 835 3575 per
856 3495 997 3578 Evange-

67 3578 143 3641 lium
166 3579 282 3640 mundo
305 3577 442 3656 oblatas,
474 3597 538 3638 non
561 3583 663 3638 autem
693 3579 819 3639 virtutes
841 3578 928 3641 liberi
949 3599 995 3641 ar·

68 3662 151 3725 bitrii
175 3661 347 3743 praedicat,
369 3661 458 3721 simul
483 3659 676 3742 signifloens,
698 3679 790 3741 qnam
811 3665 902 3743 pauoi
926 3664 996 3744 sint,

67 3747 324 3828 quiaooeptent,
354 3753 547 3826 repugnante
577 3745 694 3806 soiiioet
725 3745 822 3807 libero
860 3747 997 3831 arbitrio,
