<?xml version="1.0" encoding="UTF-8"?>
<!DOCTYPE html PUBLIC "-//W3C//DTD XHTML 1.0 Transitional//EN"
    "http://www.w3.org/TR/xhtml1/DTD/xhtml1-transitional.dtd">
<html xmlns="http://www.w3.org/1999/xhtml" xml:lang="en" lang="en">
 <head>
  <title>
</title>
<meta http-equiv="Content-Type" content="text/html;charset=utf-8" />
  <meta name='ocr-system' content='tesseract 3.04.00' />
  <meta name='ocr-capabilities' content='ocr_page ocr_carea ocr_par ocr_line ocrx_word'/>
</head>
<body>
  <div class='ocr_page' id='page_1' title='image "./dmartinilutheri02luthgoog_0142.png"; bbox 0 0 2348 4162; ppageno 0'>
   <div class='ocr_carea' id='block_1_1' title="bbox 164 267 982 349">
    <p class='ocr_par' dir='ltr' id='par_1_1' title="bbox 164 267 982 349">
     <span class='ocr_line' id='line_1_1' title="bbox 164 267 982 349; baseline 0.015 -26"><span class='ocrx_word' id='word_1_1' title='bbox 164 342 169 349; x_wconf 27' lang='grc' dir='ltr'>Ι</span> <span class='ocrx_word' id='word_1_2' title='bbox 271 267 309 325; x_wconf 86' lang='lat' dir='ltr'><strong>ad</strong></span> <span class='ocrx_word' id='word_1_3' title='bbox 326 269 360 327; x_wconf 88' lang='lat' dir='ltr'><strong>D.</strong></span> <span class='ocrx_word' id='word_1_4' title='bbox 379 270 523 326; x_wconf 64' lang='lat' dir='ltr'><strong>murnum</strong></span> <span class='ocrx_word' id='word_1_5' title='bbox 541 268 765 327; x_wconf 84' lang='lat' dir='ltr'><strong>Rotsrodamum.</strong></span> <span class='ocrx_word' id='word_1_6' title='bbox 920 269 982 335; x_wconf 84' lang='lat'><strong>131</strong></span> 
     </span>
    </p>
   </div>
   <div class='ocr_carea' id='block_1_2' title="bbox 56 459 991 1947">
    <p class='ocr_par' dir='ltr' id='par_1_2' title="bbox 56 459 985 708">
     <span class='ocr_line' id='line_1_2' title="bbox 56 459 985 540; baseline 0 -20"><span class='ocrx_word' id='word_1_7' title='bbox 56 459 295 540; x_wconf 75' lang='lat' dir='ltr'><strong>persentiscere,</strong></span> <span class='ocrx_word' id='word_1_8' title='bbox 321 459 394 538; x_wconf 84' lang='lat' dir='ltr'><strong>quid</strong></span> <span class='ocrx_word' id='word_1_9' title='bbox 417 459 536 521; x_wconf 83' lang='lat' dir='ltr'><strong>alesin</strong></span> <span class='ocrx_word' id='word_1_10' title='bbox 559 461 679 540; x_wconf 90' lang='lat' dir='ltr'><strong>animo,</strong></span> <span class='ocrx_word' id='word_1_11' title='bbox 702 467 733 521; x_wconf 84' lang='lat' dir='ltr'><strong>et</strong></span> <span class='ocrx_word' id='word_1_12' title='bbox 754 459 827 539; x_wconf 93' lang='lat' dir='ltr'><strong>quid</strong></span> <span class='ocrx_word' id='word_1_13' title='bbox 848 459 985 520; x_wconf 90' lang='lat' dir='ltr'><strong>moliaris</strong></span> 
     </span>
     <span class='ocr_line' id='line_1_3' title="bbox 57 541 985 627; baseline 0 -24"><span class='ocrx_word' id='word_1_14' title='bbox 57 541 181 603; x_wconf 73' lang='lat' dir='ltr'>lubricis</span> <span class='ocrx_word' id='word_1_15' title='bbox 205 541 267 603; x_wconf 91' lang='lat' dir='ltr'><strong>illis</strong></span> <span class='ocrx_word' id='word_1_16' title='bbox 290 543 412 623; x_wconf 88' lang='lat' dir='ltr'><strong>seriptis</strong></span> <span class='ocrx_word' id='word_1_17' title='bbox 435 544 519 622; x_wconf 91' lang='lat' dir='ltr'><strong>tuis,</strong></span> <span class='ocrx_word' id='word_1_18' title='bbox 543 542 627 604; x_wconf 86' lang='lat' dir='ltr'><strong>Deus</strong></span> <span class='ocrx_word' id='word_1_19' title='bbox 651 560 724 604; x_wconf 87' lang='lat' dir='ltr'><strong>vero</strong></span> <span class='ocrx_word' id='word_1_20' title='bbox 747 561 809 604; x_wconf 90' lang='lat' dir='ltr'><strong>non</strong></span> <span class='ocrx_word' id='word_1_21' title='bbox 832 542 985 627; x_wconf 71' lang='lat' dir='ltr'><strong>irridetur,</strong></span> 
     </span>
     <span class='ocr_line' id='line_1_4' title="bbox 56 624 704 708; baseline 0.005 -22"><span class='ocrx_word' id='word_1_22' title='bbox 56 625 86 686; x_wconf 90' lang='lat' dir='ltr'><strong>in</strong></span> <span class='ocrx_word' id='word_1_23' title='bbox 111 643 206 705; x_wconf 90' lang='lat' dir='ltr'><strong>quern</strong></span> <span class='ocrx_word' id='word_1_24' title='bbox 229 644 292 687; x_wconf 93' lang='lat' dir='ltr'><strong>non</strong></span> <span class='ocrx_word' id='word_1_25' title='bbox 317 632 365 687; x_wconf 88' lang='lat' dir='ltr'><strong>est</strong></span> <span class='ocrx_word' id='word_1_26' title='bbox 386 624 502 686; x_wconf 91' lang='lat' dir='ltr'><strong>bonum</strong></span> <span class='ocrx_word' id='word_1_27' title='bbox 525 627 704 708; x_wconf 81' lang='lat' dir='ltr'><strong>impingere.</strong></span> 
     </span>
    </p>

    <p class='ocr_par' dir='ltr' id='par_1_3' title="bbox 56 707 991 1947">
     <span class='ocr_line' id='line_1_5' title="bbox 139 707 985 771; baseline -0.001 -2"><span class='ocrx_word' id='word_1_28' title='bbox 139 708 238 770; x_wconf 90' lang='lat' dir='ltr'><strong>Porro</strong></span> <span class='ocrx_word' id='word_1_29' title='bbox 267 708 294 770; x_wconf 92' lang='lat' dir='ltr'><strong>si</strong></span> <span class='ocrx_word' id='word_1_30' title='bbox 314 707 397 769; x_wconf 89' lang='lat' dir='ltr'><strong>hano</strong></span> <span class='ocrx_word' id='word_1_31' title='bbox 428 710 631 771; x_wconf 77' lang='lat' dir='ltr'><strong>temeritatem</strong></span> <span class='ocrx_word' id='word_1_32' title='bbox 670 727 728 769; x_wconf 90' lang='lat' dir='ltr'><strong>nos</strong></span> <span class='ocrx_word' id='word_1_33' title='bbox 758 707 915 769; x_wconf 78' lang='lat' dir='ltr'><strong>docuisses</strong></span> <span class='ocrx_word' id='word_1_34' title='bbox 954 709 985 768; x_wconf 89' lang='lat' dir='ltr'><strong>in</strong></span> 
     </span>
     <span class='ocr_line' id='line_1_6' title="bbox 56 789 985 873; baseline -0.002 -21"><span class='ocrx_word' id='word_1_35' title='bbox 56 790 254 872; x_wconf 77' lang='lat' dir='ltr'><strong>poematibus</strong></span> <span class='ocrx_word' id='word_1_36' title='bbox 267 790 428 868; x_wconf 82' lang='lat' dir='ltr'><strong>faeiendis,</strong></span> <span class='ocrx_word' id='word_1_37' title='bbox 450 792 481 852; x_wconf 95' lang='lat' dir='ltr'><strong>in</strong></span> <span class='ocrx_word' id='word_1_38' title='bbox 498 791 645 854; x_wconf 77' lang='lat' dir='ltr'><strong>fructibus</strong></span> <span class='ocrx_word' id='word_1_39' title='bbox 667 791 822 873; x_wconf 86' lang='lat' dir='ltr'><strong>parandis,</strong></span> <span class='ocrx_word' id='word_1_40' title='bbox 844 791 874 851; x_wconf 90' lang='lat' dir='ltr'><strong>in</strong></span> <span class='ocrx_word' id='word_1_41' title='bbox 897 789 985 852; x_wconf 86' lang='lat' dir='ltr'><strong>beilis</strong></span> 
     </span>
     <span class='ocr_line' id='line_1_7' title="bbox 57 870 984 955; baseline -0.002 -20"><span class='ocrx_word' id='word_1_42' title='bbox 57 883 88 935; x_wconf 89' lang='lat' dir='ltr'><strong>et</strong></span> <span class='ocrx_word' id='word_1_43' title='bbox 109 870 221 936; x_wconf 84' lang='lat' dir='ltr'><strong>offieiis</strong></span> <span class='ocrx_word' id='word_1_44' title='bbox 243 873 405 955; x_wconf 84' lang='lat' dir='ltr'><strong>obeundis,</strong></span> <span class='ocrx_word' id='word_1_45' title='bbox 429 880 483 935; x_wconf 89' lang='lat' dir='ltr'><strong>aut</strong></span> <span class='ocrx_word' id='word_1_46' title='bbox 504 874 646 937; x_wconf 87' lang='lat' dir='ltr'><strong>domibus</strong></span> <span class='ocrx_word' id='word_1_47' title='bbox 659 872 867 950; x_wconf 80' lang='lat' dir='ltr'><strong>aedificandis,</strong></span> <span class='ocrx_word' id='word_1_48' title='bbox 891 891 984 953; x_wconf 89' lang='lat' dir='ltr'><strong>quan-</strong></span> 
     </span>
     <span class='ocr_line' id='line_1_8' title="bbox 57 956 987 1040; baseline -0.001 -22"><span class='ocrx_word' id='word_1_49' title='bbox 57 976 147 1038; x_wconf 88' lang='lat' dir='ltr'><strong>quam</strong></span> <span class='ocrx_word' id='word_1_50' title='bbox 170 963 219 1020; x_wconf 92' lang='lat' dir='ltr'><strong>est</strong></span> <span class='ocrx_word' id='word_1_51' title='bbox 239 956 452 1040; x_wconf 78' lang='lat' dir='ltr'><strong>intolerabilis,</strong></span> <span class='ocrx_word' id='word_1_52' title='bbox 477 961 655 1037; x_wconf 87' lang='lat' dir='ltr'><strong>praesertim</strong></span> <span class='ocrx_word' id='word_1_53' title='bbox 679 960 708 1019; x_wconf 94' lang='lat' dir='ltr'><strong>iu</strong></span> <span class='ocrx_word' id='word_1_54' title='bbox 733 964 819 1018; x_wconf 92' lang='lat' dir='ltr'><strong>tanto</strong></span> <span class='ocrx_word' id='word_1_55' title='bbox 843 957 919 1033; x_wconf 89' lang='lat' dir='ltr'><strong>viro,</strong></span> <span class='ocrx_word' id='word_1_56' title='bbox 942 962 987 1017; x_wconf 87' lang='lat' dir='ltr'><strong>ta·</strong></span> 
     </span>
     <span class='ocr_line' id='line_1_9' title="bbox 58 1038 985 1121; baseline -0.003 -19"><span class='ocrx_word' id='word_1_57' title='bbox 58 1058 129 1102; x_wconf 92' lang='lat' dir='ltr'><strong>men</strong></span> <span class='ocrx_word' id='word_1_58' title='bbox 151 1040 256 1121; x_wconf 82' lang='lat' dir='ltr'><strong>aliqua</strong></span> <span class='ocrx_word' id='word_1_59' title='bbox 278 1041 371 1102; x_wconf 88' lang='lat' dir='ltr'><strong>venis</strong></span> <span class='ocrx_word' id='word_1_60' title='bbox 394 1039 504 1120; x_wconf 92' lang='lat' dir='ltr'><strong>dignus</strong></span> <span class='ocrx_word' id='word_1_61' title='bbox 523 1042 647 1103; x_wconf 89' lang='lat' dir='ltr'><strong>tandem</strong></span> <span class='ocrx_word' id='word_1_62' title='bbox 670 1061 750 1119; x_wconf 90' lang='lat' dir='ltr'><strong>eras,</strong></span> <span class='ocrx_word' id='word_1_63' title='bbox 772 1040 879 1101; x_wconf 81' lang='lat' dir='ltr'><strong>saltem</strong></span> <span class='ocrx_word' id='word_1_64' title='bbox 903 1038 985 1119; x_wconf 87' lang='lat' dir='ltr'><strong>apud</strong></span> 
     </span>
     <span class='ocr_line' id='line_1_10' title="bbox 57 1122 986 1204; baseline -0.003 -20"><span class='ocrx_word' id='word_1_65' title='bbox 57 1122 276 1204; x_wconf 78' lang='lat' dir='ltr'><strong>Christianos,</strong></span> <span class='ocrx_word' id='word_1_66' title='bbox 311 1124 363 1204; x_wconf 89' lang='lat' dir='ltr'><strong>qui</strong></span> <span class='ocrx_word' id='word_1_67' title='bbox 386 1124 569 1204; x_wconf 90' lang='lat' dir='ltr'><strong>temporalia</strong></span> <span class='ocrx_word' id='word_1_68' title='bbox 602 1129 811 1186; x_wconf 80' lang='lat' dir='ltr'><strong>contemnunt.</strong></span> <span class='ocrx_word' id='word_1_69' title='bbox 854 1124 896 1183; x_wconf 86' lang='lat' dir='ltr'><strong>At</strong></span> <span class='ocrx_word' id='word_1_70' title='bbox 917 1141 986 1182; x_wconf 88' lang='lat' dir='ltr'><strong>eum</strong></span> 
     </span>
     <span class='ocr_line' id='line_1_11' title="bbox 58 1204 987 1287; baseline -0.002 -20"><span class='ocrx_word' id='word_1_71' title='bbox 58 1205 250 1267; x_wconf 77' lang='lat' dir='ltr'><strong>Obristisnos</strong></span> <span class='ocrx_word' id='word_1_72' title='bbox 285 1207 371 1287; x_wconf 90' lang='lat' dir='ltr'><strong>ipsos</strong></span> <span class='ocrx_word' id='word_1_73' title='bbox 393 1205 499 1267; x_wconf 89' lang='lat' dir='ltr'><strong>iubess</strong></span> <span class='ocrx_word' id='word_1_74' title='bbox 526 1209 704 1269; x_wconf 88' lang='lat' dir='ltr'><strong>temerarios</strong></span> <span class='ocrx_word' id='word_1_75' title='bbox 727 1207 888 1287; x_wconf 87' lang='lat' dir='ltr'><strong>operarios</strong></span> <span class='ocrx_word' id='word_1_76' title='bbox 911 1204 987 1282; x_wconf 86' lang='lat' dir='ltr'><strong>tisri,</strong></span> 
     </span>
     <span class='ocr_line' id='line_1_12' title="bbox 57 1288 987 1369; baseline 0 -21"><span class='ocrx_word' id='word_1_77' title='bbox 57 1298 89 1349; x_wconf 84' lang='lat' dir='ltr'><strong>et</strong></span> <span class='ocrx_word' id='word_1_78' title='bbox 112 1289 144 1349; x_wconf 91' lang='lat' dir='ltr'><strong>iu</strong></span> <span class='ocrx_word' id='word_1_79' title='bbox 168 1288 267 1349; x_wconf 90' lang='lat' dir='ltr'><strong>salute</strong></span> <span class='ocrx_word' id='word_1_80' title='bbox 288 1295 415 1350; x_wconf 89' lang='lat' dir='ltr'><strong>aeterna</strong></span> <span class='ocrx_word' id='word_1_81' title='bbox 436 1289 575 1369; x_wconf 89' lang='lat' dir='ltr'><strong>paranda</strong></span> <span class='ocrx_word' id='word_1_82' title='bbox 607 1291 780 1351; x_wconf 89' lang='lat' dir='ltr'><strong>ineuriosos</strong></span> <span class='ocrx_word' id='word_1_83' title='bbox 812 1308 880 1349; x_wconf 88' lang='lat' dir='ltr'><strong>esse</strong></span> <span class='ocrx_word' id='word_1_84' title='bbox 903 1309 987 1349; x_wconf 89' lang='lat' dir='ltr'><strong>man·</strong></span> 
     </span>
     <span class='ocr_line' id='line_1_13' title="bbox 57 1370 987 1453; baseline -0.001 -20"><span class='ocrx_word' id='word_1_85' title='bbox 57 1370 124 1449; x_wconf 92' lang='lat' dir='ltr'><strong>das,</strong></span> <span class='ocrx_word' id='word_1_86' title='bbox 146 1370 221 1452; x_wconf 88' lang='lat' dir='ltr'><strong>quid</strong></span> <span class='ocrx_word' id='word_1_87' title='bbox 241 1373 363 1453; x_wconf 88' lang='lat' dir='ltr'><strong>possint</strong></span> <span class='ocrx_word' id='word_1_88' title='bbox 384 1380 415 1433; x_wconf 91' lang='lat' dir='ltr'><strong>et</strong></span> <span class='ocrx_word' id='word_1_89' title='bbox 435 1391 498 1433; x_wconf 93' lang='lat' dir='ltr'><strong>non</strong></span> <span class='ocrx_word' id='word_1_90' title='bbox 521 1375 650 1453; x_wconf 85' lang='lat' dir='ltr'><strong>possint,</strong></span> <span class='ocrx_word' id='word_1_91' title='bbox 672 1374 733 1434; x_wconf 89' lang='lat' dir='ltr'><strong>hoe</strong></span> <span class='ocrx_word' id='word_1_92' title='bbox 761 1372 853 1453; x_wconf 87' lang='lat' dir='ltr'><strong>piane</strong></span> <span class='ocrx_word' id='word_1_93' title='bbox 874 1389 987 1452; x_wconf 88' lang='lat' dir='ltr'><strong>peeea·</strong></span> 
     </span>
     <span class='ocr_line' id='line_1_14' title="bbox 57 1453 986 1534; baseline -0.001 -19"><span class='ocrx_word' id='word_1_94' title='bbox 57 1461 123 1515; x_wconf 88' lang='lat' dir='ltr'><strong>tum</strong></span> <span class='ocrx_word' id='word_1_95' title='bbox 146 1459 195 1516; x_wconf 90' lang='lat' dir='ltr'><strong>est</strong></span> <span class='ocrx_word' id='word_1_96' title='bbox 215 1473 289 1517; x_wconf 83' lang='lat' dir='ltr'><strong>vere</strong></span> <span class='ocrx_word' id='word_1_97' title='bbox 308 1455 525 1517; x_wconf 73' lang='lat' dir='ltr'><strong>irremissibile,</strong></span> <span class='ocrx_word' id='word_1_98' title='bbox 568 1455 715 1517; x_wconf 86' lang='lat' dir='ltr'><strong>Neseient</strong></span> <span class='ocrx_word' id='word_1_99' title='bbox 747 1456 827 1515; x_wconf 94' lang='lat' dir='ltr'><strong>enim</strong></span> <span class='ocrx_word' id='word_1_100' title='bbox 850 1453 923 1534; x_wconf 92' lang='lat' dir='ltr'><strong>quid</strong></span> <span class='ocrx_word' id='word_1_101' title='bbox 944 1453 986 1515; x_wconf 85' lang='lat' dir='ltr'><strong>ie·</strong></span> 
     </span>
     <span class='ocr_line' id='line_1_15' title="bbox 57 1536 991 1619; baseline -0.002 -21"><span class='ocrx_word' id='word_1_102' title='bbox 57 1539 151 1617; x_wconf 84' lang='lat' dir='ltr'><strong>aiant,</strong></span> <span class='ocrx_word' id='word_1_103' title='bbox 174 1536 411 1618; x_wconf 88' lang='lat' dir='ltr'><strong>dumignorant,</strong></span> <span class='ocrx_word' id='word_1_104' title='bbox 435 1538 508 1618; x_wconf 90' lang='lat' dir='ltr'><strong>quid</strong></span> <span class='ocrx_word' id='word_1_105' title='bbox 531 1544 723 1619; x_wconf 90' lang='lat' dir='ltr'><strong>etquantum</strong></span> <span class='ocrx_word' id='word_1_106' title='bbox 745 1547 884 1619; x_wconf 90' lang='lat' dir='ltr'><strong>possunt,</strong></span> <span class='ocrx_word' id='word_1_107' title='bbox 900 1539 991 1617; x_wconf 78' lang='lat' dir='ltr'><strong>igno,</strong></span> 
     </span>
     <span class='ocr_line' id='line_1_16' title="bbox 57 1616 986 1702; baseline -0.004 -20"><span class='ocrx_word' id='word_1_108' title='bbox 57 1626 164 1682; x_wconf 89' lang='lat' dir='ltr'><strong>rantes</strong></span> <span class='ocrx_word' id='word_1_109' title='bbox 186 1618 301 1699; x_wconf 77' lang='lat' dir='ltr'><strong>autem,</strong></span> <span class='ocrx_word' id='word_1_110' title='bbox 322 1621 393 1701; x_wconf 91' lang='lat' dir='ltr'><strong>quid</strong></span> <span class='ocrx_word' id='word_1_111' title='bbox 406 1620 530 1700; x_wconf 80' lang='lat' dir='ltr'><strong>faetent,</strong></span> <span class='ocrx_word' id='word_1_112' title='bbox 552 1625 712 1702; x_wconf 87' lang='lat' dir='ltr'><strong>poenitere</strong></span> <span class='ocrx_word' id='word_1_113' title='bbox 728 1622 770 1698; x_wconf 88' lang='lat' dir='ltr'><strong>(si</strong></span> <span class='ocrx_word' id='word_1_114' title='bbox 793 1616 907 1700; x_wconf 87' lang='lat' dir='ltr'><strong>errent)</strong></span> <span class='ocrx_word' id='word_1_115' title='bbox 923 1637 986 1680; x_wconf 94' lang='lat' dir='ltr'><strong>non</strong></span> 
     </span>
     <span class='ocr_line' id='line_1_17' title="bbox 57 1701 987 1786; baseline -0.003 -21"><span class='ocrx_word' id='word_1_116' title='bbox 57 1707 201 1784; x_wconf 82' lang='lat' dir='ltr'><strong>possunt,</strong></span> <span class='ocrx_word' id='word_1_117' title='bbox 223 1704 457 1784; x_wconf 90' lang='lat' dir='ltr'><strong>impoenitentia</strong></span> <span class='ocrx_word' id='word_1_118' title='bbox 479 1714 580 1765; x_wconf 89' lang='lat' dir='ltr'><strong>autem</strong></span> <span class='ocrx_word' id='word_1_119' title='bbox 604 1711 764 1786; x_wconf 81' lang='lat' dir='ltr'><strong>peecatum</strong></span> <span class='ocrx_word' id='word_1_120' title='bbox 778 1701 987 1763; x_wconf 87' lang='lat' dir='ltr'><strong>irremissibile</strong></span> 
     </span>
     <span class='ocr_line' id='line_1_18' title="bbox 58 1785 987 1866; baseline -0.004 -18"><span class='ocrx_word' id='word_1_121' title='bbox 58 1795 115 1850; x_wconf 88' lang='lat' dir='ltr'><strong>est.</strong></span> <span class='ocrx_word' id='word_1_122' title='bbox 159 1786 263 1866; x_wconf 76' lang='lat' dir='ltr'><strong>Atque</strong></span> <span class='ocrx_word' id='word_1_123' title='bbox 282 1786 344 1848; x_wconf 87' lang='lat' dir='ltr'><strong>hue</strong></span> <span class='ocrx_word' id='word_1_124' title='bbox 377 1786 461 1847; x_wconf 82' lang='lat' dir='ltr'><strong>ducit</strong></span> <span class='ocrx_word' id='word_1_125' title='bbox 483 1806 540 1848; x_wconf 91' lang='lat' dir='ltr'><strong>nos</strong></span> <span class='ocrx_word' id='word_1_126' title='bbox 563 1793 615 1849; x_wconf 88' lang='lat' dir='ltr'><strong>tua</strong></span> <span class='ocrx_word' id='word_1_127' title='bbox 646 1788 698 1848; x_wconf 89' lang='lat' dir='ltr'><strong>illa</strong></span> <span class='ocrx_word' id='word_1_128' title='bbox 721 1785 880 1848; x_wconf 89' lang='lat' dir='ltr'><strong>moderata</strong></span> <span class='ocrx_word' id='word_1_129' title='bbox 902 1803 987 1865; x_wconf 89' lang='lat' dir='ltr'><strong>seep-</strong></span> 
     </span>
     <span class='ocr_line' id='line_1_19' title="bbox 58 1869 311 1947; baseline 0.012 -16"><span class='ocrx_word' id='word_1_130' title='bbox 58 1871 122 1931; x_wconf 85' lang='lat' dir='ltr'><strong>tiea</strong></span> <span class='ocrx_word' id='word_1_131' title='bbox 142 1869 311 1947; x_wconf 82' lang='lat' dir='ltr'><strong>theologia.</strong></span> 
     </span>
    </p>
   </div>
   <div class='ocr_carea' id='block_1_3' title="bbox 59 1984 1065 3793">
    <p class='ocr_par' dir='ltr' id='par_1_4' title="bbox 59 1984 1065 3793">
     <span class='ocr_line' id='line_1_20' title="bbox 142 1984 987 2069; baseline -0.004 -21"><span class='ocrx_word' id='word_1_132' title='bbox 142 1984 243 2069; x_wconf 87' lang='lat' dir='ltr'><strong>Igitur</strong></span> <span class='ocrx_word' id='word_1_133' title='bbox 252 2004 315 2048; x_wconf 94' lang='lat' dir='ltr'><strong>non</strong></span> <span class='ocrx_word' id='word_1_134' title='bbox 331 1993 378 2048; x_wconf 90' lang='lat' dir='ltr'><strong>est</strong></span> <span class='ocrx_word' id='word_1_135' title='bbox 389 1987 601 2067; x_wconf 85' lang='lat' dir='ltr'><strong>irreiigiosum,</strong></span> <span class='ocrx_word' id='word_1_136' title='bbox 613 1988 766 2049; x_wconf 90' lang='lat' dir='ltr'><strong>euriosum</strong></span> <span class='ocrx_word' id='word_1_137' title='bbox 778 1992 831 2047; x_wconf 88' lang='lat' dir='ltr'><strong>aut</strong></span> <span class='ocrx_word' id='word_1_138' title='bbox 843 2003 987 2065; x_wconf 87' lang='lat' dir='ltr'><strong>superva-</strong></span> 
     </span>
     <span class='ocr_line' id='line_1_21' title="bbox 60 2068 986 2150; baseline -0.003 -18"><span class='ocrx_word' id='word_1_139' title='bbox 60 2089 203 2148; x_wconf 87' lang='lat' dir='ltr'><strong>eanenm,</strong></span> <span class='ocrx_word' id='word_1_140' title='bbox 215 2069 439 2150; x_wconf 88' lang='lat' dir='ltr'><strong>sed-imprimis</strong></span> <span class='ocrx_word' id='word_1_141' title='bbox 457 2070 590 2131; x_wconf 82' lang='lat' dir='ltr'><strong>salutare</strong></span> <span class='ocrx_word' id='word_1_142' title='bbox 605 2079 634 2131; x_wconf 90' lang='lat' dir='ltr'><strong>et</strong></span> <span class='ocrx_word' id='word_1_143' title='bbox 649 2071 854 2131; x_wconf 78' lang='lat' dir='ltr'><strong>necessarium</strong></span> <span class='ocrx_word' id='word_1_144' title='bbox 863 2068 986 2130; x_wconf 80' lang='lat' dir='ltr'><strong>Christi·</strong></span> 
     </span>
     <span class='ocr_line' id='line_1_22' title="bbox 60 2153 989 2233; baseline -0.005 -17"><span class='ocrx_word' id='word_1_145' title='bbox 60 2154 234 2230; x_wconf 84' lang='lat' dir='ltr'><strong>anonosse,</strong></span> <span class='ocrx_word' id='word_1_146' title='bbox 245 2173 285 2214; x_wconf 88' lang='lat' dir='ltr'><strong>an</strong></span> <span class='ocrx_word' id='word_1_147' title='bbox 294 2154 436 2214; x_wconf 85' lang='lat' dir='ltr'><strong>voluntas</strong></span> <span class='ocrx_word' id='word_1_148' title='bbox 452 2153 566 2233; x_wconf 77' lang='lat' dir='ltr'><strong>aliquid</strong></span> <span class='ocrx_word' id='word_1_149' title='bbox 579 2154 626 2214; x_wconf 85' lang='lat' dir='ltr'><strong>vei</strong></span> <span class='ocrx_word' id='word_1_150' title='bbox 638 2153 711 2215; x_wconf 92' lang='lat' dir='ltr'><strong>nihil</strong></span> <span class='ocrx_word' id='word_1_151' title='bbox 724 2159 796 2233; x_wconf 89' lang='lat' dir='ltr'><strong>agat</strong></span> <span class='ocrx_word' id='word_1_152' title='bbox 807 2155 838 2212; x_wconf 95' lang='lat' dir='ltr'><strong>in</strong></span> <span class='ocrx_word' id='word_1_153' title='bbox 850 2153 897 2228; x_wconf 88' lang='lat' dir='ltr'><strong>iis,</strong></span> <span class='ocrx_word' id='word_1_154' title='bbox 909 2170 989 2231; x_wconf 88' lang='lat' dir='ltr'><strong>quae</strong></span> 
     </span>
     <span class='ocr_line' id='line_1_23' title="bbox 59 2234 987 2319; baseline -0.004 -20"><span class='ocrx_word' id='word_1_155' title='bbox 59 2238 216 2319; x_wconf 85' lang='lat' dir='ltr'><strong>pertinent</strong></span> <span class='ocrx_word' id='word_1_156' title='bbox 235 2235 275 2298; x_wconf 89' lang='lat' dir='ltr'><strong>ad</strong></span> <span class='ocrx_word' id='word_1_157' title='bbox 298 2236 444 2315; x_wconf 71' lang='lat' dir='ltr'><strong>salutem,</strong></span> <span class='ocrx_word' id='word_1_158' title='bbox 466 2238 528 2298; x_wconf 91' lang='lat' dir='ltr'><strong>imo</strong></span> <span class='ocrx_word' id='word_1_159' title='bbox 551 2245 585 2298; x_wconf 90' lang='lat' dir='ltr'><strong>ut</strong></span> <span class='ocrx_word' id='word_1_160' title='bbox 605 2239 705 2317; x_wconf 88' lang='lat' dir='ltr'><strong>seiae,</strong></span> <span class='ocrx_word' id='word_1_161' title='bbox 735 2236 785 2296; x_wconf 89' lang='lat' dir='ltr'><strong>hio</strong></span> <span class='ocrx_word' id='word_1_162' title='bbox 820 2242 867 2295; x_wconf 89' lang='lat' dir='ltr'><strong>est</strong></span> <span class='ocrx_word' id='word_1_163' title='bbox 894 2234 987 2295; x_wconf 89' lang='lat' dir='ltr'><strong>eardo</strong></span> 
     </span>
     <span class='ocr_line' id='line_1_24' title="bbox 59 2317 987 2400; baseline -0.004 -20"><span class='ocrx_word' id='word_1_164' title='bbox 59 2326 187 2381; x_wconf 81' lang='lat' dir='ltr'><strong>nostres</strong></span> <span class='ocrx_word' id='word_1_165' title='bbox 210 2318 434 2400; x_wconf 71' lang='lat' dir='ltr'><strong>disputationis,</strong></span> <span class='ocrx_word' id='word_1_166' title='bbox 457 2320 508 2380; x_wconf 87' lang='lat' dir='ltr'><strong>hio</strong></span> <span class='ocrx_word' id='word_1_167' title='bbox 530 2327 775 2381; x_wconf 84' lang='lat' dir='ltr'><strong>versaturstetus</strong></span> <span class='ocrx_word' id='word_1_168' title='bbox 801 2336 913 2379; x_wconf 86' lang='lat' dir='ltr'><strong>eausae</strong></span> <span class='ocrx_word' id='word_1_169' title='bbox 935 2317 987 2377; x_wconf 90' lang='lat' dir='ltr'><strong>hu·</strong></span> 
     </span>
     <span class='ocr_line' id='line_1_25' title="bbox 59 2399 988 2483; baseline -0.005 -20"><span class='ocrx_word' id='word_1_170' title='bbox 59 2404 117 2466; x_wconf 90' lang='lat' dir='ltr'><strong>ius.</strong></span> <span class='ocrx_word' id='word_1_171' title='bbox 162 2400 242 2463; x_wconf 82' lang='lat' dir='ltr'><strong>Nam</strong></span> <span class='ocrx_word' id='word_1_172' title='bbox 264 2403 489 2483; x_wconf 87' lang='lat' dir='ltr'><strong>hooagimue,</strong></span> <span class='ocrx_word' id='word_1_173' title='bbox 522 2412 554 2464; x_wconf 88' lang='lat' dir='ltr'><strong>ut</strong></span> <span class='ocrx_word' id='word_1_174' title='bbox 581 2403 806 2482; x_wconf 88' lang='lat' dir='ltr'><strong>disquiramus,</strong></span> <span class='ocrx_word' id='word_1_175' title='bbox 842 2399 988 2479; x_wconf 85' lang='lat' dir='ltr'><strong>quidnam</strong></span> 
     </span>
     <span class='ocr_line' id='line_1_26' title="bbox 59 2480 988 2568; baseline -0.008 -19"><span class='ocrx_word' id='word_1_176' title='bbox 59 2486 162 2568; x_wconf 85' lang='lat' dir='ltr'><strong>possit</strong></span> <span class='ocrx_word' id='word_1_177' title='bbox 182 2483 310 2546; x_wconf 90' lang='lat' dir='ltr'><strong>liberum</strong></span> <span class='ocrx_word' id='word_1_178' title='bbox 333 2486 510 2564; x_wconf 86' lang='lat' dir='ltr'><strong>arbitrium,</strong></span> <span class='ocrx_word' id='word_1_179' title='bbox 544 2485 616 2567; x_wconf 89' lang='lat' dir='ltr'><strong>quid</strong></span> <span class='ocrx_word' id='word_1_180' title='bbox 638 2486 793 2566; x_wconf 84' lang='lat' dir='ltr'><strong>patiatur,</strong></span> <span class='ocrx_word' id='word_1_181' title='bbox 829 2480 988 2563; x_wconf 91' lang='lat' dir='ltr'><strong>quomodo</strong></span> 
     </span>
     <span class='ocr_line' id='line_1_27' title="bbox 59 2566 986 2649; baseline -0.005 -20"><span class='ocrx_word' id='word_1_182' title='bbox 59 2588 96 2630; x_wconf 87' lang='lat' dir='ltr'><strong>se</strong></span> <span class='ocrx_word' id='word_1_183' title='bbox 116 2568 232 2631; x_wconf 88' lang='lat' dir='ltr'><strong>babeat</strong></span> <span class='ocrx_word' id='word_1_184' title='bbox 254 2567 294 2629; x_wconf 87' lang='lat' dir='ltr'><strong>ed</strong></span> <span class='ocrx_word' id='word_1_185' title='bbox 314 2570 444 2649; x_wconf 86' lang='lat' dir='ltr'><strong>gratiam</strong></span> <span class='ocrx_word' id='word_1_186' title='bbox 468 2568 535 2630; x_wconf 89' lang='lat' dir='ltr'><strong>Dei.</strong></span> <span class='ocrx_word' id='word_1_187' title='bbox 579 2568 664 2629; x_wconf 87' lang='lat' dir='ltr'><strong>Haeo</strong></span> <span class='ocrx_word' id='word_1_188' title='bbox 685 2570 710 2628; x_wconf 89' lang='lat' dir='ltr'><strong>si</strong></span> <span class='ocrx_word' id='word_1_189' title='bbox 732 2566 986 2647; x_wconf 84' lang='lat' dir='ltr'><strong>ignoraverimus,</strong></span> 
     </span>
     <span class='ocr_line' id='line_1_28' title="bbox 60 2647 1065 2734; baseline -0.008 -21"><span class='ocrx_word' id='word_1_190' title='bbox 60 2670 188 2734; x_wconf 91' lang='lat' dir='ltr'><strong>prorsus</strong></span> <span class='ocrx_word' id='word_1_191' title='bbox 222 2650 295 2712; x_wconf 84' lang='lat' dir='ltr'><strong>nihil</strong></span> <span class='ocrx_word' id='word_1_192' title='bbox 318 2651 557 2713; x_wconf 82' lang='lat' dir='ltr'><strong>Christianarum</strong></span> <span class='ocrx_word' id='word_1_193' title='bbox 581 2670 683 2712; x_wconf 90' lang='lat' dir='ltr'><strong>rerum</strong></span> <span class='ocrx_word' id='word_1_194' title='bbox 705 2662 891 2728; x_wconf 81' lang='lat' dir='ltr'><strong>nossemus,</strong></span> <span class='ocrx_word' id='word_1_195' title='bbox 929 2647 987 2707; x_wconf 90' lang='lat' dir='ltr'><strong>eri·</strong></span> <span class='ocrx_word' id='word_1_196' title='bbox 1059 2678 1065 2689; x_wconf 89' lang='lat'><strong>·</strong></span> 
     </span>
     <span class='ocr_line' id='line_1_29' title="bbox 61 2730 989 2815; baseline -0.006 -20"><span class='ocrx_word' id='word_1_197' title='bbox 61 2753 193 2814; x_wconf 88' lang='lat' dir='ltr'><strong>musque</strong></span> <span class='ocrx_word' id='word_1_198' title='bbox 224 2734 367 2795; x_wconf 91' lang='lat' dir='ltr'><strong>omnibus</strong></span> <span class='ocrx_word' id='word_1_199' title='bbox 396 2734 538 2815; x_wconf 87' lang='lat' dir='ltr'><strong>gentibus</strong></span> <span class='ocrx_word' id='word_1_200' title='bbox 561 2735 692 2815; x_wconf 91' lang='lat' dir='ltr'><strong>peiores.</strong></span> <span class='ocrx_word' id='word_1_201' title='bbox 745 2730 804 2807; x_wconf 79' lang='lat' dir='ltr'><strong>Qui</strong></span> <span class='ocrx_word' id='word_1_202' title='bbox 833 2732 894 2792; x_wconf 88' lang='lat' dir='ltr'><strong>buo</strong></span> <span class='ocrx_word' id='word_1_203' title='bbox 926 2748 989 2790; x_wconf 93' lang='lat' dir='ltr'><strong>non</strong></span> 
     </span>
     <span class='ocr_line' id='line_1_30' title="bbox 61 2815 1012 2896; baseline -0.006 -17"><span class='ocrx_word' id='word_1_204' title='bbox 61 2819 165 2896; x_wconf 84' lang='lat' dir='ltr'><strong>sentit,</strong></span> <span class='ocrx_word' id='word_1_205' title='bbox 186 2816 318 2878; x_wconf 82' lang='lat' dir='ltr'><strong>fateatur</strong></span> <span class='ocrx_word' id='word_1_206' title='bbox 341 2835 494 2879; x_wconf 83' lang='lat' dir='ltr'><strong>essenon</strong></span> <span class='ocrx_word' id='word_1_207' title='bbox 516 2817 814 2894; x_wconf 85' lang='lat' dir='ltr'><strong>esseObristisnum,</strong></span> <span class='ocrx_word' id='word_1_208' title='bbox 837 2815 889 2895; x_wconf 92' lang='lat' dir='ltr'><strong>qui</strong></span> <span class='ocrx_word' id='word_1_209' title='bbox 912 2831 986 2875; x_wconf 88' lang='lat' dir='ltr'><strong>vero</strong></span> <span class='ocrx_word' id='word_1_210' title='bbox 1009 2817 1012 2821; x_wconf 79' lang='grc'><em>’</em></span> 
     </span>
     <span class='ocr_line' id='line_1_31' title="bbox 61 2898 988 2981; baseline -0.008 -18"><span class='ocrx_word' id='word_1_211' title='bbox 61 2898 261 2981; x_wconf 84' lang='lat' dir='ltr'><strong>reprehendit</strong></span> <span class='ocrx_word' id='word_1_212' title='bbox 282 2899 331 2960; x_wconf 86' lang='lat' dir='ltr'><strong>vel</strong></span> <span class='ocrx_word' id='word_1_213' title='bbox 353 2901 531 2974; x_wconf 77' lang='lat' dir='ltr'><strong>contemnit,</strong></span> <span class='ocrx_word' id='word_1_214' title='bbox 553 2903 631 2962; x_wconf 86' lang='lat' dir='ltr'><strong>seist</strong></span> <span class='ocrx_word' id='word_1_215' title='bbox 655 2919 724 2960; x_wconf 90' lang='lat' dir='ltr'><strong>sese</strong></span> <span class='ocrx_word' id='word_1_216' title='bbox 747 2917 815 2958; x_wconf 87' lang='lat' dir='ltr'><strong>esse</strong></span> <span class='ocrx_word' id='word_1_217' title='bbox 837 2917 988 2957; x_wconf 91' lang='lat' dir='ltr'><strong>summum</strong></span> 
     </span>
     <span class='ocr_line' id='line_1_32' title="bbox 61 2978 988 3063; baseline -0.005 -19"><span class='ocrx_word' id='word_1_218' title='bbox 61 2982 305 3045; x_wconf 76' lang='lat' dir='ltr'><strong>christianorum</strong></span> <span class='ocrx_word' id='word_1_219' title='bbox 327 2983 459 3047; x_wconf 86' lang='lat' dir='ltr'><strong>hostem.</strong></span> <span class='ocrx_word' id='word_1_220' title='bbox 502 2982 580 3043; x_wconf 89' lang='lat' dir='ltr'><strong>Nam</strong></span> <span class='ocrx_word' id='word_1_221' title='bbox 610 2985 635 3044; x_wconf 94' lang='lat' dir='ltr'><strong>si</strong></span> <span class='ocrx_word' id='word_1_222' title='bbox 665 2984 868 3063; x_wconf 85' lang='lat' dir='ltr'><strong>ignoravero,</strong></span> <span class='ocrx_word' id='word_1_223' title='bbox 906 2978 988 3060; x_wconf 85' lang='lat' dir='ltr'><strong>quid,</strong></span> 
     </span>
     <span class='ocr_line' id='line_1_33' title="bbox 62 3064 990 3147; baseline -0.006 -19"><span class='ocrx_word' id='word_1_224' title='bbox 62 3073 216 3147; x_wconf 87' lang='lat' dir='ltr'><strong>quatenns</strong></span> <span class='ocrx_word' id='word_1_225' title='bbox 249 3075 281 3126; x_wconf 91' lang='lat' dir='ltr'><strong>et</strong></span> <span class='ocrx_word' id='word_1_226' title='bbox 302 3072 449 3145; x_wconf 79' lang='lat' dir='ltr'><strong>quantum</strong></span> <span class='ocrx_word' id='word_1_227' title='bbox 479 3083 538 3145; x_wconf 89' lang='lat' dir='ltr'><strong>ego</strong></span> <span class='ocrx_word' id='word_1_228' title='bbox 561 3084 687 3145; x_wconf 92' lang='lat' dir='ltr'><strong>possum</strong></span> <span class='ocrx_word' id='word_1_229' title='bbox 720 3071 752 3126; x_wconf 90' lang='lat' dir='ltr'><strong>et</strong></span> <span class='ocrx_word' id='word_1_230' title='bbox 773 3064 882 3125; x_wconf 85' lang='lat' dir='ltr'><strong>iaeiam</strong></span> <span class='ocrx_word' id='word_1_231' title='bbox 916 3082 990 3142; x_wconf 89' lang='lat' dir='ltr'><strong>erga</strong></span> 
     </span>
     <span class='ocr_line' id='line_1_34' title="bbox 63 3145 989 3230; baseline -0.008 -19"><span class='ocrx_word' id='word_1_232' title='bbox 63 3148 179 3229; x_wconf 87' lang='lat' dir='ltr'><strong>Deum,</strong></span> <span class='ocrx_word' id='word_1_233' title='bbox 202 3150 316 3230; x_wconf 84' lang='lat' dir='ltr'><strong>periter</strong></span> <span class='ocrx_word' id='word_1_234' title='bbox 334 3151 483 3209; x_wconf 78' lang='lat' dir='ltr'><strong>insertum</strong></span> <span class='ocrx_word' id='word_1_235' title='bbox 507 3155 539 3210; x_wconf 88' lang='lat' dir='ltr'><strong>et</strong></span> <span class='ocrx_word' id='word_1_236' title='bbox 560 3151 698 3228; x_wconf 87' lang='lat' dir='ltr'><strong>ignotum</strong></span> <span class='ocrx_word' id='word_1_237' title='bbox 722 3147 793 3208; x_wconf 89' lang='lat' dir='ltr'><strong>mihi</strong></span> <span class='ocrx_word' id='word_1_238' title='bbox 817 3149 883 3226; x_wconf 89' lang='lat' dir='ltr'><strong>erit,</strong></span> <span class='ocrx_word' id='word_1_239' title='bbox 906 3145 989 3225; x_wconf 82' lang='lat' dir='ltr'><strong>quid,</strong></span> 
     </span>
     <span class='ocr_line' id='line_1_35' title="bbox 63 3229 991 3314; baseline -0.006 -21"><span class='ocrx_word' id='word_1_240' title='bbox 63 3239 215 3314; x_wconf 88' lang='lat' dir='ltr'><strong>quatenus</strong></span> <span class='ocrx_word' id='word_1_241' title='bbox 243 3238 274 3292; x_wconf 90' lang='lat' dir='ltr'><strong>et</strong></span> <span class='ocrx_word' id='word_1_242' title='bbox 295 3239 441 3313; x_wconf 90' lang='lat' dir='ltr'><strong>quantum</strong></span> <span class='ocrx_word' id='word_1_243' title='bbox 465 3232 550 3293; x_wconf 89' lang='lat' dir='ltr'><strong>Deus</strong></span> <span class='ocrx_word' id='word_1_244' title='bbox 579 3235 610 3292; x_wconf 94' lang='lat' dir='ltr'><strong>in</strong></span> <span class='ocrx_word' id='word_1_245' title='bbox 642 3251 690 3292; x_wconf 91' lang='lat' dir='ltr'><strong>me</strong></span> <span class='ocrx_word' id='word_1_246' title='bbox 712 3237 815 3312; x_wconf 91' lang='lat' dir='ltr'><strong>potest</strong></span> <span class='ocrx_word' id='word_1_247' title='bbox 836 3238 867 3290; x_wconf 85' lang='lat' dir='ltr'><strong>et</strong></span> <span class='ocrx_word' id='word_1_248' title='bbox 888 3229 991 3304; x_wconf 81' lang='lat' dir='ltr'><strong>faciet,</strong></span> 
     </span>
     <span class='ocr_line' id='line_1_36' title="bbox 63 3311 989 3396; baseline -0.006 -20"><span class='ocrx_word' id='word_1_249' title='bbox 63 3335 133 3377; x_wconf 89' lang='lat' dir='ltr'><strong>eum</strong></span> <span class='ocrx_word' id='word_1_250' title='bbox 155 3315 241 3376; x_wconf 87' lang='lat' dir='ltr'><strong>Deus</strong></span> <span class='ocrx_word' id='word_1_251' title='bbox 279 3325 424 3396; x_wconf 88' lang='lat' dir='ltr'><strong>operetur</strong></span> <span class='ocrx_word' id='word_1_252' title='bbox 446 3316 550 3376; x_wconf 86' lang='lat' dir='ltr'><strong>omnia</strong></span> <span class='ocrx_word' id='word_1_253' title='bbox 583 3316 613 3376; x_wconf 90' lang='lat' dir='ltr'><strong>iu</strong></span> <span class='ocrx_word' id='word_1_254' title='bbox 637 3313 791 3376; x_wconf 85' lang='lat' dir='ltr'><strong>omnibus.</strong></span> <span class='ocrx_word' id='word_1_255' title='bbox 833 3311 989 3395; x_wconf 86' lang='lat' dir='ltr'><strong>Ignoratis</strong></span> 
     </span>
     <span class='ocr_line' id='line_1_37' title="bbox 64 3397 989 3479; baseline -0.005 -19"><span class='ocrx_word' id='word_1_256' title='bbox 64 3417 139 3462; x_wconf 84' lang='lat' dir='ltr'><strong>vero</strong></span> <span class='ocrx_word' id='word_1_257' title='bbox 162 3397 307 3479; x_wconf 90' lang='lat' dir='ltr'><strong>operibus</strong></span> <span class='ocrx_word' id='word_1_258' title='bbox 329 3405 360 3459; x_wconf 93' lang='lat' dir='ltr'><strong>et</strong></span> <span class='ocrx_word' id='word_1_259' title='bbox 382 3399 521 3478; x_wconf 87' lang='lat' dir='ltr'><strong>potentis</strong></span> <span class='ocrx_word' id='word_1_260' title='bbox 543 3397 600 3459; x_wconf 89' lang='lat' dir='ltr'><strong>Dei</strong></span> <span class='ocrx_word' id='word_1_261' title='bbox 623 3398 722 3459; x_wconf 89' lang='lat' dir='ltr'><strong>Deum</strong></span> <span class='ocrx_word' id='word_1_262' title='bbox 743 3399 842 3477; x_wconf 90' lang='lat' dir='ltr'><strong>ipsum</strong></span> <span class='ocrx_word' id='word_1_263' title='bbox 866 3397 989 3476; x_wconf 85' lang='lat' dir='ltr'><strong>ignoro,</strong></span> 
     </span>
     <span class='ocr_line' id='line_1_38' title="bbox 62 3478 990 3564; baseline -0.006 -22"><span class='ocrx_word' id='word_1_264' title='bbox 62 3483 207 3564; x_wconf 85' lang='lat' dir='ltr'><strong>ignorato</strong></span> <span class='ocrx_word' id='word_1_265' title='bbox 226 3481 298 3555; x_wconf 85' lang='lat' dir='ltr'><strong>Deo</strong></span> <span class='ocrx_word' id='word_1_266' title='bbox 321 3480 433 3559; x_wconf 88' lang='lat' dir='ltr'><strong>eolere,</strong></span> <span class='ocrx_word' id='word_1_267' title='bbox 456 3479 591 3559; x_wconf 87' lang='lat' dir='ltr'><strong>laudere,</strong></span> <span class='ocrx_word' id='word_1_268' title='bbox 614 3483 727 3561; x_wconf 87' lang='lat' dir='ltr'><strong>gratias</strong></span> <span class='ocrx_word' id='word_1_269' title='bbox 746 3498 850 3560; x_wconf 87' lang='lat' dir='ltr'><strong>agere,</strong></span> <span class='ocrx_word' id='word_1_270' title='bbox 872 3478 990 3538; x_wconf 85' lang='lat' dir='ltr'><strong>servire</strong></span> 
     </span>
     <span class='ocr_line' id='line_1_39' title="bbox 64 3561 989 3645; baseline -0.008 -18"><span class='ocrx_word' id='word_1_271' title='bbox 64 3564 130 3627; x_wconf 87' lang='lat' dir='ltr'><strong>Deo</strong></span> <span class='ocrx_word' id='word_1_272' title='bbox 153 3583 218 3626; x_wconf 91' lang='lat' dir='ltr'><strong>non</strong></span> <span class='ocrx_word' id='word_1_273' title='bbox 240 3583 377 3645; x_wconf 86' lang='lat' dir='ltr'><strong>possum,</strong></span> <span class='ocrx_word' id='word_1_274' title='bbox 400 3563 470 3624; x_wconf 91' lang='lat' dir='ltr'><strong>dum</strong></span> <span class='ocrx_word' id='word_1_275' title='bbox 492 3565 597 3625; x_wconf 91' lang='lat' dir='ltr'><strong>neseio</strong></span> <span class='ocrx_word' id='word_1_276' title='bbox 656 3569 802 3643; x_wconf 86' lang='lat' dir='ltr'><strong>quantum</strong></span> <span class='ocrx_word' id='word_1_277' title='bbox 838 3561 911 3621; x_wconf 88' lang='lat' dir='ltr'><strong>mibi</strong></span> <span class='ocrx_word' id='word_1_278' title='bbox 939 3561 989 3620; x_wconf 93' lang='lat' dir='ltr'><strong>tri-</strong></span> 
     </span>
     <span class='ocr_line' id='line_1_40' title="bbox 65 3609 990 3728; baseline -0.008 -18"><span class='ocrx_word' id='word_1_279' title='bbox 65 3647 168 3727; x_wconf 88' lang='lat' dir='ltr'><strong>buere,</strong></span> <span class='ocrx_word' id='word_1_280' title='bbox 190 3655 338 3728; x_wconf 89' lang='lat' dir='ltr'><strong>quantum</strong></span> <span class='ocrx_word' id='word_1_281' title='bbox 361 3647 429 3708; x_wconf 89' lang='lat' dir='ltr'><strong>Deo</strong></span> <span class='ocrx_word' id='word_1_282' title='bbox 453 3646 561 3708; x_wconf 87' lang='lat' dir='ltr'><strong>debeo.</strong></span> <span class='ocrx_word' id='word_1_283' title='bbox 604 3609 734 3727; x_wconf 63' lang='lat' dir='ltr'><strong>dportet</strong></span> <span class='ocrx_word' id='word_1_284' title='bbox 766 3645 859 3726; x_wconf 84' lang='lat' dir='ltr'><strong>igitur</strong></span> <span class='ocrx_word' id='word_1_285' title='bbox 886 3645 990 3705; x_wconf 86' lang='lat' dir='ltr'><strong>eertis·</strong></span> 
     </span>
     <span class='ocr_line' id='line_1_41' title="bbox 65 3727 991 3793; baseline -0.003 -2"><span class='ocrx_word' id='word_1_286' title='bbox 65 3731 174 3793; x_wconf 84' lang='lat' dir='ltr'><strong>simam</strong></span> <span class='ocrx_word' id='word_1_287' title='bbox 206 3728 436 3792; x_wconf 78' lang='lat' dir='ltr'><strong>distinctionem</strong></span> <span class='ocrx_word' id='word_1_288' title='bbox 459 3729 574 3792; x_wconf 90' lang='lat' dir='ltr'><strong>habere</strong></span> <span class='ocrx_word' id='word_1_289' title='bbox 605 3730 684 3791; x_wconf 91' lang='lat' dir='ltr'><strong>inter</strong></span> <span class='ocrx_word' id='word_1_290' title='bbox 713 3729 852 3789; x_wconf 88' lang='lat' dir='ltr'><strong>virtutem</strong></span> <span class='ocrx_word' id='word_1_291' title='bbox 876 3727 932 3788; x_wconf 88' lang='lat' dir='ltr'><strong>Dei</strong></span> <span class='ocrx_word' id='word_1_292' title='bbox 960 3730 991 3788; x_wconf 91' lang='lat' dir='ltr'><strong>et</strong></span> 
     </span>
    </p>
   </div>
   <div class='ocr_carea' id='block_1_4' title="bbox 728 3841 778 3915">
    <p class='ocr_par' dir='ltr' id='par_1_5' title="bbox 728 3841 778 3915">
     <span class='ocr_line' id='line_1_42' title="bbox 728 3841 778 3915; baseline 0 -36"><span class='ocrx_word' id='word_1_293' title='bbox 728 3841 778 3915; x_wconf 64' lang='grc'><strong>9*</strong></span> 
     </span>
    </p>
   </div>
   <div class='ocr_carea' id='block_1_5' title="bbox 0 0 1189 4162">
    <p class='ocr_par' dir='ltr' id='par_1_6' title="bbox 0 0 1189 4162">
     <span class='ocr_line' id='line_1_43' title="bbox 0 0 1189 4162; baseline 0 0"><span class='ocrx_word' id='word_1_294' title='bbox 0 0 1189 4162; x_wconf 95' lang='lat' dir='ltr'><strong> </strong></span> 
     </span>
    </p>
   </div>
  </div>
 </body>
</html>
