2348 4162
132 239 196 309 426
330 242 535 301 Oeneiuuoulao
552 243 690 315 quaedam
707 244 742 300 D.
760 244 797 301 tl.
815 244 846 302 L.

131 412 228 469 totum
250 408 420 488 populum?
443 407 521 485 Quid
542 408 776 485 Themistooles,
798 409 908 471 Oioero
931 412 963 470 et
976 407 1045 469 alii?

128 489 208 566 Quid
229 497 336 554 nostro
360 492 463 555 seoulo
486 492 571 553 multi
595 493 769 572 principes?
792 499 852 560 eto.

211 573 358 650 Quartum
381 582 428 637 est
449 575 617 656 perieulum
640 576 727 655 legis.
769 576 849 638 Nam
866 576 917 638 isti
935 574 1048 655 leprosi

127 663 198 718 suut
219 658 347 737 seducti,
367 659 450 720 haud
470 658 561 720 dubie
583 679 601 720 a
631 658 851 725 saeerdotibus.
895 657 975 720 Nam
988 676 1045 719 oer·

128 746 191 801 turn
215 747 261 802 est
283 742 606 820 eosfidemhabuisee‚
630 741 703 804 dum
724 742 955 819 mundarentur,
976 741 1048 821 alio,-

128 826 263 904 quinon
297 826 424 888 fuissent
456 824 606 888 mundati.
648 826 743 908 Igitur
772 826 824 887 lex
846 832 877 887 et
899 825 1049 887 sacrificia

127 913 158 968 et
180 928 290 988 opera,
321 909 382 973 illis
403 909 483 971 falso
504 909 698 990 praedicata,
729 909 955 984 subvertunt¹)
985 927 1049 987 eos,

126 996 168 1070 ut,
191 992 377 1056 amissaflde
398 995 429 1054 in
452 992 577 1055 verbum
596 992 718 1072 Christi,
740 1012 822 1055 nuno
836 991 967 1054 eredunt
987 992 1048 1053 suis

17 1076 23 1085 ’
127 1075 284 1136 saorifioiis
320 1083 351 1137 et
383 1077 498 1138 meritis
529 1078 722 1157 impetratam
757 1076 1047 1138 munditioatiouem.

125 1158 194 1219 Huo
215 1160 295 1220 enim
318 1160 409 1221 iaoile
430 1161 486 1220 fuit
507 1160 688 1239 detorquere
716 1160 806 1220 istum
828 1178 940 1221 vooem
964 1158 1047 1221 chrr-

22 1260 33 1281 =
126 1242 178 1301 sti:
222 1242 280 1321 Ite,
316 1243 469 1304 ostendite
506 1263 562 1305 vos
595 1242 814 1305 saeerdotibus.
857 1243 928 1305 Hoo
949 1248 1047 1317 sonat,

125 1326 212 1402 quasi
234 1326 300 1385 siue
322 1327 489 1405 saorifloio,
512 1326 679 1387 seeundum
703 1327 801 1405 legem
824 1326 905 1388 Mosi
927 1345 984 1405 pro
1006 1325 1046 1386 le·

125 1408 225 1488 prosis
248 1409 416 1487 offerendo,
438 1429 500 1471 nou
522 1411 678 1490 potuerint
699 1409 857 1489 mundari,
886 1408 959 1470 ideo
982 1428 1045 1488 per·

124 1489 291 1553 suadentur
311 1494 418 1573 fusile,
450 1493 532 1573 quod
557 1493 733 1569 obedientia
754 1493 841 1573 legis,
864 1510 927 1553 nou
952 1492 1047 1571 gratio

124 1573 238 1647 Christi
268 1576 405 1638 mundati
429 1579 499 1655 sint,
522 1596 590 1637 oum
614 1576 751 1638 Christus
773 1576 834 1637 hoo
854 1575 1000 1653 voluerit,
1017 1579 1047 1635 ut

125 1679 213 1720 suum
236 1659 417 1722 beneficium
441 1659 581 1736 donaret,
605 1662 671 1720 sine
692 1661 810 1721 iactura
833 1659 985 1740 proximi,
1017 1656 1045 1718 id

124 1747 180 1819 est,
203 1743 268 1803 sine
290 1743 402 1806 damno
424 1743 636 1821 sacerdotum,
674 1742 783 1822 quibus
805 1762 846 1803 ex
866 1742 938 1822 lege
957 1740 1045 1802 debo-

122 1824 212 1887 batur
244 1826 425 1889 saorifleiuur
454 1846 510 1908 pro
539 1827 680 1907 leprosis.
724 1826 793 1887 Hoo
812 1826 871 1905 ipsi
893 1830 1044 1903 torquent,

123 1911 210 1989 quasi
246 1910 401 1972 tribuisset
435 1908 590 1972 sacrifieiis
629 1911 770 1971 virtutem
802 1908 971 1970 mundandi
1005 1908 1044 1969 le·

147 2011 245 2056 rosus.

125 2011 145 2073 p
207 2074 258 2137 flio
279 2075 371 2138 hodie
395 2082 426 2138 et
447 2095 570 2157 semper
590 2076 624 2137 fit
646 2078 676 2137 in
700 2075 796 2136 abusu
820 2074 909 2155 legis.
953 2074 985 2136 Si
1007 2073 1043 2135 te

123 2177 194 2238 gero
217 2159 335 2239 exigas,
357 2165 480 2239 putatur
501 2160 554 2220 lex
574 2160 754 2237 iustificare,
778 2178 846 2218 oum
869 2158 923 2219 lex
945 2158 1043 2237 exiga-

124 2249 173 2302 tur
195 2247 312 2302 tanturn
336 2242 374 2303 ad
397 2244 605 2305 testimonium
630 2240 830 2325 (utOhristu's
853 2239 944 2323 dioit)
959 2257 1044 2319 super

124 2325 216 2402 ipsis,
251 2344 313 2386 uon
348 2325 386 2386 ad
408 2326 655 2387 iustificatiouem
679 2346 732 2386 seu
754 2322 1042 2386 mundificationem.

123 2409 206 2488 Ergo
230 2409 490 2487 periculosissima
513 2416 559 2470 est
582 2410 723 2472 doctrina
743 2409 831 2489 legis,
854 2409 880 2467 si
903 2411 1045 2468 traetetur

123 2490 162 2551 ab
184 2492 326 2573 imperito
359 2498 389 2553 et
422 2494 540 2571 gratiae
561 2494 670 2574 ignaro
692 2493 850 2572 magistro.
895 2491 977 2567 Quia
998 2508 1043 2549 ne

123 2593 211 2635 oense
233 2582 280 2634 est
304 2594 373 2636 eum
397 2575 530 2637 tribuere
551 2578 715 2650 iustitiam,
736 2575 898 2643 virtutem,
921 2573 1044 2655 gloriam

123 2657 267 2736 operibus
290 2658 378 2738 legis,
400 2661 487 2739 quasi
511 2666 637 2740 propter
661 2679 728 2720 eam
751 2659 864 2719 saetam
875 2657 963 2718 Deus
986 2675 1043 2717 om·

122 2742 174 2801 uia
196 2740 248 2801 det
271 2742 413 2818 etfnoiat,
437 2761 505 2803 oum
529 2750 637 2804 contro
649 2743 734 2803 Deus
755 2742 821 2801 sino
842 2740 913 2821 lege
935 2747 967 2801 et
978 2758 1043 2819 ope

122 2824 205 2885 ribus
228 2821 331 2884 omnia
355 2824 405 2885 det
417 2833 447 2887 et
457 2826 559 2904 iaoiat,
581 2832 613 2886 et
633 2834 697 2886 tum
709 2825 814 2905 exigat
830 2825 923 2884 etiam
948 2823 1043 2903 legem

122 2927 178 2987 pro
201 2909 378 2968 testimonio
402 2915 432 2969 et
453 2909 619 2989 gratiarum
641 2909 773 2984 actione,
795 2925 858 2969 uon
882 2926 939 2987 pro
964 2904 1043 2967 meri-

122 2991 160 3050 tis
183 2999 236 3049 aut
257 2990 483 3055 iustificatione.
527 2991 616 3052 Hune
637 2992 739 3052 looum
763 2990 809 3072 (ut
830 2986 1044 3071 prinoipalem)

122 3071 235 3134 Paulus
248 3079 368 3152 tractat,
386 3082 417 3136 et
439 3081 486 3136 est
507 3076 647 3156 amplior,
670 3093 760 3155 quam
784 3078 817 3134 ut
830 3093 892 3136 uno
906 3088 1044 3135 sermone

124 3157 225 3236 possit
247 3156 360 3220 dooeri.

154 3322 364 3384 Dominioa
386 3323 456 3385 xlx
477 3330 567 3405 post
587 3323 811 3386 Trinitatis.
854 3319 964 3383 Mutth.
987 3322 1015 3385 9.

206 3488 245 3549 Et
266 3487 436 3550 ascendens
458 3488 543 3549 lesus
571 3490 602 3548 in
637 3486 809 3549 naviculam
844 3484 1046 3547 transfretavit

123 3657 517 3668 ...ψ-*-

196 3756 224 3823 1)
244 3756 275 3811 Iu
292 3754 337 3812 ed.
356 3754 440 3826 orige
459 3752 661 3811 subverterunt.
