2348 4162
512 242 548 302 A.
568 245 646 305 ibid
980 242 1040 310 533

188 415 356 486 ,Eusebius
388 416 595 479 Caesariensis
630 417 820 498 Episcopus,
857 416 1042 479 admirabilis

122 500 167 560 vir
192 501 255 574 (sio
284 496 533 580 §.Hieronymus
556 517 624 560 eum
648 499 814 582 honorat),
836 501 990 582 praefatur
1011 501 1041 560 in

121 581 207 644 libris
240 582 470 646 eooiesiastioae
492 583 652 659 historiae
684 583 873 664 (verecunde
898 584 1042 644 innusaus

124 672 356 727 autecessorum
390 666 543 746 ignaviam
580 666 630 727 vel
668 672 837 746 temporum
870 667 1043 746 iniuriam),

121 766 192 808 sese
216 749 285 828 aogi
309 750 375 809 siue
397 750 534 831 vestigiis
556 768 670 810 novum
688 751 748 808 iter
770 749 904 828 ingredi,
939 757 970 810 st
992 749 1043 810 vix

121 849 206 892 raras
228 831 333 894 stellas
355 831 484 911 habere,
507 851 583 912 quas
605 838 766 910 sequatur,
787 832 817 891 in
841 838 926 893 tauto
950 850 1043 911 opere

106 913 295 977 ··aaribeudo.
340 913 430 989 Quod
463 917 488 975 si
508 915 562 976 iiio
585 921 740 994 temporo,
776 916 871 977 veteri
893 915 1044 976 ecelesiae

123 998 277 1077 proximo,
299 996 347 1059 vei
371 997 428 1058 sub
450 999 544 1059 veteri
566 997 697 1059 enaiasia
720 1003 859 1058 aurreute
882 997 960 1058 adeo
973 1003 1044 1058 suut

123 1079 284 1160 uegieatae
321 1099 369 1139 res
392 1081 620 1143 aeclesiasticas
653 1080 691 1142 ab
712 1080 772 1140 iilis
797 1081 869 1141 viris
893 1079 990 1162 (quoe
1013 1086 1043 1140 at

122 1163 232 1243 spiritu
254 1168 285 1222 et
306 1161 406 1224 studio
431 1163 520 1225 uobis
532 1165 664 1243 posteris
676 1164 770 1243 longe
792 1170 822 1224 et
834 1163 946 1224 merito.
959 1180 1044 1243 pras·

122 1243 264 1328 ierimus)
288 1245 336 1304 vsi
364 1265 418 1325 per
445 1247 634 1325 iniquitatem
658 1247 803 1324 temporis
825 1245 979 1327 perditae,
1013 1252 1046 1306 ut
1119 1300 1120 1304 ,

125 1328 239 1389 nullam
262 1333 333 1408 post
352 1347 386 1388 se
397 1328 574 1408 reliquerint
595 1329 764 1407 historiam,
787 1334 965 1408 quaetauto
978 1328 1044 1389 viro

124 1411 289 1491 dignave!
312 1411 385 1471 satis
409 1431 477 1471 essa
498 1410 665 1472 videretur:
700 1417 815 1491 quanto
845 1417 968 1491 oportet
987 1429 1045 1472 uos

125 1494 272 1572 aequiore
294 1495 397 1554 animo
421 1493 499 1554 ferre
525 1501 699 1557 nostrorum
730 1500 960 1555 autecessorum
995 1511 1045 1554 ue·

125 1576 323 1660 gligeutiam,
337 1578 397 1655 vqui
427 1584 498 1656 post
518 1577 588 1637 iilos
610 1576 714 1637 seauio
739 1576 833 1636 multo
857 1577 1046 1656 corruptiore

124 1666 156 1723 et
177 1664 257 1721 statu
279 1677 378 1720 rerum
402 1659 568 1721 turbatiore
588 1661 739 1738 vixerunt,
761 1658 873 1719 deinde
893 1666 925 1720 et
945 1657 1045 1720 studio

124 1748 156 1804 et
177 1742 284 1822 spiritu
306 1741 436 1805 tortasse
459 1742 539 1805 haud
563 1743 686 1822 paulum
707 1742 859 1820 inferiore,
881 1748 915 1803 ut
937 1749 967 1803 et
988 1759 1046 1802 nos

126 1826 179 1885 vix
215 1823 317 1884 lanera
348 1824 498 1903 quaedam
529 1825 721 1886 historiarum
755 1824 926 1904 fragmenta
946 1825 1047 1886 verius

127 1926 221 1988 quam
244 1906 388 1968 historias
408 1906 586 1969 habeamus.

134 2031 138 2038 -
211 1988 272 2052 Sed
301 1989 392 2050 uredo
416 1989 516 2052 Deum
549 1991 790 2070 omnipotentem
822 1987 873 2072 (ut
894 1988 971 2050 fides
992 2008 1048 2049 uo·

130 2080 194 2134 stru
230 2070 422 2151 confitetur),
458 2075 525 2138 sine
556 2074 640 2135 auius
674 2073 802 2135 oonsilio
835 2079 866 2134 et
893 2079 966 2135 nutu
989 2071 1049 2133 hoo

130 2154 227 2238 (siout
248 2156 352 2217 omnia
373 2154 450 2234 alia)
476 2156 539 2217 fieri
552 2174 614 2218 uou
628 2157 736 2235 potuit.
779 2160 826 2217 Au
839 2174 914 2216 vero
936 2155 1048 2216 fautum

129 2238 159 2303 id
196 2239 236 2299 sit
270 2237 400 2299 oonsilio
436 2238 562 2300 furentis
597 2239 646 2299 vel
678 2239 1049 2315 miserentismaiestatis,

129 2340 230 2382 meum
253 2340 314 2382 nou
337 2321 377 2379 sit
398 2320 542 2385 iudicare.
585 2322 756 2382 Miserentis
770 2321 902 2393 maliem,
923 2319 1050 2380 furentis

131 2404 281 2484 suspicor.
325 2403 552 2464 Misericordiae
574 2403 631 2463 suit
654 2402 737 2478 oiim,
760 2401 1051 2482 quodludaeisMo·

129 2506 185 2547 seu
209 2487 252 2546 ita
274 2484 450 2566 abscondit,
487 2493 519 2546 ut
550 2486 651 2564 aplius
674 2485 767 2547 homo
790 2486 856 2545 eius
877 2484 1049 2564 sepulerum

119 2569 280 2630 ¹iurauerit
299 2585 448 2646 unquam,
477 2587 516 2629 ue
538 2568 683 2647 templum
707 2574 738 2627 et
758 2568 855 2629 attare
874 2567 1052 2646 uultumque

129 2653 160 2713 iu
184 2651 254 2712 iouo
277 2650 329 2710 ilio
353 2669 428 2729 gens
450 2650 644 2713 idololatriae
663 2649 913 2730 dedita-erigeret
935 2656 967 2711 at
988 2657 1052 2711 tau·

129 2734 201 2795 dem
223 2734 331 2797 Mosen
353 2752 409 2813 pro
432 2733 501 2800 Deo
524 2734 653 2795 coleret:
676 2734 746 2794 lieet
773 2734 832 2795 hae
853 2732 978 2794 salutari
1000 2733 1053 2794 mi·

132 2815 301 2877 seridordia
318 2833 441 2895 'parum
471 2823 645 2897 promotum
667 2818 721 2894 sit,
754 2816 825 2877 dum
859 2816 929 2878 loeo
964 2817 1053 2876 uuius

132 2900 229 2961 Mosis
252 2906 297 2960 tot
329 2898 414 2959 idola
442 2899 637 2961 nihilominus
660 2900 831 2961 invenerint
852 2899 936 2979 impii
958 2898 1053 2959 homi-

134 3001 208 3058 nes,
221 2982 307 3060 'quot
328 2981 440 3055 eolles,
465 2982 603 3050 arborea·
622 2982 733 3061 fontes,
756 2983 875 3062 plateas
897 2980 1054 3042 haberent.

131 3063 179 3126 Ita
201 3071 305 3145 potest
326 3062 537 3127 miserioordia
558 3063 667 3144 videri,
695 3064 777 3143 quod
801 3065 957 3125 historiam
981 3064 1057 3124 mul·

133 3156 233 3209 torum
256 3154 375 3228 patrum
398 3149 508 3211 veteris
531 3148 682 3209 eeclesias
703 3148 786 3208 Deus
810 3147 941 3208 voluerit
962 3149 1054 3207 inter-

135 3229 255 3308 uidere,
293 3231 392 3290 itaut
426 3249 485 3291 neo
512 3231 648 3311 ipsorum
672 3230 882 3312 apostolorum
907 3227 1055 3311 (excepto

133 3312 214 3375 libro
236 3311 402 3396 dotorum)
425 3332 474 3374 ras
497 3320 600 3394 gestas
623 3313 712 3375 uilius
735 3314 879 3375 historiae
902 3320 986 3388 serta
1006 3332 1057 3375 ve·

132 3397 223 3457 ritate
247 3396 386 3476 cognitas
402 3396 580 3473 habeamus,
600 3416 639 3457 ne
651 3398 768 3458 scilieet
781 3396 901 3458 Christo
914 3396 1056 3475 neglecto

134 3477 374 3559 magnitudinem
399 3479 579 3540 Sanotorum
602 3480 691 3539 nimis
714 3479 934 3540 admiraremur
956 3485 986 3540 et
1006 3478 1056 3539 ad·

89 3562 91 3567 ’
134 3579 302 3629 oraremus,
346 3561 529 3642 Quanquam
552 3581 610 3623 neo
633 3581 670 3623 eo
686 3563 816 3624 oonsilio
833 3562 997 3642 quidquam
1011 3568 1058 3623 est

109 3646 315 3725 pressatum,
338 3663 407 3707 oum
431 3654 540 3707 satana
558 3645 711 3708 diversum
734 3645 884 3707 suadente
905 3650 952 3707 tot
962 3644 1056 3707 Saua-

134 3735 236 3791 torum
265 3728 364 3790 uultus
386 3729 613 3809 invenerimus,
645 3736 682 3791 ut.
715 3729 839 3792 taudem
865 3733 898 3793 at
918 3727 1058 3793 oouflatis
