2348 4162
310 268 313 273 ’
339 261 376 318 ad
394 262 428 319 D.
445 263 589 319 Erasmum
606 261 832 333 Roterodarnurn.
986 261 1049 331 279

123 433 260 514 capiaris
281 432 386 499 verbo.
410 434 494 495 .Nos
522 433 715 515 tropologias
748 433 810 495 hoo
843 435 915 497 loco
948 434 1048 496 nullas

122 517 282 597 videmus,
315 535 391 597 quas
414 517 543 578 diatribe
573 517 628 579 sibi
660 518 810 594 somniat,
848 537 906 580 nec
926 519 1047 600 prohat,

122 600 198 662 ideo
220 600 295 661 nihil
317 603 442 682 mirum,
476 602 501 660 si
529 600 572 661 illi
606 619 668 661 non
700 607 818 681 pugnet
838 602 1047 663 testimoninm

123 683 299 745 Malachiae
319 685 350 745 in
373 704 464 746 sensu
487 684 694 764 tropologico,
715 685 765 762 qni
787 684 854 764 ipse
870 684 971 745 nullus
991 691 1048 749 est.

123 766 247 828 Deinde
268 786 326 828 nos
348 786 411 828 non
436 768 473 828 de
496 768 653 831 excisione
676 774 707 828 et
723 768 891 829 insertione
913 767 1048 849 disputa·

125 869 216 930 mne,
253 849 291 911 de
314 850 421 930 quibus
444 850 556 911 Paulus
579 851 729 930 loquitur,
762 850 834 910 dum
857 850 1047 914 exhortatur.

124 932 247 995 Scimus
277 932 339 994 lide
368 935 477 1014 inseri,
512 933 693 994 infidelitate
725 933 864 994 exscindi
897 934 1048 1014 homines,
1142 946 1145 951 “

124 1032 244 1096 eoaque
266 1017 476 1078 exhortandos
498 1036 582 1094 esse,
604 1024 637 1077 nt
661 1016 802 1095 credant,
836 1037 875 1078 ne
903 1017 1047 1079 excidan-

124 1105 183 1167 tur.
227 1097 288 1160 sed
310 1100 383 1160 hinc
404 1119 466 1161 non
489 1102 639 1180 sequitur,
668 1118 769 1180 neque
795 1100 959 1181 probatur,
992 1118 1046 1162 eoa

123 1201 220 1263 posse
242 1183 367 1244 credere
402 1190 454 1246 aut
481 1183 653 1244 discredere
680 1185 710 1243 vi
732 1183 819 1244 liberi
840 1183 971 1264 arbitrii,
1009 1182 1048 1244 da

124 1283 186 1345 qno
209 1283 268 1327 nos
290 1265 421 1348 agimus.
460 1267 530 1328 Non
554 1267 753 1347 disputamus,
777 1268 827 1346 qui
850 1265 959 1344 sunt1)
984 1285 1047 1328 cre-

124 1349 245 1428 dentes,
266 1350 317 1428 qui
338 1369 411 1430 non,
435 1349 624 1429 qni-Iudaei,
647 1352 698 1429 qni
711 1356 830 1430 gentes,
854 1350 925 1429 quid
940 1369 1047 1431 sequa·

123 1436 173 1492 td'r
193 1432 355 1493 credentes
377 1439 408 1494 et
429 1432 653 1510 discredentes,
676 1432 736 1493 hoc
757 1433 796 1492 ad
819 1432 1046 1495 exhortatorem
1129 1446 1132 1451 “

123 1515 264 1596 pertinet.
308 1513 369 1578 Sed
402 1516 462 1578 hoo
493 1515 699 1596 disputamus,
734 1534 795 1596 quo
824 1518 951 1595 merito,
985 1534 1046 1596 quo

123 1617 219 1678 opere
241 1600 422 1680 perveniant
444 1598 483 1660 ad
505 1598 611 1677 fldem,
640 1616 701 1678 qua
721 1600 910 1677 inseruntur,
933 1604 986 1660 ant
1008 1598 1047 1661 ad

122 1680 354 1759 infidelitatem,
387 1701 448 1761 qua
480 1681 672 1755 exciduntur.
716 1682 784 1742 Hoc
812 1681 851 1742 ad
879 1682 1047 1743 Doctorem

122 1766 268 1846 pertinet,
290 1765 351 1826 hoc
372 1767 511 1826 meritum
533 1766 621 1828 nobis
644 1764 793 1827 describe.
816 1764 927 1825 Paulus
946 1765 1048 1845 docet,

122 1847 207 1928 quod
231 1848 314 1908 nullo
337 1855 444 1909 nostro
468 1868 578 1930 opere,
612 1848 665 1909 sed
688 1848 756 1908 solo
784 1867 891 1909 amore
921 1856 951 1908 et
974 1848 1047 1910 odio

122 1929 184 1993 Dei
213 1933 391 2013 contingat3
424 1931 474 1991 ubi
503 1951 576 1992 vero
606 1933 782 2011 contigerit,
816 1930 995 1992 exhortatur
1014 1936 1049 1992 nt

123 2023 338 2096 perseverent,
371 2034 410 2075 ne
441 2015 668 2078 exscindantur.
713 2015 754 2075 At
778 2013 954 2098 hortatio²)
983 2033 1047 2076 non

122 2097 252 2178 probat,
287 2096 360 2178 qnid
393 2116 451 2159 nos
478 2099 650 2179 po'ssimus,
685 2098 740 2158 sed
770 2098 841 2178 quid
869 2098 1048 2162 debeamus.

123 2180 230 2261 Cogor
253 2198 312 2261 ego
347 2200 446 2262 paene
474 2180 610 2261 pluribus
644 2180 746 2242 verbis
774 2181 982 2242 adversarium
1004 2187 1047 2242 te-

123 2276 214 2342 nere‘,
248 2283 288 2323 ne
314 2264 375 2324 alio
399 2273 527 2344 vagetur
548 2264 669 2325 deserta
691 2283 800 2344 causa,
833 2284 924 2344 quam
947 2266 1047 2345 ipsam

123 2365 251 2409 causam
274 2353 413 2426 tractare,
437 2366 612 2427 quanquam
635 2348 769 2409 tenuisse
791 2366 860 2408 eum
883 2348 913 2407 in
936 2365 1047 2428 propo·

122 2432 183 2491 aito
205 2431 317 2492 vicisse
340 2437 400 2510 est,
433 2438 495 2490 tarn
518 2430 601 2490 clara
630 2438 659 2490 et
694 2431 808 2491 invicta
844 2435 915 2490 sunt
943 2429 1047 2508 verba,
1133 2486 1136 2492 .

122 2513 259 2592 ideoque
287 2514 361 2574 nihil
390 2514 455 2574 fere
476 2514 554 2593 agit,
589 2532 680 2592 quam
709 2518 742 2572 ut
773 2532 810 2573 ea
832 2511 985 2589 declinet,
1017 2518 1048 2574 et
1138 2570 1142 2577 .

123 2615 193 2657 sese
217 2615 235 2656 e
257 2602 426 2677 conspectu
447 2597 607 2677 proripiat,
630 2595 775 2675 aliudque
792 2600 874 2677 agat,
897 2613 989 2674 quam
1003 2596 1047 2655 in·

122 2680 274 2741 stituerat.

178 2762 342 2823 ·Tertium
376 2762 479 2823 locum
513 2763 604 2823 sumit
637 2781 677 2822 ex
708 2759 869 2843 Esaiddt
904 2760 1046 2841 Nunqnid

122 2846 221 2907 lutum
255 2845 327 2905 dicit
347 2844 443 2926 figulo
473 2864 548 2923 suo,
581 2844 653 2925 quid
675 2845 774 2906 facis?
811 2851 841 2906 et
862 2844 969 2907 Ierem.
993 2846 1045 2910 18:

123 2929 211 2992 Sicut
232 2927 329 2989 lutum
351 2929 382 2988 in
407 2948 497 2988 manu
519 2928 621 3010 figuli,
650 2929 692 2988 ita
715 2947 771 2989 vos
800 2929 830 2987 in
854 2948 947 2989 mauu
968 2947 1046 2992 mea.

123 3016 235 3074 lterum
271 3011 349 3071 haec
384 3013 482 3092 magis
515 3030 654 3093 pugnare
686 3011 760 3071 dicit
797 3010 878 3092 apud
910 3011 1046 3092 Paulum,

122 3114 216 3177 qnam
239 3095 321 3175 apud
343 3095 527 3175 prophetas,
557 3094 639 3154 unde
661 3100 783 3175 sumpta
805 3102 891 3167 sunt,
923 3096 994 3174 quia
1015 3096 1046 3155 in

122 3178 283 3259 prophetis
314 3184 426 3238 sonant
459 3177 497 3238 de
525 3177 693 3238 afflictione
724 3177 900 3258 temporali,
934 3177 1046 3238 Paulus
1148 3256 1151 3261 Ι

123 3269 228 3323 autem
251 3262 346 3322 utitur
368 3260 406 3320 ad
430 3260 613 3322 electionem
633 3267 664 3321 et
681 3260 928 3340 reprobationem
951 3267 1047 3322 oeter-

123 3365 207 3425 nam,
230 3351 264 3404 ut
286 3344 412 3424 sugillet
430 3344 514 3404 Pauli
539 3344 742 3405 temeritatem
763 3343 811 3404 vel
834 3345 997 3407 inscitiam.

207 3426 268 3489 Sed
311 3435 475 3507 antequam
510 3428 687 3506 videamus,
731 3426 888 3506 quomodo
926 3426 1047 3507 probet,

195 3713 227 3783 1)
250 3713 282 3767 ln
300 3711 344 3769 ad.
364 3713 436 3768 Ion:
455 3712 519 3769 sint.
544 3713 580 3779 ’2)
592 3712 624 3767 In
643 3710 687 3768 ed.
709 3710 779 3770 1525
798 3716 827 3767 et
844 3709 889 3767 ed.
910 3709 981 3766 Ienr
999 3725 1046 3768 cx-

122 3781 255 3842 hortatio.
390 3792 408 3823 ·
1067 3827 1071 3833 .
