2348 4162
123 256 187 325 476
398 252 500 328 Capita
516 254 585 315 fidei
602 258 771 315 christianae

125 433 198 493 tiam
221 430 303 511 apud
325 429 434 494 Deum.
476 430 585 512 Neque
615 430 666 489 bic
697 429 737 490 de
759 429 898 508 cbristo,
934 438 986 492 aut
1010 431 1045 493 de

124 514 187 575 fido
216 513 389 594 quicquam.
434 514 534 575 Etiam
571 516 616 574 vis
654 513 860 574 absolutionis
893 515 1045 575 confitenti

125 617 190 659 uon
212 598 415 679 aperiebatur,
437 599 537 657 omnis
557 599 622 658 eius
644 597 819 657 consolatio
842 600 874 657 iu
892 618 1047 659 enumera-

125 683 210 741 tione
232 681 413 742 delictorum
436 700 474 740 ac
495 681 613 761 pudore
635 682 694 740 situ
716 688 791 743 erut.
824 681 928 741 Nemo
951 691 1046 742 autem

126 763 229 823 verbis
251 768 397 844 consequi
420 774 532 843 potest,
553 767 667 843 quauta
689 783 774 837 crux,
796 765 968 844 turpitudo,
990 766 1047 826 ido·

124 846 215 907 latria
252 868 293 908 ex
334 848 387 907 tali
425 848 622 907 confessione
654 850 919 925 promanaveriut.
963 848 1048 908 Satio

124 930 218 991 factio
242 931 388 991 latissime
410 938 504 1009 patet.
545 931 644 990 Nemo
666 931 746 989 enim
770 929 932 991 bominum
956 933 1049 1011 potuit

124 1015 220 1092 seire,
254 1022 401 1093 quantum
430 1014 555 1073 deberet
586 1014 689 1074 facere
719 1032 774 1092 pro
804 1015 897 1073 unico
930 1014 1047 1092 delicto,

124 1096 236 1156 nedum
259 1116 315 1177 pro
338 1097 490 1158 omuibus.
526 1094 637 1174 Itaque
658 1096 719 1156 hoo
741 1098 906 1157 consilium
930 1099 1047 1158 inreuc·

124 1187 209 1259 runt,
231 1187 264 1239 ut
284 1199 398 1259 paucas
421 1181 648 1240 satisfactiones
669 1181 879 1260 imponerent,
911 1200 991 1260 quae
1011 1181 1047 1241 fa·

124 1262 183 1322 cile
205 1271 348 1342 poteraut
369 1266 493 1343 servari,
517 1271 550 1321 ut
569 1270 640 1323 suut
661 1264 796 1341 quinque
819 1265 980 1325 orationes
999 1264 1046 1323 do

56 1418 59 1425 Ι
125 1347 266 1423 minicae,
289 1367 380 1406 unum
404 1346 483 1406 diem
505 1348 642 1406 ieiunare
668 1356 727 1406 etc.
760 1345 925 1425 Reliquam
949 1348 1046 1428 poeui-

126 1431 251 1488 teutiam
276 1430 455 1491 reiiciebaut
475 1429 515 1489 ad
538 1432 757 1508 purgatorium.
780 1429 949 1490 Hicetiam
972 1448 1046 1491 mera

126 1513 248 1571 miseria
272 1522 302 1572 et
324 1514 483 1574 calamitas
500 1514 564 1573 fuit.
589 1512 649 1572 Alii
672 1511 901 1572 arbitrabantur
921 1532 956 1573 se
978 1534 1045 1574 nun·

125 1596 217 1675 quam
242 1614 420 1675 egressuros
443 1616 460 1656 e
481 1597 675 1676 purgatorio,
707 1606 872 1674 propterea
902 1595 986 1675 quod
1006 1615 1045 1655 se·

125 1678 258 1738 cundum
290 1688 410 1740 veteres
433 1680 577 1741 (lacones
610 1698 701 1738 unum
731 1686 894 1758 peccatum
925 1679 1045 1739 mortale

124 1763 250 1840 requirit
291 1764 510 1843 poeniteutiam
552 1773 672 1841 septem
714 1780 876 1823 annorum.
944 1761 1045 1823 Adhuc

126 1854 228 1903 tamen
251 1847 353 1924 posita
374 1855 440 1906 erat
459 1846 572 1905 fiducia
600 1847 631 1904 in
662 1846 773 1904 uostris
796 1844 945 1924 operibus
967 1846 1044 1906 satis

126 1927 278 1993 factionis.
322 1930 371 2008 Et,
394 1931 418 1988 ai
443 1928 609 1989 satisfactio
632 1928 768 2007 perfecta
796 1946 866 1986 esse
890 1931 1043 2006 potuisset,

125 2017 190 2069 tota
223 2009 335 2071 fiducia
368 2031 493 2092 prorsus
522 2013 552 2071 in
582 2011 792 2070 satisfactione
823 2010 939 2072 collata
961 2024 1043 2088 esset

125 2093 205 2154 adeo
238 2102 271 2154 ut
299 2115 399 2174 neque
427 2095 503 2170 fide,
540 2112 639 2173 neque
661 2092 783 2154 Christo
818 2112 899 2173 opus
936 2095 1043 2155 fuisset.

126 2176 185 2237 Sed
210 2187 274 2237 erat
295 2177 501 2257 impossibilis.
545 2176 610 2237 Iam
644 2178 669 2236 si
701 2177 812 2254 aliquis
843 2197 900 2255 per
929 2186 1042 2238 centum

124 2279 223 2321 annos
246 2259 284 2321 ad
307 2262 388 2321 huno
411 2263 534 2322 modum
563 2262 676 2339 egisset
698 2260 941 2339 poeniteutiam,
977 2280 1042 2321 uun·

125 2363 216 2424 quam
240 2357 340 2405 tamen
364 2346 520 2417 scivisset,
552 2338 675 2422 quaudo
704 2342 869 2422 perfectam
896 2345 1043 2424 poeniteu-

127 2429 199 2487 tiam
223 2430 346 2506 egisset.
395 2428 463 2488 Hoo
485 2435 550 2487 erat
571 2445 693 2506 semper
714 2444 807 2505 agere
830 2429 1042 2504 poenitentiam

75 2564 79 2569 .
127 2519 155 2570 et
180 2531 334 2590 nunquam
359 2511 396 2571 ad
421 2513 640 2591 poeniteutiam
664 2511 775 2568 venire.
819 2508 867 2569 lbi
890 2511 1044 2570 subvenia-

126 2593 179 2654 bat
192 2594 333 2655 Romana
356 2596 439 2654 curia
463 2595 592 2653 miserae
616 2592 777 2667 ecclesiae,
800 2604 829 2649 et
853 2593 1044 2674 excogitabat

125 2677 345 2757 indulgentias,
381 2678 489 2757 quibus
511 2675 685 2735 remittebat
721 2684 752 2735 et
780 2673 930 2736 afferebat
963 2678 1043 2736 satis·

125 2761 291 2840 factiones,
316 2763 445 2842 primum
474 2759 694 2840 particulatim,
717 2777 772 2836 per
799 2777 900 2817 annos
923 2768 1042 2838 septem,

127 2852 248 2904 centum
273 2853 331 2907 etc.
361 2850 391 2905 et
424 2841 611 2922 partiebatur
632 2860 684 2901 eas
710 2843 789 2900 inter
811 2840 992 2902 cardinales
1021 2850 1044 2902 et

126 2929 307 3006 episcopos,
336 2936 369 2988 ut
391 2928 468 2987 alius
491 2932 612 2985 centum
636 2943 801 3002 annorum,
824 2924 904 2984 alius
927 2936 1043 2985 centum

127 3009 243 3069 dierum
277 3010 482 3091 indulgentias
515 3008 631 3067 donare
658 3015 772 3086 posset.
816 3006 927 3068 Totius
950 3018 1042 3069 autem

126 3093 345 3153 satisfactionis
380 3092 534 3154 tollendae
569 3098 754 3171 potestatem
784 3089 841 3149 sibi
864 3094 1043 3155 reservabat.

126 3174 213 3235 Haec
234 3196 282 3235 res
306 3196 374 3236 cum
406 3180 465 3236 iam
495 3185 653 3254 quaestum
683 3173 785 3233 facere
816 3175 989 3253 coepisset,
1021 3184 1044 3235 et

128 3258 277 3318 bullarum
300 3259 479 3320 nundinatio
509 3258 637 3317 feliciter
667 3256 861 3334 procederet,
897 3261 1044 3339 excogita·

127 3340 181 3402 but
203 3362 315 3403 annum
339 3362 479 3421 aureum,
513 3360 602 3419 quem
626 3339 745 3399 Romae
773 3357 842 3397 esse
875 3341 987 3416 voluit,
1021 3348 1043 3403 et

127 3428 176 3503 qui
201 3428 340 3486 remissio
374 3428 430 3486 fuit
465 3426 599 3485 omnium
630 3441 799 3501 poenarum
832 3432 863 3480 et
885 3424 1044 3503 culparum,

128 3527 165 3567 eo
188 3508 388 3570 accurrebant
410 3509 558 3570 homines.
603 3505 677 3580 Quis
706 3506 786 3564 enim
814 3507 1000 3585 gravissimo
1021 3516 1045 3568 et

126 3592 311 3651 intolerabili
334 3611 428 3654 onere
460 3590 692 3670 concupiisset
721 3587 852 3651 liberari.
900 3588 969 3651 Hoc
989 3598 1045 3653 erat

128 3673 289 3734 thesauros
323 3683 421 3736 terrae
450 3676 588 3736 iuvenire
630 3678 661 3731 et
692 3670 839 3733 exaltare.
904 3672 1044 3756 Pergebct

127 3764 230 3817 autem
254 3760 354 3818 statim
377 3780 474 3840 papa,
508 3762 540 3817 et
560 3756 673 3816 multos
700 3773 800 3815 anuos
822 3774 939 3817 aureos
960 3758 1042 3819 alium
