2348 4162
227 292 252 335 c.
262 292 335 350 pap.
355 284 383 337 st
401 285 473 350 port.
491 278 540 336 int.
561 284 650 336 const.
669 277 827 341 meranda.
916 274 980 345 457
1076 343 1079 349 ,

60 468 128 508 cum
151 449 361 530 scribendum3
395 451 420 510 si
443 470 504 510 nou
528 450 577 528 fit,
600 450 796 531 negliguntur
817 450 979 511 multorum

59 534 191 613 animae,
215 532 324 611 quibus
346 543 468 613 poterat
492 553 528 594 ea
550 553 644 614 opere
667 534 832 614 subveniri,
855 535 900 594 sin
924 530 980 596 mi·

59 635 126 695 nus,
149 623 273 694 praesto
296 624 342 676 est
365 616 503 677 diabolus
527 637 594 677 cum
616 618 782 677 innumeris
794 617 980 678 malevolen-

60 699 184 759 tissimis
206 698 332 779 linguis,
357 718 436 779 qnae
458 701 596 760 inficiunt
618 707 648 760 et
666 706 843 780 pervertunt
865 701 979 777 omnia,

59 801 181 860 nequa
204 783 390 861 percipiatur
416 784 487 844 inde
511 784 632 846 utititas.
675 784 883 844 Veruntamen
906 781 979 863 quid

58 865 134 925 lucri
157 867 278 945 iaciant,
302 885 363 926 nan
386 874 432 926 est
454 867 627 928 obscurum.
672 867 875 945 Posteaquam
899 867 980 926 enim

59 948 98 1008 de
119 948 209 1008 nobis
232 951 349 1009 mentiri
381 958 549 1030 coeperunt
571 959 600 1009 et
628 951 800 1010 voluntates
822 950 979 1010 huminum

59 1031 237 1092 mentiendo
266 1035 397 1092 retinere
427 1035 531 1093 conati
553 1041 641 1108 sunt,
675 1034 759 1093 Deus
792 1052 878 1093 suum
902 1052 980 1112 opus

57 1120 183 1175 strenue
203 1116 322 1195 peregit
344 1134 381 1175 ac
403 1116 484 1195 fecit,
508 1121 539 1177 ut
562 1117 600 1177 ab
621 1116 681 1177 iliis
696 1117 780 1176 multi
803 1116 981 1196 deficerent,

59 1196 149 1256 nobis
171 1217 245 1258 vero
269 1199 398 1258 subinde
421 1198 508 1260 fieret
529 1202 683 1276 accessio,
715 1206 746 1260 et
773 1208 806 1259 ut
836 1199 878 1259 ilii
901 1219 981 1259 sum·

58 1299 141 1341 mam
164 1301 203 1341 ex
215 1281 379 1342 mendaciis
394 1284 456 1342 suis
477 1285 651 1363 acciperent
663 1284 874 1362 ignominiam,
897 1281 980 1363 quod

57 1364 132 1424 facit
153 1364 252 1424 adhuc
273 1367 303 1424 in
328 1364 401 1426 dies.

142 1447 210 1508 Non
236 1466 360 1527 passum
398 1468 458 1509 nou
487 1449 645 1509 historiam
682 1448 835 1529 quandam
858 1449 979 1510 referre.

58 1531 127 1590 Fuit
150 1530 332 1612 Vitebergae
354 1532 472 1593 Ductor
494 1532 616 1611 quidam
640 1533 751 1591 missus
773 1531 833 1591 buc
856 1551 894 1591 ex
909 1531 982 1593 dal·

21 1656 24 1661 -
58 1614 117 1692 iiis,
140 1615 190 1694 qui
213 1632 317 1674 corum
340 1615 428 1674 nobis
450 1622 556 1694 aperte
579 1617 669 1693 dixit,
693 1635 796 1694 regem
819 1634 905 1674 suum
929 1614 980 1688 bas

59 1697 132 1757 bere
155 1698 433 1776 persuasissimum,
466 1698 580 1758 nullam
610 1717 679 1758 esse
701 1697 781 1777 opud
805 1717 862 1757 uos
885 1697 980 1757 eccle·

58 1781 146 1858 siam,
171 1798 232 1839 non
256 1780 483 1859 magistratum,
517 1801 577 1840 non
602 1782 793 1859 coniugium,
819 1780 872 1839 sed
896 1799 980 1840 exer·

57 1863 118 1922 ceri
151 1881 255 1941 ‘vagos
285 1862 464 1922 concubitus
500 1883 584 1924 mure
607 1864 773 1945 pecudum,
809 1870 840 1922 et
861 1882 981 1923 sumere
1008 1882 1012 1887 ·

57 1945 114 2005 sibi
137 1964 289 2023 quemque
312 1947 447 2006 omnium
470 1967 570 2006 rerum
591 1948 755 2010 licentiam.
801 1945 897 2023 Cedo,
919 1965 981 2026 qua

58 2028 159 2088 fronte
182 2046 239 2088 nos
262 2028 315 2088 ilio
339 2030 471 2089 dicante
494 2031 624 2091 tribunal
648 2031 758 2091 Christi
775 2025 979 2106 intuebuntur,

59 2112 111 2190 qui
134 2130 189 2190 per
211 2131 266 2170 sua
288 2114 401 2190 scripta
424 2114 487 2192 regi
511 2121 542 2174 et
563 2114 630 2173 aliis
643 2113 784 2194 gentibus
802 2112 978 2193 prodigiosa

57 2194 220 2254 mendacia
252 2213 307 2274 pro
332 2197 410 2254 veris
433 2196 610 2275 inculcant?
654 2198 810 2273 Christus,
843 2197 979 2256 omnium
1036 2197 1042 2207 '

56 2284 193 2338 nostrum
218 2276 358 2337 dominus
382 2286 412 2337 et
435 2279 527 2338 iudex
551 2282 701 2359 optimus,
733 2281 817 2339 testis
842 2285 888 2338 est
909 2277 979 2338 iilos

56 2357 178 2420 mentiri
207 2366 237 2419 ct
267 2380 335 2421 esse
358 2381 480 2440 semper
502 2365 656 2425 mentitos.
700 2363 773 2422 Eius
796 2362 978 2421 sententiam

56 2449 206 2523 cogentur
228 2443 347 2523 audire,
372 2443 401 2503 id
426 2454 509 2504 certo
533 2447 606 2508 scio.
652 2447 733 2506 Deus
758 2450 919 2504 convertat
940 2433 978 2504 ad
1053 2482 1057 2493 ·

56 2526 294 2607 poenitentiam,
317 2528 367 2605 qui
391 2529 527 2588 converti
551 2535 690 2609 possunt,
713 2535 832 2588 ceteros
855 2529 980 2588 manent
1033 2526 1036 2531 ’

59 2615 211 2690 perpetua
232 2617 262 2669 et
286 2609 350 2670 dira
373 2611 530 2690 supplicia.

59 2762 62 2767 ,
140 2693 251 2772 Atque,
274 2699 306 2751 ut
328 2693 366 2752 ad
388 2713 451 2753 rem
467 2695 599 2770 redeam,
622 2711 853 2775 cuperemsaue
874 2711 978 2752 verum

56 2774 226 2835 Concilium
250 2775 365 2848 videre,
389 2794 449 2854 qua
470 2778 570 2837 multis
584 2777 801 2838 controversiis
825 2783 855 2835 et
878 2774 979 2835 multis

56 2856 230 2919 bominibus
253 2858 479 2937 consuleretur,
510 2879 572 2920 non
596 2859 678 2939 quod
700 2879 758 2920 nos
780 2878 816 2919 eo
839 2858 978 2938 indigea-

56 2961 132 3005 mus.
175 2940 306 3001 Nostrae
342 2942 421 3000 enim
451 2943 602 3002 ecclesiae
637 2962 712 3023 puro
741 2942 834 3003 verbo
859 2940 916 3002 Dei
949 2946 980 3002 et

54 3043 128 3084 vero
164 3043 218 3083 usu
242 3031 501 3085 sacramentorum
540 3044 577 3085 ac
610 3027 744 3099 omnium
778 3024 918 3086 ordinum
949 3031 979 3085 et

55 3107 206 3167 bonorum
237 3125 363 3187 operum
388 3109 564 3189 cognitione
587 3110 721 3169 itasunt
744 3109 799 3168 Dei
822 3109 921 3187 gratia
942 3106 978 3167 il-

55 3189 222 3249 luminatae
257 3198 287 3248 et
312 3193 512 3264 constitutae,
551 3197 585 3252 ut
620 3198 725 3251 nostra
749 3210 842 3251 causa
863 3190 977 3252 nullam

55 3272 213 3353 Synodum
238 3272 463 3346 desideremus,
495 3280 526 3333 et
554 3277 583 3333 in
618 3295 655 3335 eu
678 3294 793 3356 genere
815 3273 977 3354 perfectius

31 3355 168 3436 aliquid
193 3355 230 3415 de
255 3355 381 3437 synodo
404 3358 493 3417 uobis
516 3377 576 3418 nun
601 3358 808 3436 polliceamur.
853 3355 913 3416 Sed
938 3357 978 3416 vi·

54 3437 162 3498 demus
184 3458 246 3499 non
270 3441 336 3501 sine
358 3441 540 3519 gravissimo
564 3442 656 3501 animi
680 3441 787 3501 doiore
809 3441 922 3520 passim
947 3439 978 3499 in

54 3520 250 3583 dioecesibus
273 3525 488 3604 episcoporum
512 3523 657 3604 plurimas
679 3523 841 3605 parochias
863 3541 977 3582 vacuas

54 3610 147 3685 atque
172 3604 328 3683 desertas,
361 3625 460 3685 neque
492 3607 539 3665 vel
563 3609 717 3688 episcopis
741 3606 788 3668 vel
813 3606 977 3667 canonicis

54 3702 146 3747 curae
169 3707 255 3764 esse,
293 3689 550 3769 quemadmodum
584 3690 626 3750 ilii
650 3691 749 3750 miseri
771 3690 911 3750 homines
936 3688 977 3747 vi·
1046 3750 1049 3757 Α

53 3776 128 3830 rant
147 3777 201 3831 aut
222 3773 400 3852 moriantur,
421 3791 477 3852 pro
502 3791 629 3851 quornm
648 3774 747 3834 salute
759 3772 896 3834 Christus
910 3772 978 3851 ipse
