2348 4162
517 231 558 289 Ἀ.
579 235 659 294 1536.
741 260 745 265 ·
992 234 1053 301 535

134 397 290 478 agendum
324 401 552 461 contra-istum
584 400 730 463 luriosum
765 402 910 482 angelum
939 403 1053 484 abyssi,

136 480 191 542 sed
215 482 240 541 si
262 496 424 563 compares
457 483 528 544 huic
550 484 631 544 malo
664 485 889 546 sanctissimam
912 487 1053 547 sanctita·

134 571 197 625 tem
219 564 332 624 Vicarii
354 565 411 625 Dei
432 565 462 625 in
487 568 584 646 terris,
605 567 724 629 videbis
745 568 874 628 Turbam
898 569 982 629 velut
1000 568 1054 630 ho'·

134 655 212 707 stem
235 646 386 708 eeclesiae
407 650 609 728 corporaliter
635 653 739 711 omnia
765 652 928 730 profanare
950 658 982 710 et
1002 669 1053 711 vu

134 737 226 806 stare,
248 729 388 791 libertate
415 737 516 791 tamen
539 733 658 793 interim
682 732 825 793 credendi
848 735 877 792 in
902 732 1053 793 Christum

134 812 258 873 cuilibet
279 815 438 893 permissa.
481 816 522 874 At
543 817 660 875 amicus
682 818 748 896 iste,
771 819 833 876 imo
856 834 989 896 sponsus
1002 834 1054 876 no·

135 914 191 955 vus
214 895 363 955 ecclesiae
386 897 585 980 corporaliter
607 897 728 977 quidem
761 900 865 958 omnia
885 898 1056 958 sanctificat

134 984 166 1038 et
187 976 381 1040 horribilibus
405 977 512 1040 edictis
525 982 632 1058 munit,
653 999 759 1042 verum
772 980 915 1042 credendi
929 983 959 1040 in
973 980 1055 1042 chri·

134 1069 215 1123 stum
237 1060 406 1122 libertatern
439 1062 520 1123 adeo
543 1083 604 1125 uon
629 1065 794 1144 permittit,
822 1072 855 1125 ut
875 1083 914 1123 ue
936 1063 1056 1124 hiscere

135 1143 175 1204 de
197 1160 235 1206 eo
258 1144 400 1222 cuiquam
431 1152 525 1206 tutum
557 1165 625 1206 esse
660 1146 754 1227 sinat,
791 1147 945 1208 'lurcare
969 1151 1056 1206 eset

135 1226 278 1288 dominos
301 1233 399 1289 terrae
413 1228 441 1286 vi
463 1236 494 1288 et
511 1231 603 1289 armis
617 1230 761 1309 opprimit
786 1231 836 1302 (ut
848 1165 970 1310 diasath
990 1229 1057 1290 iure

135 1308 226 1386 belli,
248 1318 278 1370 at
300 1318 405 1370 noster
416 1329 514 1370 novus
528 1311 609 1376 Deus
632 1318 663 1372 et
677 1331 775 1372 novus
789 1311 925 1372 Christus
938 1310 1055 1389 fraude,

135 1391 227 1469 dolo,
259 1391 425 1455 mendaciis
459 1393 653 1475 atomuibus
681 1395 822 1474 pessimis
845 1393 959 1455 artibus
981 1395 1056 1473 opti·

136 1491 203 1535 mos
226 1492 367 1554 quosque
397 1494 519 1556 semper
546 1496 636 1558 reges
659 1484 689 1537 st
711 1477 864 1557 principes
886 1477 1010 1536 vexarit
1027 1482 1057 1537 et

136 1558 299 1637 oppressit,
323 1556 422 1641 donec
443 1577 498 1619 eos
520 1561 622 1641 coegit
644 1558 738 1639 pedes
760 1578 833 1629 suos
846 1559 1056 1621 sanctissimos

123 1640 233 1787 dppatm
255 1639 367 1703 osculis
389 1640 520 1702 adorare
541 1650 572 1703 et
594 1642 674 1703 colla
695 1640 854 1703 calcanda
871 1659 1055 1722 supponere.

127 1742 131 1747 ·
167 1721 320 1784 aledicaut
342 1721 410 1804 tibi,
440 1724 491 1803 qui
517 1724 704 1786 maledicunt
725 1724 785 1786 diei
809 1730 839 1784 et
861 1724 960 1804 parati
984 1725 1057 1784 suut

137 1806 286 1865 suscitare
307 1804 484 1870 Leviathan.
506 1808 616 1871 Arnen.

217 1888 302 1948 Haec
325 1888 432 1949 dolore
469 1891 562 1949 animi
584 1889 673 1950 simul
695 1897 726 1948 et
747 1887 958 1965 indignatione
982 1885 1054 1947 effu·

136 1973 191 2032 tire
214 1970 307 2047 volni,
331 1979 363 2032 ut
384 1972 408 2031 si
431 1990 507 2052 quas
529 1991 652 2052 possem
675 1973 741 2051 pias
765 1975 796 2032 et
818 1971 929 2038 Christi
951 1988 1057 2030 aman·

134 2062 180 2117 tes
204 2055 321 2115 animas
353 2052 523 2115 accendere
555 2053 593 2114 ad
624 2053 870 2135 investigandum
895 2051 1056 2133 (quioquid

135 2138 313 2217 investigari
349 2143 468 2218 potest)
501 2136 540 2199 de
571 2138 674 2218 papali
706 2135 867 2218 tyrannide
899 2142 929 2196 et
947 2153 1056 2211 ¹sacro·

136 2230 243 2281 sancta
265 2219 397 2280 ecclesia
428 2220 576 2284 eiusdem.
619 2220 697 2281 Nam
726 2220 850 2296 dubium
873 2217 988 2279 nullum
1011 2223 1059 2277 est

134 2304 188 2376 iis,
223 2320 300 2379 quos
322 2301 449 2381 Spiritus
472 2303 582 2364 Christi
605 2306 717 2382 tangit,
745 2303 815 2384 quin
839 2301 953 2375 sciant,
989 2317 1058 2360 sese

137 2383 247 2445 offerre
268 2380 429 2459 summum]
452 2392 483 2444 et
504 2385 709 2464 gratissimum
743 2382 843 2444 laudis
866 2379 1058 2461 sacrificium,

137 2463 280 2545 quicquid
304 2470 412 2525 contra
432 2464 512 2526 hano
532 2473 699 2545 cruentam,
720 2462 930 2546 blasphemam
961 2472 991 2525 et
1011 2483 1058 2525 sa·

136 2547 282 2627 crilegam
306 2548 495 2608 meretricem
518 2547 632 2612 diaboli
653 2548 768 2629 legere,
781 2533 902 2633 dicad,
925 2546 1058 2607 seribere

136 2638 276 2712 possunt.
320 2629 387 2709 Ego
411 2649 496 2708 sane,
518 2631 557 2701 iu,
573 2631 722 2711 principio
746 2650 807 2690 nou
832 2649 870 2690 va
883 2626 922 2690 de
944 2635 1058 2709 gnarus

122 2733 195 2783 ¹nec
218 2714 333 2793 peritus
356 2712 560 2794 historiarum,
583 2733 602 2775 a
624 2715 715 2795 priori
741 2715 792 2789 (ut
810 2710 934 2779 dicitur)
960 2712 1058 2775 invasi

136 2801 293 2877 papatum,
311 2795 375 2864 ,hoo
398 2801 462 2875 est,
496 2815 535 2855 ex
558 2794 722 2875 Scripturia
743 2795 855 2868 saeris,
877 2812 960 2854 nuuc
982 2794 1059 2853 miri·

136 2880 194 2939 fiee
216 2876 347 2957 gaudeo,
371 2878 448 2939 alios
469 2878 550 2938 idem
573 2878 673 2938 lacere
696 2897 715 2938 a
736 2879 907 2958 posteriori,
930 2876 1059 2954 honest,

132 2982 177 3030 ‚ex
196 2960 343 3022 historiis.
386 2959 426 3020 Et
446 2960 539 3041 plane
559 2961 642 3035 mihi
654 2960 839 3040 triumphare
851 2958 967 3039 videor,
991 2977 1059 3018 cum

137 3044 205 3105 luae
227 3049 395 3124 apparente
428 3042 575 3104 historias
604 3062 671 3104 curn
696 3042 857 3123 Scripturia
886 3042 1060 3102 consentire

137 3125 289 3205 intelligo.
332 3125 409 3186 Nam
433 3127 516 3206 qnod
539 3145 598 3206 ego
622 3125 650 3188 S.
675 3126 774 3202 Paulo,
792 3132 823 3184 et
845 3123 974 3184 Daniele
996 3143 1059 3184 ma·

137 3209 240 3290 gistris
262 3207 355 3271 didici
377 3216 407 3269 et
430 3210 537 3287 docui,
573 3209 687 3288 Papam
713 3227 781 3270 esse
808 3207 894 3268 illum
918 3206 1060 3268 adversa·

137 3294 214 3354 rium
237 3290 294 3353 Dei
317 3301 347 3350 et
370 3292 516 3368 omniurn,
538 3290 604 3352 boc:
621 3291 691 3352 mihi
723 3292 870 3351 historiae
892 3289 1061 3365 clamantes

138 3395 170 3436 re
193 3376 261 3454 ipsa
281 3374 366 3434 velut
387 3373 482 3451 digito
507 3380 676 3434 monstrant
705 3381 734 3434 et
757 3392 819 3433 non
841 3392 939 3452 genus
962 3389 1061 3449 nsque

138 3458 284 3537 speciem,
305 3456 359 3516 sed
381 3458 479 3535 ipsum
502 3455 700 3537 individuum,
723 3475 783 3517 non
798 3474 908 3536 vagum
936 3461 984 3520 tut
1005 3472 1060 3513 vc·

139 3537 230 3623 cant)
256 3539 431 3605 ostendunt.
992 3536 995 3545 '

222 3622 372 3685 Dominus
395 3629 498 3685 noster
519 3619 607 3684 Iesus
631 3622 784 3701 Christus,
812 3619 862 3699 qui
883 3619 987 3701 ooe'pit
1009 3636 1063 3678 ore

142 3704 273 3786 Spiritus
295 3706 343 3766 sui
365 3704 506 3769 occidere
528 3704 612 3766 illum
635 3702 842 3793 adversarium
865 3721 969 3784 suum„
991 3701 1064 3778 velit
1170 3784 1171 3788 Ἰ
