2348 4162
136 254 200 320 546
424 252 777 310 minumum.

136 425 245 506 gloria,
278 424 380 486 donea
400 444 462 485 non
484 424 585 484 aulum
607 444 677 485 aare
709 444 817 507 rogum
837 443 930 505 ragat
956 430 989 484 ct
1007 423 1054 484 llo

137 511 238 569 minor
258 508 481 569 dominantium
508 509 647 583 facerint,
666 508 722 568 aed
740 509 934 570 mulcatis
954 527 1054 588 rogum

136 591 228 653 colli·
262 599 295 652 et
327 594 358 651 iu
379 593 556 652 servitutcm
585 592 732 652 subiectio
757 592 959 652 iudicantium
981 591 1055 650 thro

136 676 185 736 nit
206 676 300 737 ctiam
321 674 398 735 deos
431 675 560 737 deorum
580 677 611 735 iu
634 673 736 752 coelo,
756 682 849 754 terra,
872 676 950 735 mari
973 675 1054 734 etiu-

137 759 224 819 lerno
253 777 324 818 acta
350 758 576 818 constituerint.
624 757 712 818 llaec
736 766 786 818 eat
810 776 921 818 eorum
943 763 1055 817 aemula

136 841 251 903 iiuada
271 849 302 901 et
312 842 512 917 couscientia,
534 842 579 900 aie
597 841 734 901 scribunt
744 861 851 901 eoram
870 840 1055 901 adulatores:

137 925 221 1004 Papa
242 943 301 984 nec
321 925 398 984 dena
419 943 523 1003 purus,
545 942 605 984 nec
623 922 720 985 humo
741 944 848 1003 parua,
869 924 926 984 aad
949 925 1054 984 mixtur

137 1008 212 1068 dena
226 1015 257 1066 et
268 1008 373 1082 homo,
393 1008 574 1087 angelorum
589 1007 772 1067 coelestium
781 1007 929 1069 (lominus
942 1010 1051 1067 arcta

220 1091 288 1152 flac
306 1091 418 1150 fiducia
450 1092 481 1149 in
502 1109 610 1150 corum
631 1090 777 1150 cordibus
809 1097 962 1170 regnante
982 1092 1055 1171 (rag-

137 1183 312 1234 natantem
334 1180 483 1254 perpetua
505 1181 536 1232 et
557 1174 744 1252 ocmpilcrna
763 1174 990 1253 pertinaciaat
1008 1191 1052 1233 au·

136 1257 257 1336 perbia,
279 1275 371 1336 quarn
391 1256 451 1316 ribi
472 1274 535 1316 non
557 1259 735 1334 extorqueri
765 1258 869 1316 sinent
902 1275 964 1316 nco
981 1274 1056 1315 mor·

136 1341 211 1417 luia,
245 1358 304 1399 uec
323 1348 462 1400 extremo
490 1340 614 1419 quidem
636 1339 740 1400 iudicii
760 1340 828 1415 dia,
861 1339 977 1399 nedum
996 1338 1057 1401 nlla

137 1424 312 1483 calamitate
342 1422 433 1482 huiua
466 1424 564 1495 virae)
600 1423 711 1482 frustra
744 1422 780 1482 fit
815 1422 963 1502 quicquid
1003 1436 1066 1502 pro*

136 1506 277 1566 Concilio
293 1505 525 1586 congregando,
546 1523 603 1584 pro
623 1505 757 1566 ecclcaia
776 1505 983 1586 emendanda,
1004 1523 1055 1585 pro

136 1588 229 1649 Curia
248 1588 460 1666 reformanda,
489 1588 595 1648 fabula
616 1595 756 1648 narratur
781 1588 876 1648 surdo
911 1597 945 1648 ct
963 1588 1054 1648 verba

136 1672 212 1731 flunt
234 1680 371 1749 mortno,
393 1673 451 1731 nisi
474 1673 673 1752 permistum,
693 1686 897 1751 concentum,
927 1671 1055 1750 denique

136 1773 193 1834 pro
213 1756 344 1815 articulo
365 1754 436 1814 fidei
465 1753 621 1814 decretum
645 1755 750 1832 fuerit,
780 1756 868 1834 ipsos
889 1774 963 1815 enac
984 1754 1055 1814 dcor

136 1837 217 1898 cocli
237 1847 271 1898 et
290 1847 405 1915 tarrac,
437 1856 500 1898 non
522 1838 678 1899 subiectos
700 1838 857 1915 Concilio,
877 1857 940 1898 nco
959 1856 1054 1918 parca,

136 1920 191 1981 acd
220 1922 395 2002 superiores
423 1926 456 1980 ct
479 1920 597 1981 iudicer
627 1920 861 2000 irrefragabiles.
911 1921 982 1981 Hoc
1007 1920 1054 1980 libi

139 2009 220 2073 (non
242 2004 281 2064 dc
303 2004 440 2084 tripode)
465 2003 520 2065 scd
542 2004 581 2064 dc
602 2003 829 2082 coclodictum,
853 2022 917 2065 nun
941 2005 1051 2065 dubita.

135 2086 205 2166 Ego
227 2089 299 2147 novi
334 2094 365 2146 et
399 2087 484 2147 mulli
506 2106 643 2166 mecum,
665 2088 824 2166 novimus,
847 2088 994 2166 iuquam,
1014 2089 1054 2146 in·

136 2170 259 2249 genium
283 2168 463 2229 Pontificum
485 2174 517 2230 et
538 2170 761 2249 Gurdinalium,
789 2177 884 2248 atquc
905 2171 986 2231 adeo
1009 2189 1054 2250 pc·

136 2253 265 2313 netralia
286 2253 467 2314 nouaclum
492 2272 690 2330 camararum,
713 2253 767 2313 aed
790 2261 822 2312 et
835 2255 1052 2333 cogitationum

136 2344 228 2416 atque
250 2355 436 2411 sermonum,
455 2337 536 2396 sicut
556 2337 608 2396 illa
628 2337 769 2416 promisit
780 2336 919 2396 cordium
942 2339 1054 2416 inspec-

135 2427 193 2497 tor,
216 2419 355 2479 cordiicx
388 2426 419 2479 el
440 2418 639 2500 cordifigulns
664 2420 818 2480 Christum
847 2418 939 2493 Quae
961 2420 1054 2481 diciliu

135 2504 332 2580 intenebris,
354 2504 384 2561 in
400 2503 513 2562 lumine
535 2503 682 2579 dicentur,
705 2509 736 2562 ct
756 2521 837 2582 quac
857 2504 889 2562 in
902 2504 1053 2580 cubiculis,

135 2586 392 2665 praedicabuntur
402 2605 494 2664 super
517 2593 607 2649 tecta.
643 2587 756 2646 Varum
781 2604 842 2665 quo
856 2587 958 2647 minuo
981 2588 1052 2646 hacc

136 2677 272 2730 ructuant
293 2668 432 2729 Nerones
447 2676 478 2728 et
501 2670 664 2727 Domitiani
687 2669 849 2730 Romanae
870 2669 994 2746 Curiae,
1016 2670 1052 2728 la·

136 2755 176 2812 cit
196 2754 248 2813 illa
271 2751 433 2814 Pontificio
464 2759 497 2810 ct
518 2751 717 2812 cardinalitia
737 2751 831 2830 fider,
854 2753 1052 2830 pulcherrima

136 2843 168 2896 ct
188 2837 391 2910 securissima,
414 2834 532 2895 scilicet
554 2834 657 2895 fabula
678 2836 795 2912 Manca,
818 2833 872 2894 aed
898 2838 1052 2916 experien-

136 2920 178 2978 tia
201 2939 299 2978 rerum
324 2919 469 2997 magistra
481 2917 606 2978 docebit
627 2937 681 2978 cor
703 2919 773 2998 alia,
795 2918 891 2996 idque
913 2920 945 2979 in
961 2918 1048 2981 brevi.

218 3000 314 3080 Igitur
337 3005 389 3071 (ut
409 2999 489 3074 dixi)
516 3002 596 3060 huuc
618 3000 726 3060 librum
749 3007 781 3061 ct
802 3002 920 3062 similas
944 3001 1050 3063 cervari

136 3093 166 3143 ct
188 3087 350 3163 propagari
372 3086 402 3142 in
426 3092 568 3162 posteros
579 3084 652 3143 utile
673 3093 704 3143 et
725 3084 860 3143 salutare
881 3085 976 3146 fucrit
996 3103 1050 3145 nou

135 3165 233 3226 tolum
248 3166 442 3245 Germaniae,
464 3167 518 3228 sed
541 3170 684 3227 univorao
702 3167 767 3226 orbi
790 3176 901 3227 contra
923 3177 1052 3229 montem

135 3251 225 3310 iatum
248 3249 406 3310 Romanae
430 3251 597 3331 Babylonia
619 3249 913 3330 pestilentissimum,
936 3255 987 3332 qni
1009 3259 1052 3312 to·

136 3340 198 3394 tum
226 3341 336 3393 terram
371 3353 425 3392 cor
461 3336 537 3414 mpil
569 3338 622 3410 (nt
648 3334 795 3392 loremiac
824 3333 928 3396 vcrbia
962 3340 1052 3410 utar).

135 3415 192 3476 Hic
219 3419 300 3476 cuim
334 3353 629 3478 videsnilcrmauiac
656 3417 828 3497 principes,
857 3418 985 3479 taudem
1007 3418 1053 3478 ali·

135 3500 258 3579 quaudo
281 3520 299 3559 a
321 3500 472 3580 profundo
495 3507 825 3578 oomnocxperrecloa,
847 3500 944 3562 luisse
966 3518 1053 3562 autur

135 3582 274 3643 Pontifici
299 3591 329 3642 ct
351 3582 460 3643 Curiae
484 3581 623 3665 (lernae)
647 3585 807 3644 Romanae
838 3582 944 3646 (licere
966 3588 995 3646 in
1017 3585 1053 3645 la·

135 3668 222 3744 ciem,
247 3686 325 3745 quae
347 3684 410 3725 non
427 3668 536 3747 potuit,
558 3674 676 3748 potest,
699 3668 811 3746 poterit
833 3668 950 3731 audire.
995 3669 1052 3729 Nec

134 3750 208 3810 moti
232 3755 303 3809 aunt
323 3748 420 3831 (quod
443 3757 491 3810 eat
511 3749 708 3832 miraculum)
736 3749 912 3832 magnificia
931 3753 1009 3813 lucia
1026 3759 1050 3811 et
