2348 4162
287 231 325 287 ad
342 233 377 288 D.
387 233 538 289 'Erasmum
556 233 782 290 Rotsrodamum.
936 233 998 299 241

71 402 177 481 nstio,
214 401 266 464 ubi
286 401 382 464 iudex
403 403 559 465 subtracto
583 405 698 466 auxilio
723 407 805 485 oogit
827 404 1000 484 impium1)

70 486 203 566 relinqui
224 487 256 547 in
278 484 445 566 maleficio,
482 506 551 547 oum
579 508 635 549 sua
667 489 777 549 virtute
813 507 876 548 non
905 488 1004 568 possit

72 568 180 630 atiud?
223 569 334 631 Omnia
362 569 502 630 recidunt
529 573 560 631 in
584 577 676 651 eaput
709 571 869 648 distribes,
903 577 956 631 aut
976 571 1002 633 si

71 652 146 732 quid
169 653 303 734 probant
328 660 377 730 (ut
399 651 501 731 dixi),
535 654 667 734 probant
696 654 823 714 liberum
845 652 1002 714 arbitrium

71 736 179 797 omnis
200 754 309 817 posse,
343 735 428 815 quod
449 742 552 797 tamen
582 744 726 818 negatum
749 745 796 798 est
818 737 947 817 abipsa
971 743 1002 798 et

71 819 111 880 ab
134 819 286 880 omnibus.
330 818 482 898 Sequslae
503 819 575 881 illae
604 822 731 882 rationis
754 828 870 881 vexant
902 819 1002 880 distri-

72 902 133 963 ben
155 920 212 982 per
233 904 338 964 omnia
365 903 447 963 diota
471 902 661 984 Scripturas,
683 904 767 983 quod
789 903 949 964 ridiculum
971 909 1002 963 et
1071 968 1074 975 ,

70 985 216 1066 trigidum
238 986 379 1047 videatur
400 984 562 1066 invadere,
600 994 632 1048 et
670 989 795 1067 exigere
817 994 879 1048 tam
911 984 1001 1046 vehe-

70 1068 226 1131 mentibus
248 1068 359 1150 verbis,
382 1069 432 1130 nbi
455 1088 520 1131 non
543 1068 641 1146 adest,
665 1072 885 1150 quipraestare
899 1076 1001 1149 queat,

71 1170 141 1213 oum
164 1152 336 1233 Apostolus
359 1151 391 1212 id
413 1159 496 1233 agat,
518 1153 635 1214 soilioet
656 1173 711 1234 per
733 1155 831 1214 minas
853 1153 922 1213 ilias
935 1171 1000 1232 per·

70 1235 186 1297 dnoere
205 1237 318 1316 impios
353 1241 385 1296 et
416 1235 565 1315 superbos
599 1236 637 1296 ad
669 1239 877 1317 cognitionem
901 1237 947 1296 sui
969 1241 1000 1296 et

69 1321 273 1400 impotentiae
294 1337 383 1398 suae,
417 1326 450 1379 ut
477 1318 652 1381 humiliatos
681 1321 859 1401 cognitione
881 1319 1000 1400 peooati

70 1409 160 1483 paret
182 1401 222 1463 ad
243 1403 383 1483 gratiam.

153 1485 195 1546 Et
215 1486 389 1567 quidtopus
410 1491 472 1563 est,
503 1485 607 1546 onmia
629 1485 805 1566 singulatim
827 1503 998 1567 recensere,

70 1586 152 1649 quae
175 1588 216 1629 ex
237 1569 333 1629 Paulo
355 1567 560 1648 adducuntur,
597 1587 665 1629 oum
689 1568 761 1629 nihil
785 1569 842 1628 nisi
864 1571 999 1649 impera·

70 1654 135 1712 tiva
156 1652 205 1713 vel
229 1652 424 1713 ooniunotiva
446 1652 540 1713 verba
562 1651 696 1732 colligat,
720 1651 768 1711 vei
782 1652 865 1732 talia,
888 1651 997 1729 quibus

69 1732 185 1797 Paulus
196 1734 387 1798 Christianos
409 1734 589 1796 exhortatur
610 1734 650 1795 ad
671 1735 784 1794 fruetus
807 1733 899 1794 fidei?
927 1734 999 1794 Dia·

69 1818 147 1880 tribe
170 1836 245 1880 vero
275 1820 337 1879 suis
360 1816 493 1897 sequelis
521 1817 649 1879 adientis
673 1819 813 1878 virtutem
845 1816 931 1877 liberi
953 1836 998 1878 ar-

69 1901 150 1962 bitrii
186 1902 279 1963 talem
310 1908 488 1982 tantamque
517 1902 665 1982 oonoipit,
699 1920 778 1980 quae
813 1901 880 1960 sine
901 1902 1000 1980 gratia

70 1986 178 2046 omnia
203 1986 317 2066 possit,
355 2003 434 2063 quae
456 1984 567 2046 Paulus
597 1984 777 2046 exhortator
810 1984 998 2065 praeseribit.

68 2067 236 2129 Christiani
264 2086 338 2129 vero
361 2087 423 2128 non
447 2066 542 2129 libero
565 2069 705 2146 arbitrio,
735 2066 788 2128 sed
813 2069 919 2149 spiritu
941 2067 998 2127 Dei

68 2157 213 2232 aguntur,
236 2152 292 2214 Ro.
312 2154 342 2217 8.
386 2151 446 2231 Agi
468 2171 540 2212 vero
564 2171 625 2213 nou
648 2157 696 2212 est
716 2170 822 2231 agere,
845 2150 899 2211 sed
921 2152 997 2230 rapi,

68 2234 330 2314 quemadmodum
352 2254 437 2296 serra
459 2244 512 2295 aut
533 2237 648 2295 securis
670 2254 688 2296 a
709 2235 795 2295 fabro
818 2235 926 2314 agitur.
957 2233 997 2294 Et

66 2317 121 2378 hie
142 2336 182 2379 ne
205 2320 272 2398 quis
295 2318 427 2393 dubitet,
458 2318 620 2378 Lntherum
649 2325 711 2377 tam
733 2317 865 2378 absurda
886 2316 1000 2395 disere,

66 2400 167 2463 verba
188 2403 254 2462 eius
275 2403 382 2462 recitat
404 2400 542 2481 diatriba,
576 2419 655 2480 qnae
675 2419 750 2460 sane
772 2418 926 2480 agnosco,
952 2400 998 2459 ia·

67 2492 138 2547 teor
158 2486 240 2546 enim
263 2484 421 2546 artiouium
444 2484 528 2544 ilium
552 2483 694 2564 Vigiephi
718 2484 841 2559 (omnia
863 2484 997 2543 necessi·

67 2573 134 2629 tate
154 2567 221 2629 fieri
233 2567 281 2652 ij)
305 2587 374 2629 esse
395 2568 473 2629 falso
489 2567 664 2628 damnatum
678 2567 905 2627 Constantiensi
918 2565 997 2627 Oun-

68 2651 227 2732 oiiiabulo,
250 2671 306 2712 seu
329 2652 540 2713 coniuratione
563 2651 665 2731 potius
680 2657 710 2711 et
732 2648 892 2711 seditione.
915 2647 996 2724 Quin

67 2733 183 2816 ἥρω’)
224 2734 352 2795 diatribe
389 2734 520 2795 eundem
564 2753 682 2794 meeum
727 2732 876 2812 defendit,
925 2731 997 2791 dum

69 2818 183 2879 asserit
203 2818 332 2880 liberum
348 2817 503 2878 arbitrium
526 2819 588 2878 suis
605 2817 717 2877 viribus
739 2816 813 2876 nihil
835 2816 907 2876 boni
919 2815 999 2875 velle

68 2919 174 2982 possa,
195 2903 432 2980 necessarioque
454 2901 568 2961 servire
578 2906 718 2980 peooato,
740 2899 812 2959 lieet
832 2900 997 2978 interpro-

69 2983 206 3046 bandum
227 2985 353 3046 omnino
379 2984 562 3044 eontrarium
584 2990 708 3044 statuat.

152 3067 238 3128 Haeo
259 3068 332 3128 satis
361 3068 422 3127 sint
447 3067 596 3128 adversus
623 3068 756 3147 priorem
784 3071 900 3144 partem
931 3062 997 3124 dia-

67 3147 182 3231 tribes,
217 3169 278 3230 qua
308 3150 435 3211 liberum
468 3148 624 3209 arbitrium
646 3152 780 3210 statuere
802 3154 915 3207 oouata
938 3155 995 3212 est.

67 3234 277 3297 Posteriorem
299 3252 381 3295 nuno
404 3232 572 3315 videamus,
595 3252 656 3313 qua
674 3231 997 3311 ooufutantnrnostra,

142 3519 174 3589 1)
195 3519 227 3573 In
245 3518 290 3574 ed.
310 3519 393 3576 1526:
421 3516 514 3586 impio.
561 3517 589 3584 2)
619 3517 649 3569 In
673 3515 716 3571 sd.
743 3515 800 3572 len.
824 3513 869 3569 hio
900 3512 997 3569 addita

65 3590 199 3661 leguntur
216 3589 300 3646 haee:
333 3590 362 3645 id
387 3594 442 3655 est,
467 3587 630 3643 immutabili
657 3586 798 3642 voluntate
817 3586 869 3642 Dei
898 3591 926 3642 et
947 3602 996 3641 uo·

65 3667 155 3718 suam
173 3678 230 3717 non
249 3661 313 3733 oogi
332 3662 451 3732 quidem,
470 3659 521 3716 sed
539 3658 738 3729 impossibilem
758 3674 820 3715 esse
838 3658 876 3715 sd
895 3657 997 3715 bonum

65 3749 103 3791 ex
121 3749 153 3790 se
170 3734 261 3806 ipsa).
298 3736 326 3805 3)
346 3735 376 3790 In
405 3733 450 3789 ed.
469 3734 541 3788 Ion:
560 3731 631 3798 Quin
650 3729 766 3800 etipsa.

93 3842 188 3885 nuum
201 3853 255 3894 opp.
268 3843 295 3886 v.
309 3840 337 3884 s.
354 3839 437 3884 arros
457 3839 508 3882 snt.
522 3840 539 3881 ι.
552 3848 575 3891 p.
589 3839 639 3882 vor.
652 3838 702 3880 vn.
876 3806 914 3873 16
