2348 4162
201 253 265 320 382
398 254 918 326 commoverunt.

201 432 325 504 putent,
358 444 451 504 quum
472 426 558 486 nulio
579 440 626 487 est
646 426 689 487 ibi
710 423 900 505 consolatio,
924 445 1004 507 pu,
1031 425 1130 505 quien,

202 526 339 587 romnus,
362 509 458 589 cibus,
478 526 588 591 potue,
608 529 647 570 ne
667 509 743 569 nihil
757 512 849 589 pinne
870 512 931 570 nini
952 527 1056 587 more,
1077 518 1129 569 ent

202 593 335 651 amarior
356 608 455 654 morte
476 613 582 662 cusos.
613 596 676 653 inm
698 595 766 673 quie
786 591 894 671 fletus,
926 593 1027 653 luetur
1034 640 1045 671 ,
1077 592 1129 652 do

202 673 270 817 lor.l
297 680 455 821 angustia,
488 679 514 736 si
547 690 748 758 pernoctem
776 676 826 736 rei
848 676 930 737 diem
952 679 1071 736 emim
1090 676 1127 735 rit

224 775 259 817 ro
273 768 322 818 es·

202 777 222 837 p
284 841 374 901 Nune
395 842 435 903 nd
456 843 537 903 hune
559 856 687 903 mutrem
707 843 814 903 confer
833 842 912 903 haee
923 844 1041 921 omnig
1062 842 1127 921 ipre

202 922 297 983 tilium
319 927 437 1001 amisit,
469 945 532 986 non
554 946 573 986 e
593 925 730 1006 pluribus
759 945 872 1001 unum,
902 926 959 986 ned
993 927 1125 1003 unienm,

202 1025 264 1066 non
287 1009 387 1068 solum
410 1028 503 1069 unum
525 1010 572 1091 (ut
595 1024 715 1070 ceterae
732 1014 875 1088 matres),
896 1008 953 1069 ned
975 1028 1067 1068 enum
1081 1027 1125 1067 no

203 1091 261 1150 lim
282 1090 378 1151 filium
399 1094 467 1152 eine
489 1108 593 1173 petre,
623 1092 680 1152 ned
712 1094 774 1153 hoe
794 1110 919 1172 qnoque
940 1112 1053 1173 perum
1073 1098 1124 1167 eut,

202 1172 298 1233 tilium
320 1175 377 1234 Dei
400 1178 608 1256 unigenitum,
630 1188 661 1234 et
687 1178 733 1236 nie
753 1174 867 1254 fliium,
900 1186 933 1235 ut
954 1194 974 1234 n
997 1175 1124 1236 Deerit

202 1258 385 1317 commissus
417 1261 484 1319 eius
516 1258 588 1318 fidei
610 1272 757 1338 tauquam
779 1261 886 1333 matri,
917 1260 969 1318 eni
991 1259 1123 1318 maxime

203 1340 285 1399 Deus
307 1341 400 1401 tnlem
432 1341 529 1401 fiiinm
561 1344 687 1402 eredere
707 1343 850 1423 dignutuo
872 1346 920 1405 nit.
963 1340 1051 1403 lutee
1072 1342 1123 1400 oir-

202 1426 406 1485 eumstnntine
433 1425 526 1485 valde
553 1425 729 1486 horribilem
759 1426 874 1486 ineinnt
895 1427 989 1488 istum
1022 1440 1123 1485 oenum

203 1519 234 1567 et
255 1508 453 1571 ineffabilem.

286 1591 323 1650 Et
346 1592 429 1652 huno
450 1600 578 1671 tuntum,
601 1591 802 1652 tulemfiiium
823 1591 966 1651 emisione
987 1608 1054 1652 non
1068 1608 1124 1649 unt

203 1673 294 1751 bore,
315 1692 378 1735 non
401 1695 462 1736 une
483 1688 586 1752 noete,
608 1675 664 1735 ned
680 1683 748 1736 toto
767 1673 884 1754 triduo,
907 1675 970 1734 hoo
991 1684 1042 1735 ent
1062 1692 1122 1754 per·

202 1764 296 1838 petuo
336 1772 366 1819 et
394 1761 426 1818 in
455 1770 625 1821 oeternum.
668 1757 747 1833 Quis
768 1770 857 1837 pum
878 1757 978 1818 fueret
1000 1756 1055 1818 iile
1073 1756 1123 1817 do·

203 1840 271 1902 lor?
313 1839 397 1922 Quid
431 1844 531 1923 potnit
562 1844 719 1922 cogitare,
752 1843 811 1901 nini
838 1860 896 1901 nun
936 1842 1032 1922 eulpa
1059 1858 1123 1900 enne

204 1927 349 1985 emiorum
370 1924 466 1986 filium
488 1926 562 2002 Dei,
594 1938 624 1985 et
646 1925 714 1985 Deo
737 1925 816 2004 petri
837 1926 935 1984 vinnm
957 1924 1023 1985 indi
1068 1942 1123 2001 em,

203 2009 252 2067 eni
274 2007 370 2068 filium
392 2010 488 2070 semel
502 2010 699 2069 commissum
722 2008 824 2067 denno
836 2007 1041 2086 relinqueret.
1067 2024 1122 2066 me·

202 2092 260 2150 lius
280 2092 398 2171 fuisset,
421 2111 483 2152 non
504 2093 615 2152 inotnm
640 2110 709 2152 ense
731 2098 870 2169 matrem,
892 2109 986 2170 quom
1009 2090 1120 2171 rnpiob

203 2193 242 2234 eo
265 2176 448 2255 improvise,
478 2178 567 2256 signa
588 2187 658 2235 eunt
679 2173 834 2235 horribiiie
861 2176 935 2238 irne.
986 2174 1121 2249 Quodsi

203 2272 398 2318 accesserunt
420 2262 624 2339 cogitationen
645 2260 742 2337 istae,
775 2257 858 2336 quod
890 2276 948 2317 oue
983 2259 1076 2338 euipe
1093 2264 1122 2315 et

203 2340 1121 2505 3ῗξῗὲῗέ“ᾍῗῗίῗῑῃῖἓ”ἒῗέἕηῗὶἔὲἷξὲὲἰῷΜέἒᾚῖ

203 2509 282 2569 inter
303 2474 444 2570 homines
466 2510 520 2570 init
541 2511 639 2569 maior
660 2514 807 2589 peccator
829 2512 880 2581 (ut
900 2516 949 2567 ent
967 2509 1121 2567 uonuuien

204 2595 246 2652 tin
268 2594 464 2671 tenerrimo),
497 2610 588 2672 qnnm
620 2592 671 2651 hie
698 2600 745 2651 ent
765 2592 833 2670 ipso
856 2598 954 2650 muter
977 2590 1047 2653 Dei.
1088 2587 1123 2647 itt

205 2684 306 2736 tomen
336 2678 404 2737 soie
439 2682 486 2739 eet
508 2677 639 2737 tentatio
670 2677 790 2754 pennoti
812 2677 878 2734 sine
899 2681 1047 2755 peceato,
1083 2674 1122 2731 itt

204 2762 398 2838 permittente
419 2760 486 2819 Deo
520 2766 551 2820 et
582 2764 720 2819 tentunte
754 2756 788 2817 tt
813 2777 854 2818 ex
884 2757 972 2818 nuilu
995 2764 1120 2839 peceato

204 2860 296 2902 omne
318 2855 489 2922 peoontnm,
511 2845 590 2902 sieut
610 2842 659 2902 hie
681 2842 778 2903 viden.

287 2927 380 3004 igitur
401 2926 576 3005 exemplum
603 2926 664 2986 hoo
692 2925 785 2984 soiari
808 2922 900 2984 debet
921 2941 1045 3001 omnen,
1076 2924 1122 3005 qui

204 3011 339 3068 sentiunt
360 3028 429 3069 sene
452 3011 593 3069 emisione
604 3009 768 3087 Christum,
789 3006 891 3083 fldem,
914 3010 1048 3088 gretiam
1061 3009 1121 3087 nei,

205 3103 235 3151 et
257 3110 326 3152 eene
360 3111 430 3152 esee
451 3092 543 3172 plane
579 3092 716 3153 abiectos
750 3100 782 3151 et
812 3089 993 3169 repudiatos
1023 3110 1120 3153 uorum

204 3175 283 3251 Deo,
307 3183 338 3236 ut
358 3179 474 3256 sciant,
506 3193 567 3236 non
590 3194 660 3236 ense
680 3176 779 3236 Deum
799 3176 927 3252 iratum,
949 3174 1007 3235 ned
1028 3176 1121 3237 nolum

204 3261 314 3320 tentari
342 3279 420 3320 sese.
464 3259 603 3320 Christus
634 3261 715 3320 enim
752 3260 808 3319 etei
837 3258 970 3317 eminens
998 3260 1121 3335 videtur,

204 3351 250 3402 ent
272 3350 375 3403 temen
398 3345 428 3402 in
452 3344 567 3423 tempto
589 3346 672 3404 etin
694 3344 751 3422 hie,
774 3361 854 3421 quoe
871 3343 965 3420 petrin
988 3346 1120 3409 suiennt

204 3426 348 3506 honest,
381 3445 437 3506 pro
472 3428 561 3487 nobie
583 3429 648 3507 agit
685 3445 790 3487 oornm
814 3426 890 3486 Deo.
935 3425 983 3486 De
1011 3445 1073 3507 qun
1091 3442 1120 3485 re

204 3512 278 3569 notis
300 3528 357 3590 pro
382 3510 485 3589 vulgo,
507 3516 612 3571 uetera
632 3519 703 3570 eunt
723 3512 755 3570 in
778 3510 981 3588 experientia.

287 3593 445 3653 Secundus
468 3593 554 3654 louun
576 3602 623 3653 est
644 3594 817 3671 historicus,
838 3592 956 3653 scilieet
973 3594 1119 3672 quaestio

204 3675 293 3736 nibus
330 3686 361 3736 et
394 3677 630 3758 cogitationibus
651 3676 851 3740 exeruendue.
895 3677 1010 3756 Primo,
1044 3672 1118 3757 apud

68 3772 149 3916 ἱ
203 3777 283 3839 quon
316 3764 461 3821 monuerit
487 3762 517 3821 in
540 3760 705 3822 Ierusalem
735 3763 795 3823 into
816 3760 928 3824 triduo.
971 3758 1051 3823 Nem
1071 3778 1116 3821 ne·
