2348 4162
124 248 189 317 366
370 246 514 306 Daaemo
531 246 648 304 arbitrio
665 248 702 304 Ι).
718 244 804 303 itt.

207 422 241 482 ln
262 421 377 483 lumine
388 421 506 500 gratiae
526 428 575 479 eat
594 419 770 497 insolubile,
791 416 1044 500 quomodolieua

125 505 250 567 damnet
270 524 352 582 eum,
373 505 425 583 qni
441 522 505 563 non
524 512 629 583 potent
643 504 712 563 uilia
735 506 800 564 auia
825 504 944 564 viribua
965 501 1045 564 aliud

123 590 241 667 fauere,
263 606 355 669 qnam
375 605 507 667 peceare
527 593 558 646 et
579 606 650 648 rena
671 606 757 665 eoae3
786 587 838 647 irio
860 596 925 647 tarn
946 586 1046 647 lumen

123 680 262 751 naturae,
283 691 375 751 quam
396 670 500 729 lumen
522 672 639 748 gratiae
661 669 803 747 dietant,
833 669 959 750 oulpam
980 688 1046 731 eata

124 774 186 816 non
210 756 312 815 miaeri
332 754 476 831 hominia,
498 752 552 812 aed
573 754 669 833 iniqui
689 753 758 832 Dei,
781 773 840 813 neo
861 753 945 813 enim
966 751 1046 813 aliod

123 837 260 901 iudicare
280 844 411 917 possunt
430 834 470 895 de
491 835 569 913 Deo,
590 839 642 915 qni
663 835 818 896 homiuem
840 837 971 917 impium
983 855 1047 916 gra·

125 923 165 982 tia
185 922 253 981 aine
273 921 388 979 meritia
411 926 550 997 aoronat,
571 928 604 979 et
623 919 717 979 alium
738 938 802 980 non
825 926 974 993 coronat,
996 917 1047 979 aed

124 1005 260 1083 damnat,
280 1004 361 1065 torte
383 1004 483 1062 minua
505 1003 554 1061 vel
575 1002 685 1063 saltem
706 1021 768 1062 non
791 1004 891 1082 magia
911 1003 1046 1083 impium.

124 1090 167 1148 At
188 1087 290 1146 lumen
302 1085 421 1166 gloriae
433 1083 516 1144 aliud
539 1084 644 1165 dictat,
665 1094 697 1146 et
714 1086 824 1161 Deum,
845 1088 933 1146 ouiua
955 1085 1046 1147 modo

124 1177 173 1231 eat
192 1169 336 1229 iudicium
357 1167 676 1246 incomprehensibilia
697 1170 840 1247 iustitiae,
854 1177 929 1228 tuno
949 1178 1048 1229 oaten·

124 1253 177 1314 det
198 1271 269 1313 eaae
289 1252 474 1310 iuatiaaimae
496 1252 805 1314 etmaniteatiaaimae
827 1252 965 1313 iustitiae
987 1260 1047 1312 tan·

124 1345 207 1414 turn,
229 1342 263 1395 ut
283 1335 402 1394 iuterim
426 1333 456 1393 id
478 1333 658 1414 oredamua,
687 1336 795 1396 moniti
824 1342 857 1395 et
875 1332 1046 1396 confirmari

125 1418 271 1499 exemplo
292 1417 416 1479 luminia
438 1417 566 1497 gratiae,
588 1417 671 1498 quod
694 1418 794 1479 aimile
816 1418 999 1478 miraculum
1019 1418 1046 1479 in

125 1502 257 1564 naturali
278 1499 394 1561 lumine
415 1498 529 1580 implet.

207 1585 313 1645 Finem
335 1583 386 1643 hio
401 1583 511 1643 faciam
528 1583 618 1643 huiua
639 1584 744 1663 libelli,
765 1592 903 1664 paratus,
924 1586 951 1645 ai
973 1602 1046 1666 opua

125 1670 174 1749 ait,
196 1668 333 1750 pluribua
353 1666 435 1726 hano
456 1685 581 1726 oausam
603 1686 706 1746 agere,
727 1685 905 1747 quanquam
934 1668 987 1727 bia
1006 1688 1047 1729 ar·

124 1750 221 1813 bitror
242 1753 304 1832 pio,
326 1758 360 1812 et
380 1751 431 1828 qui
454 1751 575 1810 veritati
597 1752 664 1811 aine
674 1753 844 1831 pertinacia
866 1750 981 1812 aedera
1003 1770 1047 1812 re

126 1834 171 1912 lit,
191 1833 314 1895 abunde
347 1835 421 1893 aatia
449 1852 519 1893 eane
539 1832 663 1894 fantum.
719 1832 751 1895 Si
782 1835 865 1896 eninr
896 1834 1047 1895 oredimua

126 1937 232 1978 verum
260 1935 354 1996 eoae,
392 1914 476 1994 quod
503 1916 587 1976 Deua
616 1920 750 1998 praescit
784 1924 816 1977 et
851 1918 1049 1997 praeordinat

127 2002 254 2079 omnia,
277 2008 340 2059 tum
363 2017 465 2077 nequo
486 1998 551 2059 falli
579 2019 681 2079 nequa
701 2001 841 2080 impediri
868 2008 978 2081 poteat
997 2020 1050 2063 aua

127 2085 332 2164 praeaoientia
361 2090 394 2141 et
414 2082 719 2162 praedestinatione,
744 2083 856 2144 deinde
877 2084 955 2144 nibil
977 2084 1049 2162 ilari,

126 2167 186 2227 niai
207 2168 276 2246 ipso
298 2165 432 2242 volente,
453 2165 485 2224 id
508 2166 590 2244 quod
613 2168 682 2246 ipsa
704 2169 782 2228 ratio
798 2168 923 2247 cogitur
943 2187 1049 2229 onnon·

127 2249 215 2328 dere,
237 2249 326 2308 aimul
357 2250 426 2328 ipaa
446 2250 567 2309 ratione
588 2256 665 2310 teate
699 2249 814 2309 nullum
843 2260 951 2330 poteat
985 2269 1049 2312 eane

126 2333 255 2395 liberum
277 2332 433 2392 arbitrium
461 2333 492 2391 in
514 2331 640 2392 homine
667 2332 716 2392 vel
748 2333 882 2413 angelo,
909 2341 964 2395 aut
993 2334 1049 2395 ulla

128 2426 278 2477 ereatura.
321 2413 377 2491 lta,
400 2416 425 2474 ai
447 2414 598 2475 oredimus
621 2414 767 2476 Seianam
790 2435 860 2476 eaae
881 2420 1047 2499 prinoipem

128 2500 258 2575 mundi,
291 2497 402 2558 Christi
424 2517 521 2578 regno
543 2499 617 2559 totio
640 2498 753 2559 viribus
773 2510 927 2580 perpetuo
948 2502 1047 2561 inridi-

128 2594 230 2643 antem
254 2590 285 2642 et
305 2590 510 2661 pugnantem,
540 2588 573 2642 ut
594 2583 733 2661 captivos
755 2583 897 2643 homines
919 2603 984 2645 non
1006 2584 1047 2644 di·

128 2666 238 2743 mittat,
260 2666 318 2724 olai
337 2664 440 2725 divina
461 2666 585 2745 apiritua
606 2667 716 2725 virtute
737 2665 853 2745 pulaua,
875 2668 988 2728 iterum
1000 2684 1048 2749 pa·

128 2755 183 2828 tet,
206 2747 323 2809 nullum
346 2766 415 2807 aare
437 2765 530 2827 poaae
550 2748 678 2808 liberum
700 2748 867 2811 arbitrium.

211 2831 275 2908 lta,
303 2830 329 2888 ai
357 2839 519 2909 peooatum
557 2831 706 2912 originale
733 2832 887 2892 oredimus
922 2834 969 2892 aio
996 2850 1048 2893 noa

129 2912 310 2993 perdidiaaa,
332 2920 365 2971 ut
386 2915 478 2972 etiam
500 2916 553 2992 iia,
574 2916 625 2994 qui
647 2915 752 2994 apiritu
775 2921 929 2994 aguntur,
958 2933 1048 2997 uago

128 2997 203 3056 tium
226 2994 474 3055 molestissimum
497 2998 607 3071 faeiat,
629 2997 777 3057 adversus
799 2998 914 3058 bonum
937 2997 1049 3059 lubian·

130 3077 182 3155 (lo,
205 3077 321 3138 alarum
344 3086 405 3159 eat,
435 3080 509 3139 nibil
531 3082 561 3140 in
585 3079 710 3140 homine
738 3081 862 3162 spiritua
894 3082 979 3142 inani
1007 3098 1048 3141 ra·

129 3160 245 3239 liquum
272 3179 350 3240 asae,
378 3162 461 3240 quod
493 3164 532 3223 ad
561 3163 674 3224 bonurn
696 3183 765 3224 aeae
794 3161 916 3246 vertil)
943 3165 1048 3244 poaait,

129 3242 185 3303 aed
207 3250 323 3304 tantum
346 3244 384 3304 ad
409 3246 531 3306 malum.
574 3247 660 3323 item,
682 3248 708 3306 ai
729 3244 836 3308 Iudaei
858 3248 988 3307 aummia
1009 3247 1049 3307 ri·

130 3326 213 3388 ribua
234 3328 379 3387 iustitiam
412 3338 566 3389 aeotaotea
592 3331 623 3388 in
645 3331 825 3390 iniustitiam
859 3331 963 3409 potina
984 3347 1048 3411 pro·

130 3417 277 3489 ruerunt,
299 3419 331 3470 et
361 3420 470 3491 gentes
497 3414 687 3493 impietatem
715 3418 871 3473 aeotauiea
904 3416 1002 3492 gratia
1022 3420 1048 3471 et

131 3494 285 3574 inoperata
312 3493 352 3554 ad
378 3495 524 3555 iustitiam
547 3504 765 3577 pervenerunt,
787 3494 893 3556 itidem
927 3496 1046 3557 manile·

323 3662 550 3671 ——.-.—-.

203 3762 234 3826 1)
254 3759 286 3814 ln
303 3758 348 3815 ad.
370 3760 439 3815 lan:
459 3775 522 3817 aeae
539 3764 654 3816 vertare.
