<?xml version="1.0" encoding="UTF-8"?>
<!DOCTYPE html PUBLIC "-//W3C//DTD XHTML 1.0 Transitional//EN"
    "http://www.w3.org/TR/xhtml1/DTD/xhtml1-transitional.dtd">
<html xmlns="http://www.w3.org/1999/xhtml" xml:lang="en" lang="en">
 <head>
  <title>
</title>
<meta http-equiv="Content-Type" content="text/html;charset=utf-8" />
  <meta name='ocr-system' content='tesseract 3.04.00' />
  <meta name='ocr-capabilities' content='ocr_page ocr_carea ocr_par ocr_line ocrx_word'/>
</head>
<body>
  <div class='ocr_page' id='page_1' title='image "./dmartinilutheri02luthgoog_0212.png"; bbox 0 0 2348 4162; ppageno 0'>
   <div class='ocr_carea' id='block_1_1' title="bbox 274 276 991 351">
    <p class='ocr_par' dir='ltr' id='par_1_1' title="bbox 274 276 991 351">
     <span class='ocr_line' id='line_1_1' title="bbox 274 276 991 351; baseline 0.028 -20"><span class='ocrx_word' id='word_1_1' title='bbox 274 276 312 332; x_wconf 77' lang='lat' dir='ltr'><strong>ab</strong></span> <span class='ocrx_word' id='word_1_2' title='bbox 340 277 374 334; x_wconf 90' lang='lat' dir='ltr'><strong>D.</strong></span> <span class='ocrx_word' id='word_1_3' title='bbox 393 279 536 335; x_wconf 77' lang='lat' dir='ltr'><strong>Erasmum</strong></span> <span class='ocrx_word' id='word_1_4' title='bbox 554 280 779 338; x_wconf 86' lang='lat' dir='ltr'><strong>Roterodamum.</strong></span> <span class='ocrx_word' id='word_1_5' title='bbox 863 284 867 291; x_wconf 86' lang='lat'>&#39;</span> <span class='ocrx_word' id='word_1_6' title='bbox 930 283 991 351; x_wconf 85' lang='grc'><strong>199</strong></span> 
     </span>
    </p>
   </div>
   <div class='ocr_carea' id='block_1_2' title="bbox 62 448 1033 3612">
    <p class='ocr_par' dir='ltr' id='par_1_2' title="bbox 69 448 990 601">
     <span class='ocr_line' id='line_1_2' title="bbox 70 448 990 534; baseline 0.012 -25"><span class='ocrx_word' id='word_1_7' title='bbox 70 448 192 514; x_wconf 86' lang='lat' dir='ltr'><strong>arbitrio</strong></span> <span class='ocrx_word' id='word_1_8' title='bbox 214 452 357 534; x_wconf 83' lang='lat' dir='ltr'><strong>irretitur,</strong></span> <span class='ocrx_word' id='word_1_9' title='bbox 378 459 413 514; x_wconf 90' lang='lat' dir='ltr'><strong>ut</strong></span> <span class='ocrx_word' id='word_1_10' title='bbox 435 471 504 514; x_wconf 86' lang='lat' dir='ltr'><strong>eum</strong></span> <span class='ocrx_word' id='word_1_11' title='bbox 527 451 624 514; x_wconf 88' lang='lat' dir='ltr'><strong>libero</strong></span> <span class='ocrx_word' id='word_1_12' title='bbox 636 452 760 517; x_wconf 87' lang='lat' dir='ltr'><strong>arbitrio</strong></span> <span class='ocrx_word' id='word_1_13' title='bbox 776 455 990 520; x_wconf 78' lang='lat' dir='ltr'><strong>insolubilibus</strong></span> 
     </span>
     <span class='ocr_line' id='line_1_3' title="bbox 69 533 368 601; baseline 0.02 -6"><span class='ocrx_word' id='word_1_14' title='bbox 69 533 197 597; x_wconf 71' lang='lat' dir='ltr'><strong>unenlie</strong></span> <span class='ocrx_word' id='word_1_15' title='bbox 217 542 368 601; x_wconf 76' lang='lat' dir='ltr'><strong>teneatur.</strong></span> 
     </span>
    </p>

    <p class='ocr_par' dir='ltr' id='par_1_3' title="bbox 63 617 1033 1946">
     <span class='ocr_line' id='line_1_4' title="bbox 145 617 990 702; baseline 0.007 -24"><span class='ocrx_word' id='word_1_16' title='bbox 145 617 270 682; x_wconf 83' lang='lat' dir='ltr'>Deinde</span> <span class='ocrx_word' id='word_1_17' title='bbox 291 621 352 682; x_wconf 85' lang='lat' dir='ltr'><strong>boa</strong></span> <span class='ocrx_word' id='word_1_18' title='bbox 373 637 489 680; x_wconf 88' lang='lat' dir='ltr'><strong>merum</strong></span> <span class='ocrx_word' id='word_1_19' title='bbox 512 618 692 698; x_wconf 86' lang='lat' dir='ltr'><strong>figmentum</strong></span> <span class='ocrx_word' id='word_1_20' title='bbox 717 619 911 682; x_wconf 85' lang='lat' dir='ltr'><strong>dialeetieum</strong></span> <span class='ocrx_word' id='word_1_21' title='bbox 933 630 990 702; x_wconf 84' lang='lat' dir='ltr'><strong>eet,</strong></span> 
     </span>
     <span class='ocr_line' id='line_1_5' title="bbox 69 700 990 783; baseline 0.003 -20"><span class='ocrx_word' id='word_1_22' title='bbox 69 700 151 781; x_wconf 87' lang='lat' dir='ltr'><strong>quad</strong></span> <span class='ocrx_word' id='word_1_23' title='bbox 177 702 208 762; x_wconf 91' lang='lat' dir='ltr'><strong>in</strong></span> <span class='ocrx_word' id='word_1_24' title='bbox 240 703 365 766; x_wconf 89' lang='lat' dir='ltr'><strong>homine</strong></span> <span class='ocrx_word' id='word_1_25' title='bbox 394 703 434 763; x_wconf 83' lang='lat' dir='ltr'><strong>eit</strong></span> <span class='ocrx_word' id='word_1_26' title='bbox 466 702 600 762; x_wconf 87' lang='lat' dir='ltr'><strong>medium</strong></span> <span class='ocrx_word' id='word_1_27' title='bbox 622 709 653 763; x_wconf 90' lang='lat' dir='ltr'><strong>et</strong></span> <span class='ocrx_word' id='word_1_28' title='bbox 673 722 781 783; x_wconf 90' lang='lat' dir='ltr'><strong>purum</strong></span> <span class='ocrx_word' id='word_1_29' title='bbox 804 704 900 779; x_wconf 85' lang='lat' dir='ltr'><strong>velle,</strong></span> <span class='ocrx_word' id='word_1_30' title='bbox 932 725 990 766; x_wconf 85' lang='lat' dir='ltr'><strong>nea</strong></span> 
     </span>
     <span class='ocr_line' id='line_1_6' title="bbox 66 785 989 866; baseline 0.004 -21"><span class='ocrx_word' id='word_1_31' title='bbox 66 790 197 865; x_wconf 86' lang='lat' dir='ltr'><strong>pneennt</strong></span> <span class='ocrx_word' id='word_1_32' title='bbox 208 786 340 866; x_wconf 87' lang='lat' dir='ltr'><strong>probare</strong></span> <span class='ocrx_word' id='word_1_33' title='bbox 349 787 401 865; x_wconf 90' lang='lat' dir='ltr'><strong>qui</strong></span> <span class='ocrx_word' id='word_1_34' title='bbox 413 785 444 845; x_wconf 91' lang='lat' dir='ltr'><strong>id</strong></span> <span class='ocrx_word' id='word_1_35' title='bbox 465 792 620 864; x_wconf 78' lang='lat' dir='ltr'><strong>asserunt3</strong></span> <span class='ocrx_word' id='word_1_36' title='bbox 642 806 682 846; x_wconf 84' lang='lat' dir='ltr'><strong>ex</strong></span> <span class='ocrx_word' id='word_1_37' title='bbox 703 787 989 866; x_wconf 80' lang='lat' dir='ltr'><strong>ignorantiarerum</strong></span> 
     </span>
     <span class='ocr_line' id='line_1_7' title="bbox 67 868 988 949; baseline 0.005 -22"><span class='ocrx_word' id='word_1_38' title='bbox 67 874 95 927; x_wconf 87' lang='lat' dir='ltr'><strong>et</strong></span> <span class='ocrx_word' id='word_1_39' title='bbox 116 868 317 931; x_wconf 79' lang='lat' dir='ltr'><strong>observantia</strong></span> <span class='ocrx_word' id='word_1_40' title='bbox 338 869 560 930; x_wconf 82' lang='lat' dir='ltr'><strong>vocabulorum</strong></span> <span class='ocrx_word' id='word_1_41' title='bbox 583 875 687 929; x_wconf 86' lang='lat' dir='ltr'><strong>natum</strong></span> <span class='ocrx_word' id='word_1_42' title='bbox 711 875 772 948; x_wconf 85' lang='lat' dir='ltr'><strong>eet,</strong></span> <span class='ocrx_word' id='word_1_43' title='bbox 805 871 892 949; x_wconf 85' lang='lat' dir='ltr'><strong>queei</strong></span> <span class='ocrx_word' id='word_1_44' title='bbox 914 888 988 932; x_wconf 86' lang='lat' dir='ltr'><strong>eon·</strong></span> 
     </span>
     <span class='ocr_line' id='line_1_8' title="bbox 67 950 989 1034; baseline 0.005 -25"><span class='ocrx_word' id='word_1_45' title='bbox 67 950 152 1013; x_wconf 83' lang='lat' dir='ltr'><strong>tinuo</strong></span> <span class='ocrx_word' id='word_1_46' title='bbox 180 952 229 1013; x_wconf 84' lang='lat' dir='ltr'><strong>eie</strong></span> <span class='ocrx_word' id='word_1_47' title='bbox 248 954 289 1013; x_wconf 85' lang='lat' dir='ltr'><strong>eit</strong></span> <span class='ocrx_word' id='word_1_48' title='bbox 317 954 347 1014; x_wconf 89' lang='lat' dir='ltr'><strong>in</strong></span> <span class='ocrx_word' id='word_1_49' title='bbox 378 971 430 1030; x_wconf 89' lang='lat' dir='ltr'><strong>re,</strong></span> <span class='ocrx_word' id='word_1_50' title='bbox 465 952 544 1012; x_wconf 86' lang='lat' dir='ltr'><strong>eieut</strong></span> <span class='ocrx_word' id='word_1_51' title='bbox 566 950 736 1032; x_wconf 80' lang='lat' dir='ltr'>disponitur</span> <span class='ocrx_word' id='word_1_52' title='bbox 763 953 793 1011; x_wconf 95' lang='lat' dir='ltr'><strong>in</strong></span> <span class='ocrx_word' id='word_1_53' title='bbox 819 952 989 1034; x_wconf 74' lang='lat' dir='ltr'><strong>vocabulis,</strong></span> 
     </span>
     <span class='ocr_line' id='line_1_9' title="bbox 63 1033 989 1116; baseline 0.002 -22"><span class='ocrx_word' id='word_1_54' title='bbox 63 1033 170 1113; x_wconf 89' lang='lat' dir='ltr'><strong>qualia</strong></span> <span class='ocrx_word' id='word_1_55' title='bbox 192 1041 265 1096; x_wconf 85' lang='lat' dir='ltr'><strong>eunt</strong></span> <span class='ocrx_word' id='word_1_56' title='bbox 284 1035 403 1096; x_wconf 85' lang='lat' dir='ltr'><strong>infinita</strong></span> <span class='ocrx_word' id='word_1_57' title='bbox 424 1034 505 1115; x_wconf 82' lang='lat' dir='ltr'><strong>apud</strong></span> <span class='ocrx_word' id='word_1_58' title='bbox 527 1033 699 1115; x_wconf 82' lang='lat' dir='ltr'><strong>Sophietns.</strong></span> <span class='ocrx_word' id='word_1_59' title='bbox 744 1034 794 1096; x_wconf 80' lang='lat' dir='ltr'><strong>Sin</strong></span> <span class='ocrx_word' id='word_1_60' title='bbox 815 1037 917 1116; x_wconf 82' lang='lat' dir='ltr'><strong>potius</strong></span> <span class='ocrx_word' id='word_1_61' title='bbox 938 1055 989 1097; x_wconf 79' lang='lat' dir='ltr'><strong>ren</strong></span> 
     </span>
     <span class='ocr_line' id='line_1_10' title="bbox 64 1116 990 1198; baseline 0.006 -22"><span class='ocrx_word' id='word_1_62' title='bbox 64 1116 168 1198; x_wconf 87' lang='lat' dir='ltr'><strong>babet,</strong></span> <span class='ocrx_word' id='word_1_63' title='bbox 190 1123 224 1178; x_wconf 91' lang='grc' dir='ltr'><strong>ιιι</strong></span> <span class='ocrx_word' id='word_1_64' title='bbox 245 1117 382 1180; x_wconf 79' lang='lat' dir='ltr'><strong>Christus</strong></span> <span class='ocrx_word' id='word_1_65' title='bbox 405 1119 460 1179; x_wconf 89' lang='lat' dir='ltr'><strong>ait:</strong></span> <span class='ocrx_word' id='word_1_66' title='bbox 484 1117 543 1193; x_wconf 77' lang='lat' dir='ltr'><strong>Qui</strong></span> <span class='ocrx_word' id='word_1_67' title='bbox 565 1137 628 1180; x_wconf 90' lang='lat' dir='ltr'><strong>non</strong></span> <span class='ocrx_word' id='word_1_68' title='bbox 651 1123 699 1178; x_wconf 85' lang='lat' dir='ltr'><strong>eet</strong></span> <span class='ocrx_word' id='word_1_69' title='bbox 720 1137 858 1198; x_wconf 86' lang='lat' dir='ltr'><strong>meeum,</strong></span> <span class='ocrx_word' id='word_1_70' title='bbox 882 1126 990 1182; x_wconf 87' lang='lat' dir='ltr'><strong>eontra</strong></span> 
     </span>
     <span class='ocr_line' id='line_1_11' title="bbox 66 1200 990 1287; baseline 0.004 -27"><span class='ocrx_word' id='word_1_71' title='bbox 66 1219 113 1261; x_wconf 89' lang='lat' dir='ltr'><strong>me</strong></span> <span class='ocrx_word' id='word_1_72' title='bbox 134 1206 203 1281; x_wconf 67' lang='grc' dir='ltr'>θοις</span> <span class='ocrx_word' id='word_1_73' title='bbox 235 1219 299 1263; x_wconf 88' lang='lat' dir='ltr'><strong>non</strong></span> <span class='ocrx_word' id='word_1_74' title='bbox 320 1203 378 1263; x_wconf 84' lang='lat' dir='ltr'><strong>ait:</strong></span> <span class='ocrx_word' id='word_1_75' title='bbox 402 1200 461 1276; x_wconf 79' lang='lat' dir='ltr'><strong>Qui</strong></span> <span class='ocrx_word' id='word_1_76' title='bbox 483 1220 545 1263; x_wconf 90' lang='lat' dir='ltr'><strong>non</strong></span> <span class='ocrx_word' id='word_1_77' title='bbox 569 1208 616 1262; x_wconf 82' lang='lat' dir='ltr'><strong>eet</strong></span> <span class='ocrx_word' id='word_1_78' title='bbox 638 1219 772 1278; x_wconf 86' lang='lat' dir='ltr'><strong>meeum,</strong></span> <span class='ocrx_word' id='word_1_79' title='bbox 803 1221 860 1287; x_wconf 85' lang='lat' dir='ltr'><strong>nee</strong></span> <span class='ocrx_word' id='word_1_80' title='bbox 881 1207 990 1264; x_wconf 86' lang='lat' dir='ltr'><strong>eontra</strong></span> 
     </span>
     <span class='ocr_line' id='line_1_12' title="bbox 66 1282 1033 1364; baseline 0.006 -21"><span class='ocrx_word' id='word_1_81' title='bbox 66 1301 130 1364; x_wconf 87' lang='lat' dir='ltr'><strong>me,</strong></span> <span class='ocrx_word' id='word_1_82' title='bbox 153 1282 210 1345; x_wconf 80' lang='lat' dir='ltr'><strong>ned</strong></span> <span class='ocrx_word' id='word_1_83' title='bbox 232 1284 264 1345; x_wconf 92' lang='lat' dir='ltr'><strong>in</strong></span> <span class='ocrx_word' id='word_1_84' title='bbox 286 1284 468 1348; x_wconf 79' lang='lat' dir='ltr'><strong>mediaest.</strong></span> <span class='ocrx_word' id='word_1_85' title='bbox 513 1283 592 1359; x_wconf 79' lang='lat' dir='ltr'><strong>Quia</strong></span> <span class='ocrx_word' id='word_1_86' title='bbox 613 1285 639 1344; x_wconf 87' lang='lat' dir='ltr'><strong>ei</strong></span> <span class='ocrx_word' id='word_1_87' title='bbox 664 1284 747 1344; x_wconf 81' lang='lat' dir='ltr'><strong>Deus</strong></span> <span class='ocrx_word' id='word_1_88' title='bbox 769 1285 799 1346; x_wconf 89' lang='lat' dir='ltr'><strong>in</strong></span> <span class='ocrx_word' id='word_1_89' title='bbox 821 1285 911 1347; x_wconf 83' lang='lat' dir='ltr'><strong>nobie</strong></span> <span class='ocrx_word' id='word_1_90' title='bbox 932 1292 989 1364; x_wconf 84' lang='lat' dir='ltr'><strong>eet,</strong></span> <span class='ocrx_word' id='word_1_91' title='bbox 1031 1344 1033 1349; x_wconf 91' lang='lat'><em>.</em></span> 
     </span>
     <span class='ocr_line' id='line_1_13' title="bbox 66 1365 988 1447; baseline 0 -18"><span class='ocrx_word' id='word_1_92' title='bbox 66 1365 162 1429; x_wconf 79' lang='lat' dir='ltr'><strong>satan</strong></span> <span class='ocrx_word' id='word_1_93' title='bbox 185 1366 284 1445; x_wconf 81' lang='lat' dir='ltr'><strong>abest,</strong></span> <span class='ocrx_word' id='word_1_94' title='bbox 305 1375 336 1428; x_wconf 87' lang='lat' dir='ltr'><strong>et</strong></span> <span class='ocrx_word' id='word_1_95' title='bbox 356 1387 419 1429; x_wconf 88' lang='lat' dir='ltr'><strong>nnn</strong></span> <span class='ocrx_word' id='word_1_96' title='bbox 442 1368 501 1428; x_wconf 84' lang='lat' dir='ltr'><strong>nisi</strong></span> <span class='ocrx_word' id='word_1_97' title='bbox 522 1366 602 1428; x_wconf 90' lang='lat' dir='ltr'><strong>velle</strong></span> <span class='ocrx_word' id='word_1_98' title='bbox 619 1365 733 1427; x_wconf 91' lang='lat' dir='ltr'><strong>bonum</strong></span> <span class='ocrx_word' id='word_1_99' title='bbox 748 1366 846 1447; x_wconf 84' lang='lat' dir='ltr'><strong>adeet,</strong></span> <span class='ocrx_word' id='word_1_100' title='bbox 868 1369 988 1430; x_wconf 86' lang='lat' dir='ltr'><strong>eiDeue</strong></span> 
     </span>
     <span class='ocr_line' id='line_1_14' title="bbox 66 1448 987 1531; baseline 0.003 -22"><span class='ocrx_word' id='word_1_101' title='bbox 66 1448 162 1531; x_wconf 81' lang='lat' dir='ltr'><strong>abeat,</strong></span> <span class='ocrx_word' id='word_1_102' title='bbox 187 1449 282 1511; x_wconf 82' lang='lat' dir='ltr'><strong>Satan</strong></span> <span class='ocrx_word' id='word_1_103' title='bbox 305 1450 410 1531; x_wconf 81' lang='lat' dir='ltr'><strong>edent,</strong></span> <span class='ocrx_word' id='word_1_104' title='bbox 441 1470 500 1511; x_wconf 88' lang='lat' dir='ltr'><strong>nee</strong></span> <span class='ocrx_word' id='word_1_105' title='bbox 521 1450 578 1511; x_wconf 81' lang='lat' dir='ltr'><strong>nisi</strong></span> <span class='ocrx_word' id='word_1_106' title='bbox 607 1450 687 1511; x_wconf 88' lang='lat' dir='ltr'><strong>veile</strong></span> <span class='ocrx_word' id='word_1_107' title='bbox 710 1451 822 1512; x_wconf 85' lang='lat' dir='ltr'><strong>maium</strong></span> <span class='ocrx_word' id='word_1_108' title='bbox 845 1451 876 1510; x_wconf 95' lang='lat' dir='ltr'><strong>in</strong></span> <span class='ocrx_word' id='word_1_109' title='bbox 898 1451 987 1512; x_wconf 85' lang='lat' dir='ltr'><strong>nobie</strong></span> 
     </span>
     <span class='ocr_line' id='line_1_15' title="bbox 66 1531 988 1614; baseline 0.002 -22"><span class='ocrx_word' id='word_1_110' title='bbox 66 1538 119 1595; x_wconf 86' lang='lat' dir='ltr'><strong>eet.</strong></span> <span class='ocrx_word' id='word_1_111' title='bbox 163 1531 233 1595; x_wconf 84' lang='lat' dir='ltr'><strong>Nee</strong></span> <span class='ocrx_word' id='word_1_112' title='bbox 254 1534 338 1594; x_wconf 85' lang='lat' dir='ltr'><strong>Deus</strong></span> <span class='ocrx_word' id='word_1_113' title='bbox 373 1553 432 1594; x_wconf 86' lang='lat' dir='ltr'><strong>nen</strong></span> <span class='ocrx_word' id='word_1_114' title='bbox 456 1533 552 1596; x_wconf 86' lang='lat' dir='ltr'><strong>Satan</strong></span> <span class='ocrx_word' id='word_1_115' title='bbox 586 1552 702 1593; x_wconf 90' lang='lat' dir='ltr'><strong>merum</strong></span> <span class='ocrx_word' id='word_1_116' title='bbox 725 1541 755 1594; x_wconf 92' lang='lat' dir='ltr'><strong>et</strong></span> <span class='ocrx_word' id='word_1_117' title='bbox 776 1553 886 1614; x_wconf 90' lang='lat' dir='ltr'><strong>purum</strong></span> <span class='ocrx_word' id='word_1_118' title='bbox 909 1534 988 1595; x_wconf 89' lang='lat' dir='ltr'><strong>velle</strong></span> 
     </span>
     <span class='ocr_line' id='line_1_16' title="bbox 66 1615 988 1696; baseline 0.002 -20"><span class='ocrx_word' id='word_1_119' title='bbox 66 1616 168 1677; x_wconf 81' lang='lat' dir='ltr'><strong>sinunt</strong></span> <span class='ocrx_word' id='word_1_120' title='bbox 190 1615 223 1677; x_wconf 94' lang='lat' dir='ltr'><strong>in</strong></span> <span class='ocrx_word' id='word_1_121' title='bbox 246 1616 345 1696; x_wconf 86' lang='lat' dir='ltr'><strong>nobie,</strong></span> <span class='ocrx_word' id='word_1_122' title='bbox 367 1615 422 1677; x_wconf 85' lang='lat' dir='ltr'><strong>sed</strong></span> <span class='ocrx_word' id='word_1_123' title='bbox 445 1618 523 1678; x_wconf 79' lang='lat' dir='ltr'><strong>sieut</strong></span> <span class='ocrx_word' id='word_1_124' title='bbox 543 1620 627 1677; x_wconf 85' lang='lat' dir='ltr'><strong>reete</strong></span> <span class='ocrx_word' id='word_1_125' title='bbox 638 1616 752 1696; x_wconf 75' lang='lat' dir='ltr'><strong>dixisti,</strong></span> <span class='ocrx_word' id='word_1_126' title='bbox 776 1616 988 1678; x_wconf 82' lang='lat' dir='ltr'><strong>aminealiber·</strong></span> 
     </span>
     <span class='ocr_line' id='line_1_17' title="bbox 66 1698 987 1781; baseline -0.001 -21"><span class='ocrx_word' id='word_1_127' title='bbox 66 1704 125 1761; x_wconf 88' lang='lat' dir='ltr'><strong>tate</strong></span> <span class='ocrx_word' id='word_1_128' title='bbox 147 1700 289 1780; x_wconf 79' lang='lat' dir='ltr'><strong>cogimur</strong></span> <span class='ocrx_word' id='word_1_129' title='bbox 310 1701 425 1763; x_wconf 75' lang='lat' dir='ltr'><strong>servire</strong></span> <span class='ocrx_word' id='word_1_130' title='bbox 447 1705 586 1781; x_wconf 76' lang='lat' dir='ltr'><strong>peceato,</strong></span> <span class='ocrx_word' id='word_1_131' title='bbox 609 1699 669 1760; x_wconf 88' lang='lat' dir='ltr'><strong>boe</strong></span> <span class='ocrx_word' id='word_1_132' title='bbox 692 1704 748 1781; x_wconf 85' lang='lat' dir='ltr'><strong>eet,</strong></span> <span class='ocrx_word' id='word_1_133' title='bbox 770 1717 829 1761; x_wconf 87' lang='lat' dir='ltr'><strong>noe</strong></span> <span class='ocrx_word' id='word_1_134' title='bbox 845 1698 987 1761; x_wconf 83' lang='lat' dir='ltr'><strong>volumus</strong></span> 
     </span>
     <span class='ocr_line' id='line_1_18' title="bbox 66 1781 987 1864; baseline 0 -21"><span class='ocrx_word' id='word_1_135' title='bbox 66 1789 228 1861; x_wconf 79' lang='lat' dir='ltr'><strong>pennatum</strong></span> <span class='ocrx_word' id='word_1_136' title='bbox 250 1790 282 1844; x_wconf 89' lang='lat' dir='ltr'><strong>et</strong></span> <span class='ocrx_word' id='word_1_137' title='bbox 303 1783 427 1861; x_wconf 90' lang='lat' dir='ltr'><strong>malum,</strong></span> <span class='ocrx_word' id='word_1_138' title='bbox 449 1783 603 1863; x_wconf 80' lang='lat' dir='ltr'><strong>loquimur</strong></span> <span class='ocrx_word' id='word_1_139' title='bbox 625 1789 786 1864; x_wconf 81' lang='lat' dir='ltr'><strong>pennatum</strong></span> <span class='ocrx_word' id='word_1_140' title='bbox 810 1787 841 1843; x_wconf 90' lang='lat' dir='ltr'><strong>et</strong></span> <span class='ocrx_word' id='word_1_141' title='bbox 862 1781 987 1863; x_wconf 87' lang='lat' dir='ltr'><strong>malum,</strong></span> 
     </span>
     <span class='ocr_line' id='line_1_19' title="bbox 65 1864 574 1946; baseline 0.012 -22"><span class='ocrx_word' id='word_1_142' title='bbox 65 1864 192 1927; x_wconf 83' lang='lat' dir='ltr'><strong>ianimue</strong></span> <span class='ocrx_word' id='word_1_143' title='bbox 213 1873 374 1946; x_wconf 84' lang='lat' dir='ltr'><strong>pennatum</strong></span> <span class='ocrx_word' id='word_1_144' title='bbox 398 1873 429 1928; x_wconf 90' lang='lat' dir='ltr'><strong>et</strong></span> <span class='ocrx_word' id='word_1_145' title='bbox 450 1866 574 1930; x_wconf 83' lang='lat' dir='ltr'><strong>maium.</strong></span> 
     </span>
    </p>

    <p class='ocr_par' dir='ltr' id='par_1_4' title="bbox 62 1947 987 2862">
     <span class='ocr_line' id='line_1_20' title="bbox 144 1947 987 2031; baseline 0 -22"><span class='ocrx_word' id='word_1_146' title='bbox 144 1948 245 2027; x_wconf 86' lang='lat' dir='ltr'><strong>Vide,</strong></span> <span class='ocrx_word' id='word_1_147' title='bbox 267 1950 326 2011; x_wconf 86' lang='lat' dir='ltr'><strong>bun</strong></span> <span class='ocrx_word' id='word_1_148' title='bbox 348 1950 483 2031; x_wconf 83' lang='lat' dir='ltr'>perpulit</span> <span class='ocrx_word' id='word_1_149' title='bbox 513 1947 664 2010; x_wconf 89' lang='lat' dir='ltr'><strong>diatriben</strong></span> <span class='ocrx_word' id='word_1_150' title='bbox 698 1947 921 2028; x_wconf 81' lang='lat' dir='ltr'>imprudentem</span> <span class='ocrx_word' id='word_1_151' title='bbox 943 1947 987 2009; x_wconf 91' lang='lat' dir='ltr'><strong>in·</strong></span> 
     </span>
     <span class='ocr_line' id='line_1_21' title="bbox 66 2030 987 2114; baseline -0.001 -21"><span class='ocrx_word' id='word_1_152' title='bbox 66 2030 218 2093; x_wconf 79' lang='lat' dir='ltr'><strong>vineibilis</strong></span> <span class='ocrx_word' id='word_1_153' title='bbox 240 2039 273 2094; x_wconf 87' lang='lat' dir='ltr'><strong>et</strong></span> <span class='ocrx_word' id='word_1_154' title='bbox 292 2034 509 2114; x_wconf 80' lang='lat' dir='ltr'><strong>potentissima</strong></span> <span class='ocrx_word' id='word_1_155' title='bbox 543 2032 672 2109; x_wconf 84' lang='lat' dir='ltr'><strong>veritae,</strong></span> <span class='ocrx_word' id='word_1_156' title='bbox 707 2038 739 2092; x_wconf 89' lang='lat' dir='ltr'><strong>et</strong></span> <span class='ocrx_word' id='word_1_157' title='bbox 761 2030 885 2092; x_wconf 81' lang='lat' dir='ltr'><strong>stultam</strong></span> <span class='ocrx_word' id='word_1_158' title='bbox 914 2030 987 2092; x_wconf 85' lang='lat' dir='ltr'><strong>feeit</strong></span> 
     </span>
     <span class='ocr_line' id='line_1_22' title="bbox 65 2113 985 2195; baseline 0.001 -21"><span class='ocrx_word' id='word_1_159' title='bbox 65 2116 249 2195; x_wconf 73' lang='lat' dir='ltr'><strong>sapientiam</strong></span> <span class='ocrx_word' id='word_1_160' title='bbox 277 2116 357 2195; x_wconf 82' lang='lat' dir='ltr'><strong>eius,</strong></span> <span class='ocrx_word' id='word_1_161' title='bbox 390 2123 424 2177; x_wconf 88' lang='grc' dir='ltr'><strong>ιιι</strong></span> <span class='ocrx_word' id='word_1_162' title='bbox 445 2122 554 2178; x_wconf 85' lang='lat' dir='ltr'><strong>eontra</strong></span> <span class='ocrx_word' id='word_1_163' title='bbox 584 2133 642 2176; x_wconf 87' lang='lat' dir='ltr'><strong>noe</strong></span> <span class='ocrx_word' id='word_1_164' title='bbox 672 2114 789 2175; x_wconf 78' lang='lat' dir='ltr'><strong>dictura</strong></span> <span class='ocrx_word' id='word_1_165' title='bbox 817 2133 874 2195; x_wconf 86' lang='lat' dir='ltr'><strong>pro</strong></span> <span class='ocrx_word' id='word_1_166' title='bbox 896 2113 985 2175; x_wconf 82' lang='lat' dir='ltr'><strong>nobie</strong></span> 
     </span>
     <span class='ocr_line' id='line_1_23' title="bbox 65 2197 987 2280; baseline 0 -23"><span class='ocrx_word' id='word_1_167' title='bbox 65 2206 173 2261; x_wconf 87' lang='lat' dir='ltr'><strong>eontra</strong></span> <span class='ocrx_word' id='word_1_168' title='bbox 194 2217 231 2261; x_wconf 87' lang='lat' dir='ltr'><strong>ee</strong></span> <span class='ocrx_word' id='word_1_169' title='bbox 252 2197 354 2260; x_wconf 80' lang='lat' dir='ltr'><strong>dicere</strong></span> <span class='ocrx_word' id='word_1_170' title='bbox 376 2208 553 2280; x_wconf 75' lang='lat' dir='ltr'><strong>cogeretur,</strong></span> <span class='ocrx_word' id='word_1_171' title='bbox 589 2217 650 2259; x_wconf 92' lang='lat' dir='ltr'><strong>nnn</strong></span> <span class='ocrx_word' id='word_1_172' title='bbox 674 2198 777 2276; x_wconf 88' lang='lat' dir='ltr'><strong>aliter,</strong></span> <span class='ocrx_word' id='word_1_173' title='bbox 801 2217 891 2277; x_wconf 86' lang='lat' dir='ltr'><strong>quam</strong></span> <span class='ocrx_word' id='word_1_174' title='bbox 915 2197 987 2258; x_wconf 77' lang='lat' dir='ltr'><strong>feeit</strong></span> 
     </span>
     <span class='ocr_line' id='line_1_24' title="bbox 64 2279 987 2362; baseline 0.001 -22"><span class='ocrx_word' id='word_1_175' title='bbox 64 2279 194 2345; x_wconf 87' lang='lat' dir='ltr'><strong>liberum</strong></span> <span class='ocrx_word' id='word_1_176' title='bbox 228 2281 382 2343; x_wconf 77' lang='lat' dir='ltr'><strong>arbitrium</strong></span> <span class='ocrx_word' id='word_1_177' title='bbox 413 2282 528 2362; x_wconf 84' lang='lat' dir='ltr'><strong>aliquid</strong></span> <span class='ocrx_word' id='word_1_178' title='bbox 551 2282 640 2353; x_wconf 86' lang='lat' dir='ltr'><strong>boni,</strong></span> <span class='ocrx_word' id='word_1_179' title='bbox 671 2287 734 2341; x_wconf 89' lang='lat' dir='ltr'><strong>tum</strong></span> <span class='ocrx_word' id='word_1_180' title='bbox 769 2282 849 2341; x_wconf 86' lang='lat' dir='ltr'><strong>enim</strong></span> <span class='ocrx_word' id='word_1_181' title='bbox 878 2287 987 2341; x_wconf 85' lang='lat' dir='ltr'><strong>eontra</strong></span> 
     </span>
     <span class='ocr_line' id='line_1_25' title="bbox 64 2362 984 2441; baseline -0.003 -16"><span class='ocrx_word' id='word_1_182' title='bbox 64 2364 180 2425; x_wconf 86' lang='lat' dir='ltr'><strong>maium</strong></span> <span class='ocrx_word' id='word_1_183' title='bbox 212 2364 355 2427; x_wconf 78' lang='lat' dir='ltr'><strong>faciendo</strong></span> <span class='ocrx_word' id='word_1_184' title='bbox 388 2366 522 2427; x_wconf 88' lang='lat' dir='ltr'><strong>maxime</strong></span> <span class='ocrx_word' id='word_1_185' title='bbox 544 2372 652 2426; x_wconf 85' lang='lat' dir='ltr'><strong>eontra</strong></span> <span class='ocrx_word' id='word_1_186' title='bbox 673 2363 786 2425; x_wconf 91' lang='lat' dir='ltr'><strong>bonum</strong></span> <span class='ocrx_word' id='word_1_187' title='bbox 819 2362 984 2441; x_wconf 76' lang='lat' dir='ltr'><strong>malefacit,</strong></span> 
     </span>
     <span class='ocr_line' id='line_1_26' title="bbox 63 2445 984 2529; baseline -0.003 -21"><span class='ocrx_word' id='word_1_188' title='bbox 63 2454 94 2508; x_wconf 89' lang='lat' dir='ltr'><strong>ut</strong></span> <span class='ocrx_word' id='word_1_189' title='bbox 124 2446 257 2509; x_wconf 79' lang='lat' dir='ltr'><strong>diatriba</strong></span> <span class='ocrx_word' id='word_1_190' title='bbox 278 2449 347 2529; x_wconf 86' lang='lat' dir='ltr'><strong>ipee</strong></span> <span class='ocrx_word' id='word_1_191' title='bbox 369 2448 439 2510; x_wconf 83' lang='lat' dir='ltr'><strong>talis</strong></span> <span class='ocrx_word' id='word_1_192' title='bbox 461 2450 552 2510; x_wconf 82' lang='lat' dir='ltr'><strong>sitin</strong></span> <span class='ocrx_word' id='word_1_193' title='bbox 574 2446 716 2523; x_wconf 65' lang='lat' dir='ltr'><strong>diruendo,</strong></span> <span class='ocrx_word' id='word_1_194' title='bbox 738 2445 828 2525; x_wconf 89' lang='lat' dir='ltr'><strong>quale</strong></span> <span class='ocrx_word' id='word_1_195' title='bbox 845 2452 892 2506; x_wconf 82' lang='lat' dir='ltr'><strong>est</strong></span> <span class='ocrx_word' id='word_1_196' title='bbox 913 2445 984 2505; x_wconf 89' lang='lat' dir='ltr'><strong>iibe-</strong></span> 
     </span>
     <span class='ocr_line' id='line_1_27' title="bbox 62 2527 986 2611; baseline -0.004 -20"><span class='ocrx_word' id='word_1_197' title='bbox 62 2549 127 2592; x_wconf 89' lang='lat' dir='ltr'><strong>rnm</strong></span> <span class='ocrx_word' id='word_1_198' title='bbox 150 2530 308 2593; x_wconf 83' lang='lat' dir='ltr'><strong>arbitrium</strong></span> <span class='ocrx_word' id='word_1_199' title='bbox 330 2532 362 2593; x_wconf 95' lang='lat' dir='ltr'><strong>in</strong></span> <span class='ocrx_word' id='word_1_200' title='bbox 384 2531 545 2611; x_wconf 80' lang='lat' dir='ltr'><strong>iaciendo,</strong></span> <span class='ocrx_word' id='word_1_201' title='bbox 574 2549 749 2611; x_wconf 88' lang='lat' dir='ltr'><strong>quanquam</strong></span> <span class='ocrx_word' id='word_1_202' title='bbox 772 2536 803 2589; x_wconf 89' lang='lat' dir='ltr'><strong>et</strong></span> <span class='ocrx_word' id='word_1_203' title='bbox 823 2530 892 2608; x_wconf 83' lang='lat' dir='ltr'><strong>ipsa</strong></span> <span class='ocrx_word' id='word_1_204' title='bbox 924 2527 986 2588; x_wconf 92' lang='lat' dir='ltr'><strong>dia·</strong></span> 
     </span>
     <span class='ocr_line' id='line_1_28' title="bbox 62 2609 985 2694; baseline -0.002 -21"><span class='ocrx_word' id='word_1_205' title='bbox 62 2614 140 2676; x_wconf 89' lang='lat' dir='ltr'><strong>tribe</strong></span> <span class='ocrx_word' id='word_1_206' title='bbox 162 2620 229 2675; x_wconf 86' lang='lat' dir='ltr'><strong>tota</strong></span> <span class='ocrx_word' id='word_1_207' title='bbox 251 2614 333 2676; x_wconf 88' lang='lat' dir='ltr'><strong>aliud</strong></span> <span class='ocrx_word' id='word_1_208' title='bbox 356 2615 429 2675; x_wconf 89' lang='lat' dir='ltr'><strong>nihii</strong></span> <span class='ocrx_word' id='word_1_209' title='bbox 452 2617 500 2691; x_wconf 83' lang='lat' dir='ltr'><strong>eit,</strong></span> <span class='ocrx_word' id='word_1_210' title='bbox 523 2634 613 2694; x_wconf 82' lang='lat' dir='ltr'><strong>quem</strong></span> <span class='ocrx_word' id='word_1_211' title='bbox 627 2613 783 2693; x_wconf 84' lang='lat' dir='ltr'><strong>egregium</strong></span> <span class='ocrx_word' id='word_1_212' title='bbox 807 2630 884 2691; x_wconf 78' lang='lat' dir='ltr'><strong>opus</strong></span> <span class='ocrx_word' id='word_1_213' title='bbox 899 2609 985 2671; x_wconf 90' lang='lat' dir='ltr'><strong>liberi</strong></span> 
     </span>
     <span class='ocr_line' id='line_1_29' title="bbox 63 2693 986 2774; baseline -0.004 -17"><span class='ocrx_word' id='word_1_214' title='bbox 63 2696 194 2774; x_wconf 88' lang='lat' dir='ltr'><strong>arbitrii,</strong></span> <span class='ocrx_word' id='word_1_215' title='bbox 218 2697 412 2759; x_wconf 86' lang='lat' dir='ltr'><strong>defendendo</strong></span> <span class='ocrx_word' id='word_1_216' title='bbox 446 2698 596 2759; x_wconf 83' lang='lat' dir='ltr'><strong>damnans</strong></span> <span class='ocrx_word' id='word_1_217' title='bbox 624 2701 655 2758; x_wconf 89' lang='lat' dir='ltr'><strong>et</strong></span> <span class='ocrx_word' id='word_1_218' title='bbox 686 2694 862 2756; x_wconf 82' lang='lat' dir='ltr'><strong>damnando</strong></span> <span class='ocrx_word' id='word_1_219' title='bbox 885 2693 986 2753; x_wconf 88' lang='lat' dir='ltr'><strong>desen·</strong></span> 
     </span>
     <span class='ocr_line' id='line_1_30' title="bbox 63 2776 952 2862; baseline -0.004 -22"><span class='ocrx_word' id='word_1_220' title='bbox 63 2779 151 2858; x_wconf 84' lang='lat' dir='ltr'><strong>dene,</strong></span> <span class='ocrx_word' id='word_1_221' title='bbox 175 2780 236 2841; x_wconf 85' lang='lat' dir='ltr'><strong>boe</strong></span> <span class='ocrx_word' id='word_1_222' title='bbox 259 2787 306 2842; x_wconf 85' lang='lat' dir='ltr'><strong>eet</strong></span> <span class='ocrx_word' id='word_1_223' title='bbox 327 2780 374 2843; x_wconf 84' lang='lat' dir='ltr'><strong>bie</strong></span> <span class='ocrx_word' id='word_1_224' title='bbox 396 2782 497 2862; x_wconf 82' lang='lat' dir='ltr'><strong>stulta,</strong></span> <span class='ocrx_word' id='word_1_225' title='bbox 522 2781 592 2843; x_wconf 90' lang='lat' dir='ltr'><strong>dum</strong></span> <span class='ocrx_word' id='word_1_226' title='bbox 615 2780 738 2861; x_wconf 78' lang='lat' dir='ltr'><strong>sepiens</strong></span> <span class='ocrx_word' id='word_1_227' title='bbox 763 2777 826 2838; x_wconf 83' lang='lat' dir='ltr'><strong>vult</strong></span> <span class='ocrx_word' id='word_1_228' title='bbox 848 2776 952 2837; x_wconf 88' lang='lat' dir='ltr'><strong>videri.</strong></span> 
     </span>
    </p>

    <p class='ocr_par' dir='ltr' id='par_1_5' title="bbox 62 2859 985 3612">
     <span class='ocr_line' id='line_1_31' title="bbox 143 2859 983 2945; baseline -0.007 -19"><span class='ocrx_word' id='word_1_229' title='bbox 143 2860 200 2927; x_wconf 77' lang='lat' dir='ltr'><strong>sie</strong></span> <span class='ocrx_word' id='word_1_230' title='bbox 219 2863 313 2925; x_wconf 91' lang='lat' dir='ltr'><strong>babet</strong></span> <span class='ocrx_word' id='word_1_231' title='bbox 334 2866 432 2945; x_wconf 88' lang='lat' dir='ltr'><strong>prima</strong></span> <span class='ocrx_word' id='word_1_232' title='bbox 445 2866 563 2945; x_wconf 85' lang='lat' dir='ltr'><strong>opinio,</strong></span> <span class='ocrx_word' id='word_1_233' title='bbox 586 2864 642 2925; x_wconf 87' lang='lat' dir='ltr'><strong>eibi</strong></span> <span class='ocrx_word' id='word_1_234' title='bbox 664 2859 769 2944; x_wconf 83' lang='lat' dir='ltr'><strong>ipea¹)</strong></span> <span class='ocrx_word' id='word_1_235' title='bbox 793 2867 983 2941; x_wconf 75' lang='lat' dir='ltr'><strong>comparata,</strong></span> 
     </span>
     <span class='ocr_line' id='line_1_32' title="bbox 63 2945 985 3028; baseline -0.004 -21"><span class='ocrx_word' id='word_1_236' title='bbox 63 2952 96 3007; x_wconf 90' lang='lat' dir='ltr'><strong>ut</strong></span> <span class='ocrx_word' id='word_1_237' title='bbox 114 2952 226 3028; x_wconf 80' lang='lat' dir='ltr'><strong>neget,</strong></span> <span class='ocrx_word' id='word_1_238' title='bbox 250 2948 412 3027; x_wconf 84' lang='lat' dir='ltr'><strong>quiequam</strong></span> <span class='ocrx_word' id='word_1_239' title='bbox 436 2947 508 3009; x_wconf 90' lang='lat' dir='ltr'><strong>boni</strong></span> <span class='ocrx_word' id='word_1_240' title='bbox 531 2948 625 3028; x_wconf 81' lang='lat' dir='ltr'><strong>poene</strong></span> <span class='ocrx_word' id='word_1_241' title='bbox 647 2947 726 3007; x_wconf 88' lang='lat' dir='ltr'><strong>velle</strong></span> <span class='ocrx_word' id='word_1_242' title='bbox 748 2945 920 3023; x_wconf 84' lang='lat' dir='ltr'><strong>bominem,</strong></span> <span class='ocrx_word' id='word_1_243' title='bbox 954 2951 985 3004; x_wconf 90' lang='lat' dir='ltr'><strong>et</strong></span> 
     </span>
     <span class='ocr_line' id='line_1_33' title="bbox 63 3029 985 3110; baseline -0.005 -19"><span class='ocrx_word' id='word_1_244' title='bbox 63 3035 167 3091; x_wconf 81' lang='lat' dir='ltr'><strong>tamen</strong></span> <span class='ocrx_word' id='word_1_245' title='bbox 189 3029 318 3109; x_wconf 86' lang='lat' dir='ltr'><strong>relinqui</strong></span> <span class='ocrx_word' id='word_1_246' title='bbox 341 3030 484 3110; x_wconf 80' lang='lat' dir='ltr'><strong>studium,</strong></span> <span class='ocrx_word' id='word_1_247' title='bbox 508 3031 589 3110; x_wconf 87' lang='lat' dir='ltr'><strong>quod</strong></span> <span class='ocrx_word' id='word_1_248' title='bbox 613 3038 714 3091; x_wconf 84' lang='lat' dir='ltr'><strong>tamen</strong></span> <span class='ocrx_word' id='word_1_249' title='bbox 738 3048 825 3089; x_wconf 79' lang='lat' dir='ltr'><strong>auum</strong></span> <span class='ocrx_word' id='word_1_250' title='bbox 861 3046 985 3107; x_wconf 89' lang='lat' dir='ltr'><strong>quoque</strong></span> 
     </span>
     <span class='ocr_line' id='line_1_34' title="bbox 63 3110 983 3194; baseline 0.001 -21"><span class='ocrx_word' id='word_1_251' title='bbox 63 3131 125 3175; x_wconf 88' lang='lat' dir='ltr'><strong>non</strong></span> <span class='ocrx_word' id='word_1_252' title='bbox 147 3112 198 3176; x_wconf 80' lang='lat' dir='ltr'><strong>nit.</strong></span> <span class='ocrx_word' id='word_1_253' title='bbox 241 3113 308 3177; x_wconf 91' lang='lat' dir='ltr'><strong>lam</strong></span> <span class='ocrx_word' id='word_1_254' title='bbox 344 3133 557 3194; x_wconf 77' lang='lat' dir='ltr'><strong>comparemur</strong></span> <span class='ocrx_word' id='word_1_255' title='bbox 591 3134 658 3174; x_wconf 86' lang='lat' dir='ltr'><strong>eam</strong></span> <span class='ocrx_word' id='word_1_256' title='bbox 695 3112 819 3192; x_wconf 83' lang='lat' dir='ltr'><strong>reliquie</strong></span> <span class='ocrx_word' id='word_1_257' title='bbox 855 3110 983 3176; x_wconf 79' lang='lat' dir='ltr'><strong>duabus.</strong></span> 
     </span>
     <span class='ocr_line' id='line_1_35' title="bbox 62 3192 983 3276; baseline -0.004 -19"><span class='ocrx_word' id='word_1_258' title='bbox 62 3196 171 3258; x_wconf 82' lang='lat' dir='ltr'><strong>Altera</strong></span> <span class='ocrx_word' id='word_1_259' title='bbox 192 3197 275 3259; x_wconf 88' lang='lat' dir='ltr'><strong>enim</strong></span> <span class='ocrx_word' id='word_1_260' title='bbox 297 3196 351 3257; x_wconf 88' lang='lat' dir='ltr'><strong>illa</strong></span> <span class='ocrx_word' id='word_1_261' title='bbox 373 3197 476 3258; x_wconf 88' lang='lat' dir='ltr'><strong>durior</strong></span> <span class='ocrx_word' id='word_1_262' title='bbox 497 3204 553 3275; x_wconf 85' lang='lat' dir='ltr'><strong>eet,</strong></span> <span class='ocrx_word' id='word_1_263' title='bbox 576 3215 654 3276; x_wconf 86' lang='lat' dir='ltr'><strong>quae</strong></span> <span class='ocrx_word' id='word_1_264' title='bbox 669 3196 770 3273; x_wconf 81' lang='lat' dir='ltr'><strong>sentit,</strong></span> <span class='ocrx_word' id='word_1_265' title='bbox 792 3192 920 3254; x_wconf 83' lang='lat' dir='ltr'><strong>liberum</strong></span> <span class='ocrx_word' id='word_1_266' title='bbox 938 3214 983 3254; x_wconf 86' lang='lat' dir='ltr'><strong>er·</strong></span> 
     </span>
     <span class='ocr_line' id='line_1_36' title="bbox 64 3277 981 3360; baseline -0.001 -21"><span class='ocrx_word' id='word_1_267' title='bbox 64 3278 185 3341; x_wconf 90' lang='lat' dir='ltr'><strong>bitrium</strong></span> <span class='ocrx_word' id='word_1_268' title='bbox 208 3279 283 3340; x_wconf 90' lang='lat' dir='ltr'><strong>nibil</strong></span> <span class='ocrx_word' id='word_1_269' title='bbox 305 3280 407 3341; x_wconf 86' lang='lat' dir='ltr'><strong>valere</strong></span> <span class='ocrx_word' id='word_1_270' title='bbox 429 3282 488 3341; x_wconf 82' lang='lat' dir='ltr'><strong>nini</strong></span> <span class='ocrx_word' id='word_1_271' title='bbox 510 3281 548 3340; x_wconf 86' lang='lat' dir='ltr'><strong>ad</strong></span> <span class='ocrx_word' id='word_1_272' title='bbox 571 3279 774 3360; x_wconf 74' lang='lat' dir='ltr'><strong>peccandum.</strong></span> <span class='ocrx_word' id='word_1_273' title='bbox 802 3277 886 3337; x_wconf 82' lang='lat' dir='ltr'><strong>Haec</strong></span> <span class='ocrx_word' id='word_1_274' title='bbox 907 3296 981 3339; x_wconf 88' lang='lat' dir='ltr'><strong>vero</strong></span> 
     </span>
     <span class='ocr_line' id='line_1_37' title="bbox 63 3360 983 3442; baseline -0.003 -20"><span class='ocrx_word' id='word_1_275' title='bbox 63 3370 109 3423; x_wconf 84' lang='lat' dir='ltr'><strong>est</strong></span> <span class='ocrx_word' id='word_1_276' title='bbox 130 3362 313 3442; x_wconf 76' lang='lat' dir='ltr'><strong>Augustini,</strong></span> <span class='ocrx_word' id='word_1_277' title='bbox 336 3371 368 3424; x_wconf 93' lang='lat' dir='ltr'><strong>ut</strong></span> <span class='ocrx_word' id='word_1_278' title='bbox 388 3364 491 3426; x_wconf 85' lang='lat' dir='ltr'><strong>multis</strong></span> <span class='ocrx_word' id='word_1_279' title='bbox 514 3364 580 3425; x_wconf 81' lang='lat' dir='ltr'><strong>aliie</strong></span> <span class='ocrx_word' id='word_1_280' title='bbox 604 3363 691 3438; x_wconf 83' lang='lat' dir='ltr'><strong>loeis,</strong></span> <span class='ocrx_word' id='word_1_281' title='bbox 713 3371 776 3424; x_wconf 87' lang='lat' dir='ltr'><strong>tum</strong></span> <span class='ocrx_word' id='word_1_282' title='bbox 799 3361 923 3441; x_wconf 85' lang='lat' dir='ltr'><strong>proprie</strong></span> <span class='ocrx_word' id='word_1_283' title='bbox 944 3360 983 3420; x_wconf 94' lang='lat' dir='ltr'><strong>li-</strong></span> 
     </span>
     <span class='ocr_line' id='line_1_38' title="bbox 64 3443 983 3528; baseline -0.002 -23"><span class='ocrx_word' id='word_1_284' title='bbox 64 3443 145 3507; x_wconf 88' lang='lat' dir='ltr'><strong>bello</strong></span> <span class='ocrx_word' id='word_1_285' title='bbox 171 3445 210 3505; x_wconf 90' lang='lat' dir='ltr'><strong>de</strong></span> <span class='ocrx_word' id='word_1_286' title='bbox 232 3447 339 3526; x_wconf 79' lang='lat' dir='ltr'><strong>spiritu</strong></span> <span class='ocrx_word' id='word_1_287' title='bbox 363 3455 394 3506; x_wconf 84' lang='lat' dir='ltr'><strong>et</strong></span> <span class='ocrx_word' id='word_1_288' title='bbox 415 3447 502 3507; x_wconf 88' lang='lat' dir='ltr'><strong>litera</strong></span> <span class='ocrx_word' id='word_1_289' title='bbox 519 3447 604 3525; x_wconf 79' lang='lat' dir='ltr'><strong>Cep,</strong></span> <span class='ocrx_word' id='word_1_290' title='bbox 627 3445 728 3528; x_wconf 86' lang='lat' dir='ltr'><strong>niei²)</strong></span> <span class='ocrx_word' id='word_1_291' title='bbox 752 3447 851 3524; x_wconf 82' lang='lat' dir='ltr'><strong>failor,</strong></span> <span class='ocrx_word' id='word_1_292' title='bbox 874 3449 983 3524; x_wconf 91' lang='lat' dir='ltr'><strong>quarto</strong></span> 
     </span>
     <span class='ocr_line' id='line_1_39' title="bbox 65 3527 750 3612; baseline 0.009 -23"><span class='ocrx_word' id='word_1_293' title='bbox 65 3535 114 3590; x_wconf 90' lang='lat' dir='ltr'><strong>aut</strong></span> <span class='ocrx_word' id='word_1_294' title='bbox 136 3530 256 3610; x_wconf 88' lang='lat' dir='ltr'><strong>quinto,</strong></span> <span class='ocrx_word' id='word_1_295' title='bbox 278 3527 330 3593; x_wconf 92' lang='lat' dir='ltr'><strong>ubi</strong></span> <span class='ocrx_word' id='word_1_296' title='bbox 351 3530 411 3591; x_wconf 81' lang='lat' dir='ltr'><strong>illie</strong></span> <span class='ocrx_word' id='word_1_297' title='bbox 433 3531 508 3612; x_wconf 77' lang='lat' dir='ltr'><strong>ipris</strong></span> <span class='ocrx_word' id='word_1_298' title='bbox 525 3530 626 3591; x_wconf 85' lang='lat' dir='ltr'><strong>verbis</strong></span> <span class='ocrx_word' id='word_1_299' title='bbox 648 3531 750 3595; x_wconf 85' lang='lat' dir='ltr'><strong>utitur.</strong></span> 
     </span>
    </p>
   </div>
   <div class='ocr_carea' id='block_1_3' title="bbox 135 3795 755 3868">
    <p class='ocr_par' dir='ltr' id='par_1_6' title="bbox 135 3795 755 3868">
     <span class='ocr_line' id='line_1_40' title="bbox 135 3795 755 3868; baseline 0 -16"><span class='ocrx_word' id='word_1_300' title='bbox 135 3796 166 3867; x_wconf 86' lang='lat'><strong>1)</strong></span> <span class='ocrx_word' id='word_1_301' title='bbox 187 3798 220 3852; x_wconf 92' lang='lat' dir='ltr'><strong>In</strong></span> <span class='ocrx_word' id='word_1_302' title='bbox 238 3796 283 3854; x_wconf 87' lang='lat' dir='ltr'><strong>ed.</strong></span> <span class='ocrx_word' id='word_1_303' title='bbox 303 3799 374 3853; x_wconf 83' lang='lat' dir='ltr'><strong>len:</strong></span> <span class='ocrx_word' id='word_1_304' title='bbox 391 3796 446 3854; x_wconf 85' lang='lat' dir='ltr'><strong>eibi</strong></span> <span class='ocrx_word' id='word_1_305' title='bbox 463 3795 526 3868; x_wconf 77' lang='lat' dir='ltr'><strong>ipsi.</strong></span> <span class='ocrx_word' id='word_1_306' title='bbox 562 3800 595 3862; x_wconf 85' lang='grc'><strong>2)</strong></span> <span class='ocrx_word' id='word_1_307' title='bbox 616 3795 700 3866; x_wconf 67' lang='grc' dir='ltr'>Ιιιὶιιι</span> <span class='ocrx_word' id='word_1_308' title='bbox 719 3796 755 3853; x_wconf 83' lang='lat' dir='ltr'><strong>ni.</strong></span> 
     </span>
    </p>
   </div>
   <div class='ocr_carea' id='block_1_4' title="bbox 0 0 1178 4162">
    <p class='ocr_par' dir='ltr' id='par_1_7' title="bbox 0 0 1178 4162">
     <span class='ocr_line' id='line_1_41' title="bbox 0 0 1178 4162; baseline 0 0"><span class='ocrx_word' id='word_1_309' title='bbox 0 0 1178 4162; x_wconf 95' lang='lat' dir='ltr'><strong> </strong></span> 
     </span>
    </p>
   </div>
  </div>
 </body>
</html>
