2348 4162
308 245 398 302 amieo
417 245 526 301 suidam
544 248 744 317 praescriptae.
921 242 982 309 381

63 416 132 493 Quo
156 416 288 478 merito?
309 412 415 496 Nullo,
439 415 492 476 sed
515 417 615 496 gretia
631 422 662 477 et
683 416 814 476 oaritete'
832 414 986 491 solaDei3

62 502 134 580 quia
156 499 253 563 Natus
276 505 339 577 est,
369 499 467 560 Datus
500 509 547 560 est
579 499 678 563 nobis.
721 499 796 560 Post
817 505 983 579 sequuntur

61 583 189 644 nomina
210 584 290 661 eius,
322 600 402 661 quse
423 583 454 643 in
476 583 605 643 Postilla
628 585 701 643 satis
724 581 884 662 diligenter
906 587 984 642 tree-

64 674 129 727 teta
149 665 240 729 nobis
263 664 386 748 suntl).

62 833 266 894 Dominioa
287 831 408 912 prima
429 832 695 914 Epiphaniae,
718 831 763 892 de
785 849 909 911 puero
931 827 985 891 le-

112 938 120 947 ·
197 936 239 976 eu
261 917 297 975 in
320 915 470 995 templo
491 917 663 977 invento.
706 913 810 977 Luoee
831 916 861 979 2.

145 1080 186 1141 Et
207 1100 275 1142 eum
298 1080 397 1144 faetus
418 1088 500 1141 eeeet
520 1100 670 1141 annorum
683 1080 856 1157 duodecim,
879 1097 987 1139 aseen-

62 1163 204 1225 dentibus
226 1163 284 1224 illis
306 1163 529 1244 lerosolymam
552 1163 720 1225 seeundum
733 1162 986 1226 consuetudinem

62 1247 124 1309 diei
145 1247 226 1327 festi,
249 1250 531 1326 consummatisque
554 1246 662 1308 diebus
685 1267 754 1307 oum
776 1247 919 1325 redirent,
942 1264 986 1306 re·

62 1332 176 1391 mansit
197 1350 272 1411 puer
291 1331 377 1391 lesus
399 1331 429 1390 in
448 1329 628 1410 Ierusalem,
651 1338 682 1389 et
698 1350 761 1391 non
774 1334 988 1410 cognoverunt

61 1420 205 1494 parentes
240 1415 314 1475 eius.
357 1413 578 1474 Existimantee
606 1422 709 1474 autem
743 1413 827 1474 illum
860 1430 928 1472 esse
954 1414 985 1471 in

63 1497 210 1558 eomitatu
234 1505 384 1558 venerunt
403 1498 460 1556 iter
483 1495 560 1574 diei,
583 1502 614 1556 et
634 1497 832 1576 requirebant
853 1514 922 1555 eum
944 1498 986 1553 in·

63 1584 109 1641 ter
130 1592 281 1660 eognetoe
304 1589 334 1640 et
355 1587 463 1660 notos,
496 1587 527 1639 et
556 1598 619 1640 non
640 1580 832 1640 invenientes
856 1579 985 1658 regressi

62 1673 133 1723 eunt
153 1664 185 1722 in
207 1662 388 1740 Ierusalem,
423 1665 611 1742 requirentes
635 1682 719 1740 eum,
752 1669 783 1722 et
803 1662 915 1721 laetum
939 1666 987 1720 est

62 1752 134 1826 post
155 1745 296 1823 triduum,
317 1747 500 1806 invenerunt
519 1745 604 1806 illum
626 1748 656 1805 in
680 1746 805 1824 templo,
828 1744 986 1805 sedentem

62 1832 92 1889 in
117 1828 219 1889 medio
243 1829 418 1907 dootorum,
440 1827 614 1888 audientem
634 1828 705 1889 illos
735 1838 765 1888 et
795 1830 986 1906 interrogen-

64 1919 125 1972 tem
149 1929 216 1974 eos.
259 1911 431 1992 Stupebant
452 1920 552 1972 autem
576 1930 695 1992 omnes,
717 1913 768 1990 qui
791 1930 859 1972 eum
881 1909 985 1971 audie-

64 1994 148 2076 bant,
170 2014 262 2075 super
283 1996 484 2076 intelligentia
505 2005 536 2055 et
556 1998 714 2075 responsis
737 1996 811 2057 eius.

146 2077 347 2139 trevirenses
370 2079 510 2138 admirati
531 2087 611 2144 sunt,
654 2079 693 2139 llt
715 2077 792 2139 dixit
808 2082 905 2138 mater
922 2077 986 2136 eius

64 2162 103 2222 ad
125 2161 230 2221 illum:
254 2161 327 2240 Fili,
359 2161 431 2242 quid
458 2161 556 2222 leoisti
584 2161 673 2222 nobie
696 2162 760 2222 sie?
796 2160 987 2240 Eooe.pater

64 2251 133 2305 tuus
156 2252 187 2305 et
208 2262 267 2325 ego
290 2244 431 2306 dolentes
454 2246 676 2324 quaerebamus
703 2255 742 2306 te.
785 2245 825 2305 Ill
845 2246 888 2304 ait
909 2243 989 2305 illis:

65 2326 146 2403 Quid
170 2336 226 2406 est,
249 2328 331 2407 quod
355 2348 405 2387 me
420 2327 633 2408 quaerebatis?
675 2326 880 2404 Neselebatis,
904 2324 987 2404 quod

63 2413 94 2471 in
116 2409 175 2489 his,
197 2429 277 2490 quae
299 2412 397 2471 Patris
419 2413 479 2470 mei
501 2420 581 2489 sunt,
603 2418 726 2490 oportet
748 2431 797 2470 me
819 2408 910 2469 esse?
947 2407 987 2467 Et

64 2495 123 2575 ipsi
144 2513 207 2554 non
229 2494 449 2555 intellexerunt
472 2495 610 2574 verbum,
633 2493 715 2571 quod
738 2495 857 2554 loeutus
881 2498 927 2553 est
948 2490 989 2551 ad

65 2596 129 2641 eos.
172 2577 214 2637 ut
244 2576 403 2638 deseendit
424 2597 492 2637 oum
516 2578 577 2657 eis,
601 2585 632 2637 et
654 2578 736 2636 venit
754 2574 926 2653 Nazareth,
958 2583 990 2634 et

65 2667 130 2721 erat
150 2659 288 2723 subditus
309 2660 380 2724 illis.
423 2661 464 2720 Et
485 2669 581 2721 mater
608 2661 673 2720 eius
697 2660 903 2720 ooneervebat
924 2677 987 2718 om·

65 2745 116 2805 uia
138 2743 233 2805 verbe
252 2744 331 2806 haee
358 2746 387 2804 in
412 2744 506 2806 eorde
527 2763 593 2806 suo.
637 2744 676 2803 Et
697 2742 783 2805 Iesus
806 2739 989 2823 proficiebat

66 2827 217 2907 sapientia
244 2835 275 2888 et
307 2835 409 2888 aetate
449 2837 481 2888 et
507 2829 608 2908 gratia
634 2826 714 2907 apud
737 2827 836 2888 Deum
877 2832 908 2885 et
935 2824 988 2883 ho·

67 2930 175 2972 mines.

148 2992 331 3073 Principalis
352 2993 440 3053 looue
451 2993 541 3054 huius
552 2993 713 3074 Evangelii
736 2999 783 3054 est
794 2993 833 3053 de
855 2991 990 3052 mexima

66 3077 118 3138 illa
140 3078 311 3137 tentatione
332 3078 470 3156 spiritus,
503 3096 583 3156 quae
604 3086 732 3137 voeatur
756 3078 897 3136 lleeertio
919 3093 989 3155 gra·

67 3162 135 3222 tiae
179 3159 220 3219 l'lt
241 3160 329 3220 huius
351 3161 529 3221 tentationis
552 3161 727 3240 exemplum
740 3159 790 3219 hie
810 3161 879 3239 ipse
893 3166 991 3218 meter

68 3243 123 3305 Dei
147 3245 267 3323 eogitur
288 3241 362 3308 fieri.
405 3243 465 3305 Sed
489 3252 536 3304 est
557 3263 606 3305 res
629 3246 687 3303 ieta
708 3242 875 3322 sublimior,
898 3259 990 3319 quarn

68 3335 99 3387 ut
122 3327 232 3408 vulgo·
248 3324 308 3387 diei
335 3335 387 3387 aut
414 3328 535 3407 oonoipl
564 3328 671 3407 possit.
713 3327 788 3386 Ideo
810 3325 849 3386 eb
873 3324 991 3403 experi-

68 3412 151 3471 entia
171 3410 238 3471 rudi
261 3416 398 3470 sumetur
420 3410 583 3490 eogitelio,
607 3410 725 3470 eollioet
742 3428 832 3488 quam
857 3408 991 3468 tristesit

68 3494 246 3573 parentibus
271 3495 393 3573 malum,
416 3496 441 3554 si
465 3493 582 3573 prolem
606 3493 655 3554 vel
675 3493 824 3554 unahors
844 3494 988 3553 emissem

71 3652 260 3661 -—.---0-.-
270 3654 489 3661 ....-..-—-—-—-

139 3750 172 3817 1)
193 3749 225 3802 ln
244 3748 288 3802 ed.
307 3748 376 3803 len:
395 3753 516 3803 tractata
533 3762 552 3803 a
570 3746 652 3802 nobis
669 3752 742 3802 suut,
