2348 4162
359 256 448 317 virum
467 203 597 315 (toaleam
614 238 700 317 tot.
947 246 988 321 59

63 440 166 487 sensu.
208 420 364 503 Obsecro,
387 423 454 503 quis
477 422 599 485 medem
622 421 691 483 flnis
713 422 768 482 erit
790 438 935 482 sonorum
957 422 989 482 et

61 505 231 568 sensnum?
997 538 1000 543 ·

148 622 298 687 Scelerati
320 630 357 687 et·
370 624 456 707 impii
479 624 657 707 Sophistae,
684 626 734 706 qui
756 631 918 706 postquam
942 641 988 683 sa·

64 727 133 770 cras
155 709 260 771 literas
283 727 339 790 pro
362 715 497 771 stercore
513 710 694 785 habuerunt,
715 708 988 770 inveneruntviam

61 793 172 874 istam,
195 798 228 853 ut
250 791 437 873 Scripturam
460 813 522 854 non
545 814 601 874 per
623 793 823 875 scripturam,
858 790 911 853 sed
935 811 990 871 per

63 895 137 938 snos
159 874 359 958 blasphemos
382 895 490 937 sensus
505 877 669 954 traderent,
692 877 784 957 idque
806 882 867 937 tum
891 875 990 936 eccle-

63 960 129 1022 siae
151 961 318 1021 autoritate
339 959 451 1020 factum
474 960 633 1040 lactarent,
657 963 708 1042 qui
731 962 756 1022 si
770 961 825 1022 toti
848 978 917 1020 sese
939 957 989 1018 de·

47 1042 192 1119 dissent,
215 1044 293 1104 sicut
312 1043 400 1104 titulo
413 1046 538 1123 iactant,
561 1044 751 1106 meditationi
763 1044 840 1126 legis
854 1041 989 1121 Domini,

63 1144 126 1188 non
148 1133 234 1189 esset
260 1127 348 1188 locus
379 1128 426 1189 isti
449 1128 583 1189 insulsae
613 1135 643 1189 et
671 1130 868 1211 impiissimae
905 1124 990 1188 diffe-

62 1212 183 1272 rentiae
212 1210 281 1272 soni
308 1217 339 1272 et
356 1229 462 1272 sensns
490 1213 520 1272 in
535 1211 707 1293 Scripturis.
749 1210 833 1276 Nihil
857 1229 988 1290 unquam

63 1292 179 1355 dictum
203 1300 251 1356 ast
272 1293 450 1375 simplicius,
474 1296 587 1376 purius,
604 1295 726 1372 clarius,
747 1295 875 1373 facilius,
898 1313 990 1375 quam

63 1377 193 1439 verbum
216 1378 289 1455 Dei,
318 1376 348 1438 id
378 1376 460 1458 quod
484 1378 607 1460 quando
631 1381 744 1441 scirent
767 1381 845 1441 istae
867 1375 991 1439 testudi-

62 1480 129 1537 nes,
151 1460 291 1539 limaces,
310 1461 422 1543 talpae,
436 1461 579 1539 lacertae,
593 1482 713 1544 enneae,
725 1463 873 1540 locustae,
894 1461 990 1539 bruci,

62 1563 195 1626 vespae,
231 1545 294 1606 imo
322 1546 446 1626 viperae
469 1553 500 1606 et
522 1546 696 1627 stelliones,
732 1548 782 1625 qui
815 1546 887 1607 totis
909 1545 992 1606 vitae

63 1626 173 1689 diebus
195 1627 226 1687 in
249 1629 377 1689 terrenis
399 1629 461 1689 suis
483 1629 652 1692 volutabris
674 1636 795 1709 reptant
810 1638 839 1690 et
862 1633 992 1708 pereunt

62 1711 93 1772 in
119 1710 322 1772 immunditiis
356 1713 418 1771 suis
453 1713 651 1794 sophisticis?
702 1712 780 1791 Quid
809 1713 932 1788 mirum,
953 1711 990 1770 'si

62 1812 175 1855 sonum
212 1812 344 1874 graecae
374 1794 499 1875 linguae
537 1816 598 1859 non
622 1797 792 1878 intelligas,
831 1797 881 1875 qui
917 1793 991 1854 nihil

61 1897 176 1959 graece
204 1876 370 1939 didiceris?
412 1879 588 1940 Lnx'enim
622 1887 669 1941 est
701 1880 826 1942 verbum
849 1880 906 1940 Dei
930 1897 992 1939 om·

63 1961 146 2022 nium
170 1960 339 2040 hominnm,
362 1960 400 2023 ad
424 1961 506 2041 quod
529 1969 559 2023 et
582 1965 664 2024 venit
685 1964 808 2024 inhnnc
830 1961 991 2039 mundum,

63 2063 126 2106 non
150 2051 254 2105 autem
278 2044 418 2106 homines
440 2045 495 2106 lux
516 2046 599 2107 verbi
624 2047 682 2108 Dei
704 2054 782 2125 sunt,
806 2052 838 2107 ut
860 2046 991 2107 Goeleus

62 2127 113 2188 hic
134 2128 304 2209 sacrilegus
327 2147 395 2190 cum
418 2130 480 2190 suis
503 2131 625 2192 insanit.

146 2256 293 2318 Dicamus
315 2275 405 2338 ergo:
433 2258 517 2319 Dens
540 2261 656 2321 creavit
675 2260 794 2321 eoelum
817 2266 847 2320 et
869 2264 990 2338 terram,

62 2347 94 2400 et
115 2338 249 2402 accedat
276 2340 326 2400 hic
355 2341 477 2402 testudo
506 2348 538 2403 et
566 2342 732 2425 distinguat
766 2342 855 2404 nobis
884 2361 991 2403 sonum

63 2428 95 2483 et
117 2441 261 2502 sensum,
293 2430 325 2484 ut
346 2423 428 2485 aliud
457 2424 601 2487 ostendat
627 2427 678 2488 hic
698 2428 806 2488 Mosen
830 2444 941 2486 sonere
964 2430 995 2484 et

61 2505 144 2567 aliud
167 2507 290 2568 sentire.
334 2507 402 2568 Hoc
430 2515 531 2570 autem
560 2509 652 2571 debet
690 2509 862 2572 ostendere.
912 2508 990 2568 Nam

63 2590 89 2649 ei
111 2609 218 2652 verum
241 2594 298 2664 est,
321 2589 403 2668 quod
432 2611 495 2653 uno
525 2592 596 2654 loeo
618 2592 774 2673 Scriptura
796 2591 878 2653 alind
900 2595 993 2652 sonat

62 2679 94 2733 et
114 2671 200 2736 aliud
222 2673 325 2750 sentit,
349 2672 462 2753 ubique
476 2674 515 2737 de
537 2694 575 2737 ea
587 2674 751 2737 dicendum
774 2681 830 2754 est,
852 2680 886 2734 ut
908 2672 990 2733 eliud

62 2763 156 2817 sonet
179 2762 211 2816 et
232 2755 315 2817 alind
339 2759 460 2836 sentiat,
484 2778 552 2819 cum
575 2759 660 2825 nulla
682 2760 722 2820 sit
743 2760 840 2835 ratio,
864 2777 917 2818 cur
938 2756 992 2817 ali-

62 2839 132 2901 cubi
168 2845 201 2900 et
220 2857 283 2899 non
305 2839 437 2919 ubique,
465 2843 524 2902 nisi
547 2842 625 2903 forte
647 2842 698 2903 hic
719 2861 801 2903 nova
824 2839 991 2902 testudina-

63 2940 138 2983 ceae
177 2921 520 2986 ecclesiae·Dialectica
550 2925 589 2986 ab
619 2927 782 2987 autoritate
810 2925 991 2986 affirmative

62 3005 106 3066 sic
127 3011 287 3086 arguatur:
330 3005 395 3068 Nos
431 3007 600 3069 testudines
615 3009 789 3071 Aristotelis
808 3009 864 3069 Dei
893 3007 990 3068 nostri

62 3090 161 3167 grstia
198 3095 231 3149 et
256 3090 442 3151 sentimento
470 3091 558 3152 nobis
587 3112 779 3153 reservamus
803 3091 841 3153 dc
863 3091 990 3171 plenitu-

65 3170 136 3232 dine
158 3172 322 3251 potestatis
350 3172 397 3233 ius
420 3173 620 3250 decernendi,
649 3174 701 3236 ubi
724 3175 880 3256 Scriptura
908 3172 989 3234 eliud

62 3263 155 3316 sonat
178 3260 210 3314 et
231 3253 313 3317 aliud
337 3257 439 3336 sentit,
462 3276 536 3338 ergo
558 3258 724 3339 Scriptura,
748 3258 798 3319 ubi
821 3255 991 3337 testudines

62 3337 179 3416 volunt,
202 3336 285 3397 aliud
307 3344 400 3399 sonat
421 3346 451 3400 et
475 3340 555 3401 aliud
579 3343 681 3402 sentit.
725 3340 804 3417 Quid
823 3346 941 3419 autem,
963 3338 990 3399 si

63 3426 91 3480 et
112 3439 173 3482 noe
196 3420 351 3482 dicamus:
375 3421 436 3483 Gur
457 3443 520 3484 non
543 3431 574 3484 et
588 3424 693 3485 Patres
715 3426 757 3485 tui
781 3423 903 3485 dicendi
919 3428 990 3482 sunt

63 3501 143 3564 aliud
166 3521 290 3582 sonare,
314 3522 405 3583 quam
422 3511 545 3585 sentire,
568 3527 636 3568 cnm
659 3507 732 3568 nihil
747 3511 786 3567 sit
803 3506 989 3589 pugnantius

63 3583 193 3663 dictum,
227 3604 318 3664 quam
342 3587 551 3668 quodPatres
579 3591 657 3651 inter
685 3610 754 3652 sese
782 3598 812 3651 et
833 3592 913 3650 int-er
934 3609 991 3650 sna

63 3686 186 3750 qnoque
216 3670 341 3750 propria
369 3670 497 3733 dicunt?
538 3672 648 3753 Neque
670 3674 801 3735 enimin
825 3671 990 3753 Scripturis

64 3752 157 3815 semel
179 3752 322 3821 invenies
343 3753 426 3817 alind
447 3757 551 3819 sonari
572 3763 605 3818 et
627 3756 704 3840 dici,
724 3757 776 3820 ubi
797 3758 828 3818 in
851 3754 990 3820 Patribus
