<?xml version="1.0" encoding="UTF-8"?>
<!DOCTYPE html PUBLIC "-//W3C//DTD XHTML 1.0 Transitional//EN"
    "http://www.w3.org/TR/xhtml1/DTD/xhtml1-transitional.dtd">
<html xmlns="http://www.w3.org/1999/xhtml" xml:lang="en" lang="en">
 <head>
  <title>
</title>
<meta http-equiv="Content-Type" content="text/html;charset=utf-8" />
  <meta name='ocr-system' content='tesseract 3.04.00' />
  <meta name='ocr-capabilities' content='ocr_page ocr_carea ocr_par ocr_line ocrx_word'/>
</head>
<body>
  <div class='ocr_page' id='page_1' title='image "./dmartinilutheri02luthgoog_0326.png"; bbox 0 0 2348 4162; ppageno 0'>
   <div class='ocr_carea' id='block_1_1' title="bbox 348 264 1046 330">
    <p class='ocr_par' dir='ltr' id='par_1_1' title="bbox 348 264 1046 330">
     <span class='ocr_line' id='line_1_1' title="bbox 348 264 1046 330; baseline 0.004 -11"><span class='ocrx_word' id='word_1_1' title='bbox 348 265 386 319; x_wconf 85' lang='lat' dir='ltr'><strong>ad</strong></span> <span class='ocrx_word' id='word_1_2' title='bbox 404 264 437 319; x_wconf 89' lang='lat' dir='ltr'><strong>D.</strong></span> <span class='ocrx_word' id='word_1_3' title='bbox 457 265 599 320; x_wconf 82' lang='lat' dir='ltr'><strong>Erasmum</strong></span> <span class='ocrx_word' id='word_1_4' title='bbox 618 265 841 319; x_wconf 88' lang='lat' dir='ltr'><strong>Roterodamum.</strong></span> <span class='ocrx_word' id='word_1_5' title='bbox 985 264 1046 330; x_wconf 83' lang='lat'><strong>313</strong></span> 
     </span>
    </p>
   </div>
   <div class='ocr_carea' id='block_1_2' title="bbox 86 432 1118 3429">
    <p class='ocr_par' dir='ltr' id='par_1_2' title="bbox 122 432 1047 1099">
     <span class='ocr_line' id='line_1_2' title="bbox 122 432 1047 520; baseline -0.001 -23"><span class='ocrx_word' id='word_1_6' title='bbox 122 432 273 497; x_wconf 77' lang='lat' dir='ltr'><strong>Seianam</strong></span> <span class='ocrx_word' id='word_1_7' title='bbox 309 454 379 497; x_wconf 87' lang='lat' dir='ltr'><strong>esse</strong></span> <span class='ocrx_word' id='word_1_8' title='bbox 412 436 579 520; x_wconf 89' lang='lat' dir='ltr'><strong>prinoipem</strong></span> <span class='ocrx_word' id='word_1_9' title='bbox 616 435 710 516; x_wconf 85' lang='lat' dir='ltr'><strong>longe</strong></span> <span class='ocrx_word' id='word_1_10' title='bbox 743 437 987 516; x_wconf 88' lang='lat' dir='ltr'><strong>potentissimum</strong></span> <span class='ocrx_word' id='word_1_11' title='bbox 1016 440 1047 496; x_wconf 88' lang='lat' dir='ltr'><strong>et</strong></span> 
     </span>
     <span class='ocr_line' id='line_1_3' title="bbox 124 517 1047 601; baseline 0.001 -24"><span class='ocrx_word' id='word_1_12' title='bbox 124 517 355 579; x_wconf 76' lang='lat' dir='ltr'><strong>callidissimum</strong></span> <span class='ocrx_word' id='word_1_13' title='bbox 395 518 499 580; x_wconf 87' lang='lat' dir='ltr'><strong>mundi</strong></span> <span class='ocrx_word' id='word_1_14' title='bbox 528 518 586 600; x_wconf 88' lang='lat' dir='ltr'><strong>(uti</strong></span> <span class='ocrx_word' id='word_1_15' title='bbox 616 517 782 598; x_wconf 80' lang='lat' dir='ltr'>diximus),</span> <span class='ocrx_word' id='word_1_16' title='bbox 805 539 865 599; x_wconf 91' lang='lat' dir='ltr'><strong>quo</strong></span> <span class='ocrx_word' id='word_1_17' title='bbox 892 527 1047 601; x_wconf 68' lang='lat' dir='ltr'><strong>«regnante</strong></span> 
     </span>
     <span class='ocr_line' id='line_1_4' title="bbox 123 600 1045 681; baseline 0 -20"><span class='ocrx_word' id='word_1_18' title='bbox 123 600 267 662; x_wconf 81' lang='lat' dir='ltr'><strong>voluntas</strong></span> <span class='ocrx_word' id='word_1_19' title='bbox 289 601 426 665; x_wconf 91' lang='lat' dir='ltr'><strong>humana</strong></span> <span class='ocrx_word' id='word_1_20' title='bbox 445 604 506 664; x_wconf 90' lang='lat' dir='ltr'><strong>iam</strong></span> <span class='ocrx_word' id='word_1_21' title='bbox 529 622 591 662; x_wconf 93' lang='lat' dir='ltr'><strong>non</strong></span> <span class='ocrx_word' id='word_1_22' title='bbox 614 601 720 681; x_wconf 89' lang='lat' dir='ltr'><strong>libera,</strong></span> <span class='ocrx_word' id='word_1_23' title='bbox 743 620 800 663; x_wconf 84' lang='lat' dir='ltr'><strong>naa</strong></span> <span class='ocrx_word' id='word_1_24' title='bbox 822 603 869 664; x_wconf 90' lang='lat' dir='ltr'><strong>sui</strong></span> <span class='ocrx_word' id='word_1_25' title='bbox 891 603 973 680; x_wconf 88' lang='lat' dir='ltr'><strong>iuris,</strong></span> <span class='ocrx_word' id='word_1_26' title='bbox 992 602 1045 663; x_wconf 89' lang='lat' dir='ltr'><strong>sed</strong></span> 
     </span>
     <span class='ocr_line' id='line_1_5' title="bbox 123 685 1045 765; baseline 0.003 -22"><span class='ocrx_word' id='word_1_27' title='bbox 123 702 215 746; x_wconf 88' lang='lat' dir='ltr'><strong>serva</strong></span> <span class='ocrx_word' id='word_1_28' title='bbox 227 686 346 765; x_wconf 86' lang='lat' dir='ltr'><strong>peooati</strong></span> <span class='ocrx_word' id='word_1_29' title='bbox 368 691 399 746; x_wconf 90' lang='lat' dir='ltr'><strong>et</strong></span> <span class='ocrx_word' id='word_1_30' title='bbox 412 685 557 762; x_wconf 84' lang='lat' dir='ltr'><strong>Satanae,</strong></span> <span class='ocrx_word' id='word_1_31' title='bbox 582 704 642 745; x_wconf 89' lang='lat' dir='ltr'><strong>non</strong></span> <span class='ocrx_word' id='word_1_32' title='bbox 666 691 768 763; x_wconf 89' lang='lat' dir='ltr'><strong>potest</strong></span> <span class='ocrx_word' id='word_1_33' title='bbox 783 686 870 760; x_wconf 83' lang='lat' dir='ltr'><strong>velle,</strong></span> <span class='ocrx_word' id='word_1_34' title='bbox 894 686 951 746; x_wconf 89' lang='lat' dir='ltr'><strong>nisi</strong></span> <span class='ocrx_word' id='word_1_35' title='bbox 964 686 1045 765; x_wconf 92' lang='lat' dir='ltr'><strong>quod</strong></span> 
     </span>
     <span class='ocr_line' id='line_1_6' title="bbox 124 768 1046 849; baseline 0.002 -23"><span class='ocrx_word' id='word_1_36' title='bbox 124 768 269 849; x_wconf 86' lang='lat' dir='ltr'><strong>priuoeps</strong></span> <span class='ocrx_word' id='word_1_37' title='bbox 291 769 344 829; x_wconf 89' lang='lat' dir='ltr'><strong>ille</strong></span> <span class='ocrx_word' id='word_1_38' title='bbox 365 788 437 830; x_wconf 88' lang='lat' dir='ltr'><strong>suus</strong></span> <span class='ocrx_word' id='word_1_39' title='bbox 460 769 597 831; x_wconf 87' lang='lat' dir='ltr'><strong>voluerit.</strong></span> <span class='ocrx_word' id='word_1_40' title='bbox 641 768 723 829; x_wconf 88' lang='lat' dir='ltr'><strong>Nihil</strong></span> <span class='ocrx_word' id='word_1_41' title='bbox 745 788 820 829; x_wconf 91' lang='lat' dir='ltr'><strong>vero</strong></span> <span class='ocrx_word' id='word_1_42' title='bbox 843 769 915 829; x_wconf 87' lang='lat' dir='ltr'><strong>boni</strong></span> <span class='ocrx_word' id='word_1_43' title='bbox 937 768 989 828; x_wconf 90' lang='lat' dir='ltr'><strong>ille</strong></span> <span class='ocrx_word' id='word_1_44' title='bbox 1006 768 1046 828; x_wconf 90' lang='lat' dir='ltr'><strong>si-</strong></span> 
     </span>
     <span class='ocr_line' id='line_1_7' title="bbox 123 850 1046 933; baseline 0.001 -24"><span class='ocrx_word' id='word_1_45' title='bbox 123 858 175 909; x_wconf 92' lang='lat' dir='ltr'><strong>net</strong></span> <span class='ocrx_word' id='word_1_46' title='bbox 197 871 264 912; x_wconf 91' lang='lat' dir='ltr'><strong>eam</strong></span> <span class='ocrx_word' id='word_1_47' title='bbox 289 852 378 928; x_wconf 86' lang='lat' dir='ltr'><strong>velle,</strong></span> <span class='ocrx_word' id='word_1_48' title='bbox 400 853 549 933; x_wconf 82' lang='lat' dir='ltr'><strong>quamvis,</strong></span> <span class='ocrx_word' id='word_1_49' title='bbox 572 852 691 912; x_wconf 87' lang='lat' dir='ltr'><strong>etiamsi</strong></span> <span class='ocrx_word' id='word_1_50' title='bbox 713 850 844 913; x_wconf 82' lang='lat' dir='ltr'><strong>Satanas</strong></span> <span class='ocrx_word' id='word_1_51' title='bbox 867 853 895 912; x_wconf 91' lang='lat' dir='ltr'><strong>ei</strong></span> <span class='ocrx_word' id='word_1_52' title='bbox 916 871 978 911; x_wconf 92' lang='lat' dir='ltr'><strong>non</strong></span> <span class='ocrx_word' id='word_1_53' title='bbox 993 852 1046 911; x_wconf 90' lang='lat' dir='ltr'><strong>im·</strong></span> 
     </span>
     <span class='ocr_line' id='line_1_8' title="bbox 123 933 1047 1017; baseline 0.001 -23"><span class='ocrx_word' id='word_1_54' title='bbox 123 942 261 1014; x_wconf 81' lang='lat' dir='ltr'><strong>peraret,</strong></span> <span class='ocrx_word' id='word_1_55' title='bbox 295 936 394 1015; x_wconf 94' lang='lat' dir='ltr'><strong>ipsum</strong></span> <span class='ocrx_word' id='word_1_56' title='bbox 415 943 592 1017; x_wconf 87' lang='lat' dir='ltr'><strong>peoaatum,</strong></span> <span class='ocrx_word' id='word_1_57' title='bbox 621 936 707 995; x_wconf 88' lang='lat' dir='ltr'><strong>ouius</strong></span> <span class='ocrx_word' id='word_1_58' title='bbox 745 953 851 996; x_wconf 90' lang='lat' dir='ltr'><strong>servus</strong></span> <span class='ocrx_word' id='word_1_59' title='bbox 874 940 920 996; x_wconf 90' lang='lat' dir='ltr'><strong>est</strong></span> <span class='ocrx_word' id='word_1_60' title='bbox 940 933 1047 1011; x_wconf 86' lang='lat' dir='ltr'><strong>homo,</strong></span> 
     </span>
     <span class='ocr_line' id='line_1_9' title="bbox 123 1018 810 1099; baseline 0.007 -22"><span class='ocrx_word' id='word_1_61' title='bbox 123 1018 198 1077; x_wconf 89' lang='lat' dir='ltr'><strong>satis</strong></span> <span class='ocrx_word' id='word_1_62' title='bbox 222 1025 374 1099; x_wconf 80' lang='lat' dir='ltr'><strong>oneraret,</strong></span> <span class='ocrx_word' id='word_1_63' title='bbox 398 1039 437 1080; x_wconf 88' lang='lat' dir='ltr'><strong>ne</strong></span> <span class='ocrx_word' id='word_1_64' title='bbox 459 1019 572 1082; x_wconf 90' lang='lat' dir='ltr'><strong>bonum</strong></span> <span class='ocrx_word' id='word_1_65' title='bbox 598 1018 677 1079; x_wconf 89' lang='lat' dir='ltr'><strong>velle</strong></span> <span class='ocrx_word' id='word_1_66' title='bbox 695 1027 810 1099; x_wconf 85' lang='lat' dir='ltr'><strong>posset.</strong></span> 
     </span>
    </p>

    <p class='ocr_par' dir='ltr' id='par_1_3' title="bbox 86 1100 1118 3343">
     <span class='ocr_line' id='line_1_10' title="bbox 206 1100 1046 1184; baseline -0.001 -24"><span class='ocrx_word' id='word_1_67' title='bbox 206 1100 327 1162; x_wconf 83' lang='lat' dir='ltr'>Deinde</span> <span class='ocrx_word' id='word_1_68' title='bbox 347 1103 415 1184; x_wconf 92' lang='lat' dir='ltr'><strong>ipsa</strong></span> <span class='ocrx_word' id='word_1_69' title='bbox 437 1103 586 1164; x_wconf 86' lang='lat' dir='ltr'><strong>sermonis</strong></span> <span class='ocrx_word' id='word_1_70' title='bbox 599 1103 821 1180; x_wconf 77' lang='lat' dir='ltr'>consequentia</span> <span class='ocrx_word' id='word_1_71' title='bbox 842 1100 922 1162; x_wconf 90' lang='lat' dir='ltr'><strong>idem</strong></span> <span class='ocrx_word' id='word_1_72' title='bbox 947 1106 1046 1161; x_wconf 84' lang='lat' dir='ltr'><strong>extor-</strong></span> 
     </span>
     <span class='ocr_line' id='line_1_11' title="bbox 124 1185 1045 1263; baseline 0 -20"><span class='ocrx_word' id='word_1_73' title='bbox 124 1189 213 1263; x_wconf 85' lang='lat' dir='ltr'><strong>quet,</strong></span> <span class='ocrx_word' id='word_1_74' title='bbox 254 1203 346 1262; x_wconf 93' lang='lat' dir='ltr'><strong>quam</strong></span> <span class='ocrx_word' id='word_1_75' title='bbox 370 1185 498 1248; x_wconf 88' lang='lat' dir='ltr'><strong>diatribe</strong></span> <span class='ocrx_word' id='word_1_76' title='bbox 523 1186 641 1246; x_wconf 86' lang='lat' dir='ltr'><strong>fortiter</strong></span> <span class='ocrx_word' id='word_1_77' title='bbox 665 1186 851 1263; x_wconf 85' lang='lat' dir='ltr'><strong>oontemnit,</strong></span> <span class='ocrx_word' id='word_1_78' title='bbox 886 1185 958 1245; x_wconf 88' lang='lat' dir='ltr'><strong>lieet</strong></span> <span class='ocrx_word' id='word_1_79' title='bbox 978 1203 1045 1244; x_wconf 89' lang='lat' dir='ltr'><strong>eam</strong></span> 
     </span>
     <span class='ocr_line' id='line_1_12' title="bbox 123 1266 1048 1347; baseline 0.001 -22"><span class='ocrx_word' id='word_1_80' title='bbox 123 1267 197 1327; x_wconf 87' lang='lat' dir='ltr'><strong>satis</strong></span> <span class='ocrx_word' id='word_1_81' title='bbox 219 1268 350 1347; x_wconf 85' lang='lat' dir='ltr'><strong>aopiose</strong></span> <span class='ocrx_word' id='word_1_82' title='bbox 370 1270 401 1329; x_wconf 95' lang='lat' dir='ltr'><strong>in</strong></span> <span class='ocrx_word' id='word_1_83' title='bbox 415 1268 645 1330; x_wconf 85' lang='lat' dir='ltr'><strong>Assertionibus</strong></span> <span class='ocrx_word' id='word_1_84' title='bbox 668 1268 743 1329; x_wconf 87' lang='lat' dir='ltr'><strong>meis</strong></span> <span class='ocrx_word' id='word_1_85' title='bbox 766 1274 974 1329; x_wconf 87' lang='lat' dir='ltr'><strong>annotassem.</strong></span> <span class='ocrx_word' id='word_1_86' title='bbox 996 1266 1048 1328; x_wconf 83' lang='lat' dir='ltr'><strong>Sio</strong></span> 
     </span>
     <span class='ocr_line' id='line_1_13' title="bbox 123 1350 1046 1431; baseline 0.001 -23"><span class='ocrx_word' id='word_1_87' title='bbox 123 1350 204 1409; x_wconf 92' lang='lat' dir='ltr'><strong>euim</strong></span> <span class='ocrx_word' id='word_1_88' title='bbox 227 1352 423 1431; x_wconf 80' lang='lat' dir='ltr'><strong>prosequitur</strong></span> <span class='ocrx_word' id='word_1_89' title='bbox 444 1352 580 1414; x_wconf 82' lang='lat' dir='ltr'><strong>christus</strong></span> <span class='ocrx_word' id='word_1_90' title='bbox 602 1350 688 1414; x_wconf 85' lang='lat' dir='ltr'><strong>loha.</strong></span> <span class='ocrx_word' id='word_1_91' title='bbox 705 1352 758 1415; x_wconf 82' lang='lat'><strong>15:</strong></span> <span class='ocrx_word' id='word_1_92' title='bbox 783 1350 842 1426; x_wconf 76' lang='lat' dir='ltr'><strong>Qui</strong></span> <span class='ocrx_word' id='word_1_93' title='bbox 863 1352 894 1411; x_wconf 93' lang='lat' dir='ltr'><strong>in</strong></span> <span class='ocrx_word' id='word_1_94' title='bbox 919 1369 1046 1410; x_wconf 92' lang='lat' dir='ltr'><strong>menon</strong></span> 
     </span>
     <span class='ocr_line' id='line_1_14' title="bbox 124 1434 1048 1515; baseline 0.001 -24"><span class='ocrx_word' id='word_1_95' title='bbox 124 1434 285 1510; x_wconf 84' lang='lat' dir='ltr'><strong>manserit,</strong></span> <span class='ocrx_word' id='word_1_96' title='bbox 315 1436 449 1498; x_wconf 78' lang='lat' dir='ltr'><strong>mittetur</strong></span> <span class='ocrx_word' id='word_1_97' title='bbox 474 1436 557 1497; x_wconf 85' lang='lat' dir='ltr'><strong>foras</strong></span> <span class='ocrx_word' id='word_1_98' title='bbox 579 1436 657 1495; x_wconf 89' lang='lat' dir='ltr'><strong>siout</strong></span> <span class='ocrx_word' id='word_1_99' title='bbox 682 1434 811 1515; x_wconf 83' lang='lat' dir='ltr'><strong>palmes,</strong></span> <span class='ocrx_word' id='word_1_100' title='bbox 834 1440 864 1495; x_wconf 91' lang='lat' dir='ltr'><strong>et</strong></span> <span class='ocrx_word' id='word_1_101' title='bbox 886 1434 997 1494; x_wconf 87' lang='lat' dir='ltr'><strong>aresoit</strong></span> <span class='ocrx_word' id='word_1_102' title='bbox 1018 1438 1048 1492; x_wconf 89' lang='lat' dir='ltr'><strong>et</strong></span> 
     </span>
     <span class='ocr_line' id='line_1_15' title="bbox 86 1514 1046 1598; baseline 0 -23"><span class='ocrx_word' id='word_1_103' title='bbox 86 1568 88 1575; x_wconf 74' lang='grc'>,</span> <span class='ocrx_word' id='word_1_104' title='bbox 123 1516 272 1597; x_wconf 87' lang='lat' dir='ltr'><strong>eolligunt</strong></span> <span class='ocrx_word' id='word_1_105' title='bbox 296 1536 365 1578; x_wconf 88' lang='lat' dir='ltr'><strong>eum</strong></span> <span class='ocrx_word' id='word_1_106' title='bbox 388 1524 419 1580; x_wconf 90' lang='lat' dir='ltr'><strong>et</strong></span> <span class='ocrx_word' id='word_1_107' title='bbox 440 1520 471 1579; x_wconf 93' lang='lat' dir='ltr'><strong>in</strong></span> <span class='ocrx_word' id='word_1_108' title='bbox 492 1521 595 1597; x_wconf 83' lang='lat' dir='ltr'><strong>ignem</strong></span> <span class='ocrx_word' id='word_1_109' title='bbox 619 1519 751 1598; x_wconf 86' lang='lat' dir='ltr'><strong>mittunt,</strong></span> <span class='ocrx_word' id='word_1_110' title='bbox 774 1514 909 1578; x_wconf 84' lang='lat' dir='ltr'><strong>etardst.</strong></span> <span class='ocrx_word' id='word_1_111' title='bbox 951 1516 1046 1592; x_wconf 88' lang='lat' dir='ltr'><strong>Haeo,</strong></span> 
     </span>
     <span class='ocr_line' id='line_1_16' title="bbox 123 1600 1047 1680; baseline -0.002 -20"><span class='ocrx_word' id='word_1_112' title='bbox 123 1601 258 1680; x_wconf 85' lang='lat' dir='ltr'><strong>inquam,</strong></span> <span class='ocrx_word' id='word_1_113' title='bbox 281 1600 410 1664; x_wconf 90' lang='lat' dir='ltr'><strong>diatribe</strong></span> <span class='ocrx_word' id='word_1_114' title='bbox 431 1602 670 1664; x_wconf 86' lang='lat' dir='ltr'><strong>rhetorioissime</strong></span> <span class='ocrx_word' id='word_1_115' title='bbox 682 1600 830 1678; x_wconf 87' lang='lat' dir='ltr'><strong>transivit,</strong></span> <span class='ocrx_word' id='word_1_116' title='bbox 851 1601 1047 1679; x_wconf 82' lang='lat' dir='ltr'><strong>speravitque</strong></span> 
     </span>
     <span class='ocr_line' id='line_1_17' title="bbox 123 1683 1107 1747; baseline -0.003 -4"><span class='ocrx_word' id='word_1_117' title='bbox 123 1684 281 1745; x_wconf 81' lang='lat' dir='ltr'><strong>transitum</strong></span> <span class='ocrx_word' id='word_1_118' title='bbox 306 1686 386 1746; x_wconf 90' lang='lat' dir='ltr'><strong>huno</strong></span> <span class='ocrx_word' id='word_1_119' title='bbox 408 1705 476 1746; x_wconf 89' lang='lat' dir='ltr'><strong>esse</strong></span> <span class='ocrx_word' id='word_1_120' title='bbox 498 1692 560 1747; x_wconf 93' lang='lat' dir='ltr'><strong>tam</strong></span> <span class='ocrx_word' id='word_1_121' title='bbox 583 1684 708 1746; x_wconf 87' lang='lat' dir='ltr'><strong>rudibus</strong></span> <span class='ocrx_word' id='word_1_122' title='bbox 731 1683 911 1743; x_wconf 90' lang='lat' dir='ltr'><strong>Luthsranis</strong></span> <span class='ocrx_word' id='word_1_123' title='bbox 932 1684 1045 1742; x_wconf 87' lang='lat' dir='ltr'><strong>ineam·</strong></span> <span class='ocrx_word' id='word_1_124' title='bbox 1104 1696 1107 1701; x_wconf 85' lang='lat'>&#39;</span> 
     </span>
     <span class='ocr_line' id='line_1_18' title="bbox 122 1765 1045 1847; baseline -0.003 -21"><span class='ocrx_word' id='word_1_125' title='bbox 122 1767 369 1847; x_wconf 65' lang='lat' dir='ltr'><strong>prehensibilem„</strong></span> <span class='ocrx_word' id='word_1_126' title='bbox 424 1767 518 1831; x_wconf 89' lang='lat' dir='ltr'><strong>Vides</strong></span> <span class='ocrx_word' id='word_1_127' title='bbox 548 1775 649 1829; x_wconf 92' lang='lat' dir='ltr'><strong>autem</strong></span> <span class='ocrx_word' id='word_1_128' title='bbox 679 1767 728 1827; x_wconf 87' lang='lat' dir='ltr'><strong>hio</strong></span> <span class='ocrx_word' id='word_1_129' title='bbox 760 1765 913 1827; x_wconf 79' lang='lat' dir='ltr'><strong>Christum</strong></span> <span class='ocrx_word' id='word_1_130' title='bbox 946 1765 1045 1844; x_wconf 87' lang='lat' dir='ltr'><strong>ipsum</strong></span> 
     </span>
     <span class='ocr_line' id='line_1_19' title="bbox 122 1848 1047 1929; baseline -0.004 -19"><span class='ocrx_word' id='word_1_131' title='bbox 122 1851 318 1929; x_wconf 81' lang='lat' dir='ltr'><strong>interpretem</strong></span> <span class='ocrx_word' id='word_1_132' title='bbox 352 1851 556 1912; x_wconf 87' lang='lat' dir='ltr'><strong>similitudinis</strong></span> <span class='ocrx_word' id='word_1_133' title='bbox 588 1871 663 1914; x_wconf 89' lang='lat' dir='ltr'><strong>suae</strong></span> <span class='ocrx_word' id='word_1_134' title='bbox 696 1849 735 1911; x_wconf 88' lang='lat' dir='ltr'><strong>de</strong></span> <span class='ocrx_word' id='word_1_135' title='bbox 769 1849 895 1929; x_wconf 88' lang='lat' dir='ltr'><strong>palmite</strong></span> <span class='ocrx_word' id='word_1_136' title='bbox 923 1854 954 1908; x_wconf 90' lang='lat' dir='ltr'><strong>et</strong></span> <span class='ocrx_word' id='word_1_137' title='bbox 987 1848 1047 1906; x_wconf 85' lang='lat' dir='ltr'><strong>vite</strong></span> 
     </span>
     <span class='ocr_line' id='line_1_20' title="bbox 123 1932 1055 2016; baseline -0.003 -23"><span class='ocrx_word' id='word_1_138' title='bbox 123 1934 195 1993; x_wconf 87' lang='lat' dir='ltr'><strong>satis</strong></span> <span class='ocrx_word' id='word_1_139' title='bbox 218 1943 325 2016; x_wconf 88' lang='lat' dir='ltr'><strong>aperte</strong></span> <span class='ocrx_word' id='word_1_140' title='bbox 347 1933 514 2015; x_wconf 83' lang='lat' dir='ltr'><strong>declarare,</strong></span> <span class='ocrx_word' id='word_1_141' title='bbox 537 1934 610 2016; x_wconf 93' lang='lat' dir='ltr'><strong>quid</strong></span> <span class='ocrx_word' id='word_1_142' title='bbox 632 1933 706 1994; x_wconf 89' lang='lat' dir='ltr'><strong>velit</strong></span> <span class='ocrx_word' id='word_1_143' title='bbox 727 1932 856 2012; x_wconf 81' lang='lat' dir='ltr'><strong>intelligi</strong></span> <span class='ocrx_word' id='word_1_144' title='bbox 879 1951 934 2012; x_wconf 87' lang='lat' dir='ltr'><strong>psr</strong></span> <span class='ocrx_word' id='word_1_145' title='bbox 956 1949 1055 2009; x_wconf 26' lang='lat' dir='ltr'><strong>vona-¹</strong></span> 
     </span>
     <span class='ocr_line' id='line_1_21' title="bbox 123 2013 1045 2097; baseline -0.004 -20"><span class='ocrx_word' id='word_1_146' title='bbox 123 2015 226 2077; x_wconf 91' lang='lat' dir='ltr'><strong>bulum</strong></span> <span class='ocrx_word' id='word_1_147' title='bbox 249 2016 346 2097; x_wconf 86' lang='lat' dir='ltr'><strong>Nihil,</strong></span> <span class='ocrx_word' id='word_1_148' title='bbox 383 2018 499 2079; x_wconf 87' lang='lat' dir='ltr'><strong>soilioet</strong></span> <span class='ocrx_word' id='word_1_149' title='bbox 531 2017 613 2097; x_wconf 92' lang='lat' dir='ltr'><strong>quod</strong></span> <span class='ocrx_word' id='word_1_150' title='bbox 646 2017 740 2079; x_wconf 90' lang='lat' dir='ltr'><strong>homo</strong></span> <span class='ocrx_word' id='word_1_151' title='bbox 776 2023 864 2076; x_wconf 87' lang='lat' dir='ltr'><strong>extra</strong></span> <span class='ocrx_word' id='word_1_152' title='bbox 893 2013 1045 2075; x_wconf 79' lang='lat' dir='ltr'><strong>Christum</strong></span> 
     </span>
     <span class='ocr_line' id='line_1_22' title="bbox 122 2099 1046 2176; baseline -0.003 -17"><span class='ocrx_word' id='word_1_153' title='bbox 122 2099 204 2160; x_wconf 90' lang='lat' dir='ltr'><strong>loras</strong></span> <span class='ocrx_word' id='word_1_154' title='bbox 229 2101 356 2161; x_wconf 87' lang='lat' dir='ltr'><strong>mittitur</strong></span> <span class='ocrx_word' id='word_1_155' title='bbox 382 2109 413 2162; x_wconf 86' lang='lat' dir='ltr'><strong>et</strong></span> <span class='ocrx_word' id='word_1_156' title='bbox 447 2103 567 2162; x_wconf 81' lang='lat' dir='ltr'><strong>arescit.</strong></span> <span class='ocrx_word' id='word_1_157' title='bbox 612 2099 691 2176; x_wconf 78' lang='lat' dir='ltr'><strong>Quid</strong></span> <span class='ocrx_word' id='word_1_158' title='bbox 714 2118 787 2160; x_wconf 86' lang='lat' dir='ltr'><strong>vero</strong></span> <span class='ocrx_word' id='word_1_159' title='bbox 811 2099 893 2160; x_wconf 86' lang='lat' dir='ltr'><strong>foras</strong></span> <span class='ocrx_word' id='word_1_160' title='bbox 918 2099 994 2158; x_wconf 90' lang='lat' dir='ltr'><strong>mitti</strong></span> <span class='ocrx_word' id='word_1_161' title='bbox 1016 2106 1046 2157; x_wconf 87' lang='lat' dir='ltr'><strong>et</strong></span> 
     </span>
     <span class='ocr_line' id='line_1_23' title="bbox 123 2181 1045 2264; baseline -0.004 -21"><span class='ocrx_word' id='word_1_162' title='bbox 123 2201 263 2244; x_wconf 85' lang='lat' dir='ltr'><strong>aresoere</strong></span> <span class='ocrx_word' id='word_1_163' title='bbox 284 2189 388 2263; x_wconf 92' lang='lat' dir='ltr'><strong>potest</strong></span> <span class='ocrx_word' id='word_1_164' title='bbox 409 2183 491 2245; x_wconf 91' lang='lat' dir='ltr'><strong>aliud</strong></span> <span class='ocrx_word' id='word_1_165' title='bbox 504 2184 686 2264; x_wconf 82' lang='lat' dir='ltr'><strong>siguificare,</strong></span> <span class='ocrx_word' id='word_1_166' title='bbox 708 2202 799 2263; x_wconf 87' lang='lat' dir='ltr'><strong>quam</strong></span> <span class='ocrx_word' id='word_1_167' title='bbox 815 2182 872 2243; x_wconf 82' lang='lat' dir='ltr'><strong>suls</strong></span> <span class='ocrx_word' id='word_1_168' title='bbox 891 2181 1045 2242; x_wconf 90' lang='lat' dir='ltr'><strong>diabolum</strong></span> 
     </span>
     <span class='ocr_line' id='line_1_24' title="bbox 123 2265 1045 2347; baseline -0.002 -21"><span class='ocrx_word' id='word_1_169' title='bbox 123 2265 199 2326; x_wconf 90' lang='lat' dir='ltr'><strong>tradi</strong></span> <span class='ocrx_word' id='word_1_170' title='bbox 224 2273 255 2327; x_wconf 89' lang='lat' dir='ltr'><strong>et</strong></span> <span class='ocrx_word' id='word_1_171' title='bbox 277 2269 470 2328; x_wconf 81' lang='lat' dir='ltr'><strong>continenter</strong></span> <span class='ocrx_word' id='word_1_172' title='bbox 491 2269 627 2347; x_wconf 91' lang='lat' dir='ltr'><strong>peiorem</strong></span> <span class='ocrx_word' id='word_1_173' title='bbox 650 2265 738 2327; x_wconf 84' lang='lat' dir='ltr'><strong>fieri?</strong></span> <span class='ocrx_word' id='word_1_174' title='bbox 781 2266 920 2326; x_wconf 87' lang='lat' dir='ltr'><strong>Peiorem</strong></span> <span class='ocrx_word' id='word_1_175' title='bbox 944 2270 1045 2326; x_wconf 88' lang='lat' dir='ltr'><strong>autem</strong></span> 
     </span>
     <span class='ocr_line' id='line_1_25' title="bbox 121 2347 1045 2430; baseline -0.002 -21"><span class='ocrx_word' id='word_1_176' title='bbox 121 2347 188 2411; x_wconf 87' lang='lat' dir='ltr'><strong>lieri</strong></span> <span class='ocrx_word' id='word_1_177' title='bbox 222 2368 285 2409; x_wconf 92' lang='lat' dir='ltr'><strong>uon</strong></span> <span class='ocrx_word' id='word_1_178' title='bbox 322 2357 368 2410; x_wconf 92' lang='lat' dir='ltr'><strong>est</strong></span> <span class='ocrx_word' id='word_1_179' title='bbox 401 2350 514 2430; x_wconf 89' lang='lat' dir='ltr'><strong>aliquid</strong></span> <span class='ocrx_word' id='word_1_180' title='bbox 548 2368 644 2430; x_wconf 86' lang='lat' dir='ltr'><strong>posse·</strong></span> <span class='ocrx_word' id='word_1_181' title='bbox 663 2349 711 2409; x_wconf 83' lang='lat' dir='ltr'><strong>vel</strong></span> <span class='ocrx_word' id='word_1_182' title='bbox 734 2349 849 2410; x_wconf 79' lang='lat' dir='ltr'><strong>conari.</strong></span> <span class='ocrx_word' id='word_1_183' title='bbox 892 2349 1045 2408; x_wconf 90' lang='lat' dir='ltr'><strong>Aresoens</strong></span> 
     </span>
     <span class='ocr_line' id='line_1_26' title="bbox 123 2433 1045 2514; baseline -0.003 -22"><span class='ocrx_word' id='word_1_184' title='bbox 123 2433 240 2511; x_wconf 90' lang='lat' dir='ltr'><strong>palmes</strong></span> <span class='ocrx_word' id='word_1_185' title='bbox 265 2434 362 2513; x_wconf 85' lang='lat' dir='ltr'><strong>magis</strong></span> <span class='ocrx_word' id='word_1_186' title='bbox 385 2452 422 2494; x_wconf 89' lang='lat' dir='ltr'><strong>aa</strong></span> <span class='ocrx_word' id='word_1_187' title='bbox 446 2435 542 2514; x_wconf 86' lang='lat' dir='ltr'><strong>magis</strong></span> <span class='ocrx_word' id='word_1_188' title='bbox 566 2433 604 2493; x_wconf 92' lang='lat' dir='ltr'><strong>ad</strong></span> <span class='ocrx_word' id='word_1_189' title='bbox 628 2433 729 2511; x_wconf 86' lang='lat' dir='ltr'><strong>ignem</strong></span> <span class='ocrx_word' id='word_1_190' title='bbox 752 2438 885 2511; x_wconf 80' lang='lat' dir='ltr'><strong>paratur,</strong></span> <span class='ocrx_word' id='word_1_191' title='bbox 908 2449 968 2510; x_wconf 92' lang='lat' dir='ltr'><strong>quo</strong></span> <span class='ocrx_word' id='word_1_192' title='bbox 985 2451 1045 2490; x_wconf 88' lang='lat' dir='ltr'><strong>ma·</strong></span> 
     </span>
     <span class='ocr_line' id='line_1_27' title="bbox 122 2512 1046 2595; baseline -0.002 -20"><span class='ocrx_word' id='word_1_193' title='bbox 122 2516 169 2595; x_wconf 80' lang='lat' dir='ltr'><strong>gis</strong></span> <span class='ocrx_word' id='word_1_194' title='bbox 194 2517 316 2577; x_wconf 83' lang='lat' dir='ltr'><strong>arescit.</strong></span> <span class='ocrx_word' id='word_1_195' title='bbox 359 2516 425 2577; x_wconf 89' lang='lat' dir='ltr'><strong>Nisi</strong></span> <span class='ocrx_word' id='word_1_196' title='bbox 459 2518 525 2595; x_wconf 89' lang='lat' dir='ltr'><strong>ipss</strong></span> <span class='ocrx_word' id='word_1_197' title='bbox 549 2515 685 2577; x_wconf 82' lang='lat' dir='ltr'><strong>Christus</strong></span> <span class='ocrx_word' id='word_1_198' title='bbox 715 2514 795 2575; x_wconf 90' lang='lat' dir='ltr'><strong>hano</strong></span> <span class='ocrx_word' id='word_1_199' title='bbox 815 2512 1046 2575; x_wconf 87' lang='lat' dir='ltr'><strong>similitudinem</strong></span> 
     </span>
     <span class='ocr_line' id='line_1_28' title="bbox 122 2595 1046 2679; baseline -0.001 -22"><span class='ocrx_word' id='word_1_200' title='bbox 122 2599 166 2657; x_wconf 89' lang='lat' dir='ltr'><strong>sia</strong></span> <span class='ocrx_word' id='word_1_201' title='bbox 198 2598 359 2659; x_wconf 86' lang='lat' dir='ltr'><strong>dilatasset</strong></span> <span class='ocrx_word' id='word_1_202' title='bbox 392 2607 422 2661; x_wconf 93' lang='lat' dir='ltr'><strong>et</strong></span> <span class='ocrx_word' id='word_1_203' title='bbox 453 2599 649 2679; x_wconf 77' lang='lat' dir='ltr'><strong>applicasset,</strong></span> <span class='ocrx_word' id='word_1_204' title='bbox 683 2616 775 2657; x_wconf 84' lang='lat' dir='ltr'><strong>uerno</strong></span> <span class='ocrx_word' id='word_1_205' title='bbox 815 2595 921 2657; x_wconf 85' lang='lat' dir='ltr'><strong>luisset</strong></span> <span class='ocrx_word' id='word_1_206' title='bbox 954 2616 1046 2656; x_wconf 92' lang='lat' dir='ltr'><strong>ausus</strong></span> 
     </span>
     <span class='ocr_line' id='line_1_29' title="bbox 121 2677 1047 2763; baseline -0.003 -22"><span class='ocrx_word' id='word_1_207' title='bbox 121 2682 164 2743; x_wconf 92' lang='lat' dir='ltr'><strong>ita</strong></span> <span class='ocrx_word' id='word_1_208' title='bbox 199 2681 328 2743; x_wconf 84' lang='lat' dir='ltr'><strong>dilatare</strong></span> <span class='ocrx_word' id='word_1_209' title='bbox 364 2688 395 2743; x_wconf 90' lang='lat' dir='ltr'><strong>st</strong></span> <span class='ocrx_word' id='word_1_210' title='bbox 427 2683 592 2763; x_wconf 78' lang='lat' dir='ltr'><strong>applicare.</strong></span> <span class='ocrx_word' id='word_1_211' title='bbox 644 2677 713 2743; x_wconf 79' lang='lat' dir='ltr'><strong>stat</strong></span> <span class='ocrx_word' id='word_1_212' title='bbox 735 2681 841 2760; x_wconf 82' lang='lat' dir='ltr'><strong>igitur,</strong></span> <span class='ocrx_word' id='word_1_213' title='bbox 874 2678 954 2739; x_wconf 89' lang='lat' dir='ltr'><strong>Nihil</strong></span> <span class='ocrx_word' id='word_1_214' title='bbox 986 2679 1047 2740; x_wconf 88' lang='lat' dir='ltr'><strong>hoo</strong></span> 
     </span>
     <span class='ocr_line' id='line_1_30' title="bbox 121 2763 1046 2909; baseline -0.004 -84"><span class='ocrx_word' id='word_1_215' title='bbox 121 2763 193 2909; x_wconf 73' lang='lat' dir='ltr'><strong>lboeo</strong></span> <span class='ocrx_word' id='word_1_216' title='bbox 228 2766 352 2846; x_wconf 87' lang='lat' dir='ltr'><strong>proprie</strong></span> <span class='ocrx_word' id='word_1_217' title='bbox 384 2765 496 2827; x_wconf 89' lang='lat' dir='ltr'><strong>debere</strong></span> <span class='ocrx_word' id='word_1_218' title='bbox 518 2765 631 2845; x_wconf 89' lang='lat' dir='ltr'><strong>aaoipi,</strong></span> <span class='ocrx_word' id='word_1_219' title='bbox 665 2769 698 2824; x_wconf 91' lang='lat' dir='ltr'><strong>ut</strong></span> <span class='ocrx_word' id='word_1_220' title='bbox 734 2768 844 2824; x_wconf 88' lang='lat' dir='ltr'><strong>natura</strong></span> <span class='ocrx_word' id='word_1_221' title='bbox 874 2764 930 2823; x_wconf 89' lang='lat' dir='ltr'><strong>lert</strong></span> <span class='ocrx_word' id='word_1_222' title='bbox 952 2781 1046 2822; x_wconf 86' lang='lat' dir='ltr'><strong>voea-</strong></span> 
     </span>
     <span class='ocr_line' id='line_1_31' title="bbox 145 2848 686 2913; baseline -0.004 -4"><span class='ocrx_word' id='word_1_223' title='bbox 145 2848 197 2913; x_wconf 87' lang='lat' dir='ltr'><strong>uli.</strong></span> <span class='ocrx_word' id='word_1_224' title='bbox 672 2880 686 2895; x_wconf 87' lang='lat'><strong>·</strong></span> 
     </span>
     <span class='ocr_line' id='line_1_32' title="bbox 205 2926 1089 3011; baseline -0.003 -21"><span class='ocrx_word' id='word_1_225' title='bbox 205 2930 269 2990; x_wconf 90' lang='lat' dir='ltr'><strong>lam</strong></span> <span class='ocrx_word' id='word_1_226' title='bbox 293 2936 324 2991; x_wconf 89' lang='lat' dir='ltr'><strong>et</strong></span> <span class='ocrx_word' id='word_1_227' title='bbox 345 2930 489 3011; x_wconf 89' lang='lat' dir='ltr'><strong>exempla</strong></span> <span class='ocrx_word' id='word_1_228' title='bbox 512 2929 680 3007; x_wconf 88' lang='lat' dir='ltr'><strong>videamus,</strong></span> <span class='ocrx_word' id='word_1_229' title='bbox 703 2928 813 3009; x_wconf 89' lang='lat' dir='ltr'><strong>quibus</strong></span> <span class='ocrx_word' id='word_1_230' title='bbox 827 2928 946 3010; x_wconf 81' lang='lat' dir='ltr'><strong>probat,</strong></span> <span class='ocrx_word' id='word_1_231' title='bbox 962 2926 1046 2990; x_wconf 88' lang='lat' dir='ltr'><strong>Nihil</strong></span> <span class='ocrx_word' id='word_1_232' title='bbox 1086 2989 1089 2995; x_wconf 19' lang='grc' dir='ltr'><strong>Δ</strong></span> 
     </span>
     <span class='ocr_line' id='line_1_33' title="bbox 122 3010 1047 3094; baseline -0.004 -19"><span class='ocrx_word' id='word_1_233' title='bbox 122 3012 234 3075; x_wconf 86' lang='lat' dir='ltr'><strong>alieubi</strong></span> <span class='ocrx_word' id='word_1_234' title='bbox 269 3031 325 3093; x_wconf 92' lang='lat' dir='ltr'><strong>pro</strong></span> <span class='ocrx_word' id='word_1_235' title='bbox 348 3014 470 3075; x_wconf 88' lang='lat' dir='ltr'><strong>modion</strong></span> <span class='ocrx_word' id='word_1_236' title='bbox 493 3015 607 3094; x_wconf 85' lang='lat' dir='ltr'><strong>aaoipi,</strong></span> <span class='ocrx_word' id='word_1_237' title='bbox 642 3019 674 3073; x_wconf 92' lang='lat' dir='ltr'><strong>ut</strong></span> <span class='ocrx_word' id='word_1_238' title='bbox 704 3014 785 3073; x_wconf 88' lang='lat' dir='ltr'><strong>etin</strong></span> <span class='ocrx_word' id='word_1_239' title='bbox 808 3013 867 3073; x_wconf 90' lang='lat' dir='ltr'><strong>hao</strong></span> <span class='ocrx_word' id='word_1_240' title='bbox 888 3017 975 3092; x_wconf 88' lang='lat' dir='ltr'><strong>parte</strong></span> <span class='ocrx_word' id='word_1_241' title='bbox 997 3010 1047 3071; x_wconf 89' lang='lat' dir='ltr'><strong>de·</strong></span> 
     </span>
     <span class='ocr_line' id='line_1_34' title="bbox 123 3094 1046 3177; baseline -0.002 -22"><span class='ocrx_word' id='word_1_242' title='bbox 123 3102 339 3176; x_wconf 85' lang='lat' dir='ltr'><strong>monstremus,</strong></span> <span class='ocrx_word' id='word_1_243' title='bbox 362 3096 510 3177; x_wconf 82' lang='lat' dir='ltr'><strong>diatriben</strong></span> <span class='ocrx_word' id='word_1_244' title='bbox 534 3117 602 3158; x_wconf 87' lang='lat' dir='ltr'><strong>esse</strong></span> <span class='ocrx_word' id='word_1_245' title='bbox 625 3102 655 3157; x_wconf 88' lang='lat' dir='ltr'><strong>et</strong></span> <span class='ocrx_word' id='word_1_246' title='bbox 676 3095 798 3157; x_wconf 88' lang='lat' dir='ltr'><strong>effioere</strong></span> <span class='ocrx_word' id='word_1_247' title='bbox 820 3094 910 3174; x_wconf 88' lang='lat' dir='ltr'><strong>nihil,</strong></span> <span class='ocrx_word' id='word_1_248' title='bbox 932 3096 962 3154; x_wconf 92' lang='lat' dir='ltr'><strong>in</strong></span> <span class='ocrx_word' id='word_1_249' title='bbox 986 3114 1046 3174; x_wconf 91' lang='lat' dir='ltr'><strong>qua</strong></span> 
     </span>
     <span class='ocr_line' id='line_1_35' title="bbox 122 3177 1118 3260; baseline -0.005 -20"><span class='ocrx_word' id='word_1_250' title='bbox 122 3181 148 3240; x_wconf 92' lang='lat' dir='ltr'><strong>si</strong></span> <span class='ocrx_word' id='word_1_251' title='bbox 170 3180 263 3240; x_wconf 88' lang='lat' dir='ltr'><strong>etiam</strong></span> <span class='ocrx_word' id='word_1_252' title='bbox 286 3179 399 3260; x_wconf 92' lang='lat' dir='ltr'><strong>aliquid</strong></span> <span class='ocrx_word' id='word_1_253' title='bbox 423 3181 552 3258; x_wconf 81' lang='lat' dir='ltr'><strong>iaceret,</strong></span> <span class='ocrx_word' id='word_1_254' title='bbox 580 3186 681 3240; x_wconf 86' lang='lat' dir='ltr'><strong>tamen</strong></span> <span class='ocrx_word' id='word_1_255' title='bbox 704 3177 779 3239; x_wconf 92' lang='lat' dir='ltr'><strong>nihil</strong></span> <span class='ocrx_word' id='word_1_256' title='bbox 801 3178 945 3254; x_wconf 80' lang='lat' dir='ltr'><strong>efflueret,</strong></span> <span class='ocrx_word' id='word_1_257' title='bbox 967 3177 1045 3239; x_wconf 90' lang='lat' dir='ltr'><strong>adeo</strong></span> <span class='ocrx_word' id='word_1_258' title='bbox 1115 3228 1118 3235; x_wconf 91' lang='lat'>.</span> 
     </span>
     <span class='ocr_line' id='line_1_36' title="bbox 123 3260 964 3343; baseline -0.001 -20"><span class='ocrx_word' id='word_1_259' title='bbox 123 3262 254 3325; x_wconf 80' lang='lat' dir='ltr'><strong>diatriba</strong></span> <span class='ocrx_word' id='word_1_260' title='bbox 277 3283 331 3343; x_wconf 90' lang='lat' dir='ltr'><strong>per</strong></span> <span class='ocrx_word' id='word_1_261' title='bbox 354 3266 458 3325; x_wconf 92' lang='lat' dir='ltr'><strong>omnia</strong></span> <span class='ocrx_word' id='word_1_262' title='bbox 479 3270 510 3325; x_wconf 89' lang='lat' dir='ltr'><strong>et</strong></span> <span class='ocrx_word' id='word_1_263' title='bbox 528 3262 668 3324; x_wconf 90' lang='lat' dir='ltr'><strong>omnibus</strong></span> <span class='ocrx_word' id='word_1_264' title='bbox 691 3261 791 3322; x_wconf 93' lang='lat' dir='ltr'><strong>modis</strong></span> <span class='ocrx_word' id='word_1_265' title='bbox 814 3260 886 3321; x_wconf 90' lang='lat' dir='ltr'><strong>nihil</strong></span> <span class='ocrx_word' id='word_1_266' title='bbox 908 3268 964 3323; x_wconf 90' lang='lat' dir='ltr'><strong>est.</strong></span> 
     </span>
    </p>

    <p class='ocr_par' dir='ltr' id='par_1_4' title="bbox 207 3343 1047 3429">
     <span class='ocr_line' id='line_1_37' title="bbox 207 3343 1047 3429; baseline -0.006 -22"><span class='ocrx_word' id='word_1_267' title='bbox 207 3343 308 3426; x_wconf 88' lang='lat' dir='ltr'><strong>Vulgo</strong></span> <span class='ocrx_word' id='word_1_268' title='bbox 333 3347 462 3429; x_wconf 87' lang='lat' dir='ltr'><strong>(inquit)</strong></span> <span class='ocrx_word' id='word_1_269' title='bbox 488 3346 561 3407; x_wconf 88' lang='lat' dir='ltr'><strong>nihil</strong></span> <span class='ocrx_word' id='word_1_270' title='bbox 584 3364 677 3425; x_wconf 85' lang='lat' dir='ltr'><strong>agere</strong></span> <span class='ocrx_word' id='word_1_271' title='bbox 700 3344 818 3424; x_wconf 83' lang='lat' dir='ltr'><strong>dieitur,</strong></span> <span class='ocrx_word' id='word_1_272' title='bbox 841 3345 891 3423; x_wconf 93' lang='lat' dir='ltr'><strong>qui</strong></span> <span class='ocrx_word' id='word_1_273' title='bbox 914 3363 976 3403; x_wconf 94' lang='lat' dir='ltr'><strong>nou</strong></span> <span class='ocrx_word' id='word_1_274' title='bbox 1000 3362 1047 3403; x_wconf 87' lang='lat' dir='ltr'><strong>as·</strong></span> 
     </span>
    </p>
   </div>
   <div class='ocr_carea' id='block_1_3' title="bbox 123 3426 1152 3526">
    <p class='ocr_par' dir='ltr' id='par_1_5' title="bbox 123 3426 1152 3526">
     <span class='ocr_line' id='line_1_38' title="bbox 123 3426 1152 3526; baseline -0.005 -35"><span class='ocrx_word' id='word_1_275' title='bbox 123 3430 259 3509; x_wconf 89' lang='lat' dir='ltr'><strong>sequitur</strong></span> <span class='ocrx_word' id='word_1_276' title='bbox 279 3428 321 3506; x_wconf 88' lang='lat' dir='ltr'><strong>id,</strong></span> <span class='ocrx_word' id='word_1_277' title='bbox 334 3429 425 3509; x_wconf 80' lang='lat' dir='ltr'><strong>,quod</strong></span> <span class='ocrx_word' id='word_1_278' title='bbox 437 3431 566 3526; x_wconf 65' lang='lat' dir='ltr'><strong>expetit,</strong></span> <span class='ocrx_word' id='word_1_279' title='bbox 589 3434 731 3489; x_wconf 89' lang='lat' dir='ltr'><strong>ettamen</strong></span> <span class='ocrx_word' id='word_1_280' title='bbox 753 3427 926 3507; x_wconf 80' lang='lat' dir='ltr'><strong>frequenter</strong></span> <span class='ocrx_word' id='word_1_281' title='bbox 943 3426 1046 3504; x_wconf 90' lang='lat' dir='ltr'><strong>aliquo</strong></span> <span class='ocrx_word' id='word_1_282' title='bbox 1149 3464 1152 3469; x_wconf 90' lang='lat'>-</span> 
     </span>
    </p>
   </div>
   <div class='ocr_carea' id='block_1_4' title="bbox 122 3517 1047 3845">
    <p class='ocr_par' dir='ltr' id='par_1_6' title="bbox 124 3517 648 3593">
     <span class='ocr_line' id='line_1_39' title="bbox 124 3517 648 3593; baseline 0 -21"><span class='ocrx_word' id='word_1_283' title='bbox 124 3531 221 3593; x_wconf 89' lang='lat' dir='ltr'><strong>usque</strong></span> <span class='ocrx_word' id='word_1_284' title='bbox 243 3519 415 3591; x_wconf 89' lang='lat' dir='ltr'><strong>promovet,</strong></span> <span class='ocrx_word' id='word_1_285' title='bbox 436 3530 487 3592; x_wconf 87' lang='lat' dir='ltr'><strong>qur</strong></span> <span class='ocrx_word' id='word_1_286' title='bbox 510 3517 648 3573; x_wconf 78' lang='lat' dir='ltr'><strong>conatur.</strong></span> 
     </span>
    </p>

    <p class='ocr_par' dir='ltr' id='par_1_7' title="bbox 122 3589 1047 3845">
     <span class='ocr_line' id='line_1_40' title="bbox 207 3589 1045 3676; baseline -0.006 -22"><span class='ocrx_word' id='word_1_287' title='bbox 207 3594 411 3674; x_wconf 82' lang='lat' dir='ltr'><strong>Respondes:</strong></span> <span class='ocrx_word' id='word_1_288' title='bbox 445 3595 608 3676; x_wconf 86' lang='lat' dir='ltr'><strong>Nunquam</strong></span> <span class='ocrx_word' id='word_1_289' title='bbox 641 3593 741 3655; x_wconf 89' lang='lat' dir='ltr'><strong>audivi</strong></span> <span class='ocrx_word' id='word_1_290' title='bbox 777 3592 870 3672; x_wconf 83' lang='lat' dir='ltr'><strong>vulgo</strong></span> <span class='ocrx_word' id='word_1_291' title='bbox 904 3592 948 3651; x_wconf 85' lang='lat' dir='ltr'><strong>sie</strong></span> <span class='ocrx_word' id='word_1_292' title='bbox 970 3589 1045 3650; x_wconf 88' lang='lat' dir='ltr'><strong>diei:</strong></span> 
     </span>
     <span class='ocr_line' id='line_1_41' title="bbox 122 3672 1047 3758; baseline -0.005 -19"><span class='ocrx_word' id='word_1_293' title='bbox 122 3679 168 3739; x_wconf 77' lang='lat' dir='ltr'><strong>&#39;l&#39;n</strong></span> <span class='ocrx_word' id='word_1_294' title='bbox 197 3679 240 3737; x_wconf 87' lang='lat' dir='ltr'><strong>ita</strong></span> <span class='ocrx_word' id='word_1_295' title='bbox 262 3677 353 3757; x_wconf 83' lang='lat' dir='ltr'><strong>lingis</strong></span> <span class='ocrx_word' id='word_1_296' title='bbox 383 3698 438 3758; x_wconf 88' lang='lat' dir='ltr'><strong>pro</strong></span> <span class='ocrx_word' id='word_1_297' title='bbox 468 3678 608 3739; x_wconf 89' lang='lat' dir='ltr'><strong>libertate</strong></span> <span class='ocrx_word' id='word_1_298' title='bbox 641 3683 702 3738; x_wconf 87' lang='lat' dir='ltr'><strong>lua.</strong></span> <span class='ocrx_word' id='word_1_299' title='bbox 746 3674 850 3737; x_wconf 86' lang='lat' dir='ltr'><strong>Verba</strong></span> <span class='ocrx_word' id='word_1_300' title='bbox 878 3672 1047 3755; x_wconf 82' lang='lat' dir='ltr'><strong>spectanda</strong></span> 
     </span>
     <span class='ocr_line' id='line_1_42' title="bbox 123 3757 1047 3845; baseline -0.006 -23"><span class='ocrx_word' id='word_1_301' title='bbox 123 3768 196 3823; x_wconf 92' lang='lat' dir='ltr'><strong>suut</strong></span> <span class='ocrx_word' id='word_1_302' title='bbox 217 3761 265 3841; x_wconf 81' lang='lat' dir='ltr'><strong>(ut</strong></span> <span class='ocrx_word' id='word_1_303' title='bbox 288 3761 417 3845; x_wconf 77' lang='lat' dir='ltr'><strong>vocant)</strong></span> <span class='ocrx_word' id='word_1_304' title='bbox 449 3762 616 3824; x_wconf 84' lang='lat' dir='ltr'><strong>seeundum</strong></span> <span class='ocrx_word' id='word_1_305' title='bbox 646 3761 804 3822; x_wconf 90' lang='lat' dir='ltr'><strong>materiam</strong></span> <span class='ocrx_word' id='word_1_306' title='bbox 826 3757 994 3820; x_wconf 81' lang='lat' dir='ltr'><strong>subiectam</strong></span> <span class='ocrx_word' id='word_1_307' title='bbox 1017 3763 1047 3816; x_wconf 90' lang='lat' dir='ltr'><strong>et</strong></span> 
     </span>
    </p>
   </div>
   <div class='ocr_carea' id='block_1_5' title="bbox 0 0 1178 4162">
    <p class='ocr_par' dir='ltr' id='par_1_8' title="bbox 0 0 1178 4162">
     <span class='ocr_line' id='line_1_43' title="bbox 0 0 1178 4162; baseline 0 0"><span class='ocrx_word' id='word_1_308' title='bbox 0 0 1178 4162; x_wconf 95' lang='lat' dir='ltr'><strong> </strong></span> 
     </span>
    </p>
   </div>
  </div>
 </body>
</html>
