2348 4162
68 3796 119 3912 ι

205 244 268 313 394
433 246 638 307 ὒοηείιωεειεε
656 252 794 322 quaedam
812 252 847 309 1).
866 254 901 311 Ι.
919 254 951 311 L

289 420 444 499 Secundo,
467 421 550 501 quod
570 423 685 500 inquit:
707 423 811 484 Pariea
832 423 939 503 liliam,
962 426 1035 505 quia
1055 444 1120 487 oon·

207 506 310 585 eeptio
333 507 444 567 mentia
466 524 528 566 non
551 506 631 586 parit
652 506 772 586 prolem
786 526 827 567 ex
840 514 938 587 utero,
960 528 1019 570 eeu
1034 508 1120 570 filiam

206 608 260 651 eeu
282 587 386 653 lilium.
430 587 513 667 Ergo
535 596 639 669 pertua
672 596 719 650 εει
750 593 812 651 veri
834 590 888 652 filii
909 610 1066 671 veraeque
1085 612 1122 653 ex

206 678 293 733 utero
320 672 426 752 prolia.
468 672 583 734 Tertio:
615 672 751 734 Voeabia
778 693 890 735 nomen
923 676 991 736 eiua
1018 676 1123 753 laeum,

205 757 277 835 quia
309 774 421 817 nomen
450 775 603 835 personae
636 762 684 816 εει
715 759 870 837 proprium
899 766 932 819 ει
959 759 1121 819 bumaaum

205 841 308 919 arguit
329 846 448 919 partum
482 857 521 899 ex
556 846 642 901 utero
676 857 762 903 more
793 840 928 902 oiuuium
958 842 1122 905 bominum.

206 923 337 999 Quarto,
370 923 452 1003 quod
475 929 593 1002 patrem
617 923 715 983 David
743 933 849 1000 vocat,
870 943 947 1005 ergo
968 925 1051 986 liliua
1071 926 1123 986 iate

205 1013 253 1068 εει
279 1006 373 1067 bomo
403 1024 506 1083 verua,
546 1006 660 1085 alioqui
691 1006 821 1067 Davidia
848 1007 930 1068 lilius
958 1028 1031 1069 eaae
1064 1028 1121 1069 uoa

205 1094 326 1170 poseat,
354 1108 454 1169 neque
477 1090 557 1150 enim
580 1089 709 1169 angelus
732 1090 781 1150 vel
803 1092 926 1171 spiritua
949 1098 1056 1171 poteat
1074 1091 1121 1153 bo·

206 1174 295 1233 minia
317 1172 397 1233 flliua
421 1172 478 1233 diei
501 1178 558 1235 ete.

288 1255 377 1331 Quod
400 1262 502 1317 autem
524 1257 564 1315 ait
584 1273 675 1317 verua
697 1256 795 1333 Deua,
822 1257 931 1336 primo,
953 1259 1029 1336 quia
1048 1256 1120 1318 filim

206 1340 263 1400 Dei
285 1337 461 1416 vocabitur,
498 1339 570 1399 lieet
596 1339 657 1400 boa
684 1341 783 1418 poeait
809 1339 990 1400 ealumuiari
1021 1360 1120 1421 aper·

207 1424 318 1499 versia,
353 1428 454 1482 tamen
482 1425 513 1482 iu
542 1421 704 1503 Scripturia
733 1422 816 1482 nulla
843 1424 965 1501 privata
995 1442 1119 1503 peraoaa

205 1511 333 1568 vocatur
353 1504 434 1565 liliua
457 1505 529 1585 Dei,
565 1507 622 1565 aiei
644 1507 703 1565 iate
724 1506 847 1585 unicus,
881 1505 1048 1567 collective
1073 1525 1119 1567 eeu

205 1589 362 1670 pluraliter
383 1588 503 1668 quidem
526 1594 676 1649 vocantur
711 1587 815 1649 Saueti
846 1590 939 1650 etiam
975 1588 1031 1649 lilii
1062 1589 1119 1663 Dei,

207 1691 261 1733 eeu
283 1671 374 1750 lilius,
396 1678 429 1731 ut
449 1670 549 1734 Exod.
568 1673 602 1737 3:
625 1671 751 1732 Dimitte
773 1670 867 1732 filium
882 1682 996 1750 meum,
1018 1672 1050 1732 id
1071 1678 1119 1749 eat,

205 1755 354 1835 populum
388 1774 505 1833 meum,
537 1752 591 1815 aad
614 1754 687 1814 nulli
718 1755 838 1834 privato
860 1754 987 1816 dieitur:
1021 1755 1067 1816 Tu
1092 1772 1119 1815 ee

206 1838 285 1899 liliua
316 1857 420 1918 meua,
455 1838 513 1898 uisi
534 1836 605 1898 huie
626 1839 688 1897 uui.

289 1920 442 1999 seeundo,
465 1919 547 2000 quod
570 1939 700 2000 reguum
713 1926 871 1980 aeternum
884 1919 958 1982 huie
976 1936 1119 2000 personae

207 2005 311 2081 datur,
341 2004 402 2064 hoe
424 2009 471 2064 εει
493 2003 683 2084 impossibile
704 2002 767 2062 dari
792 2002 909 2063 bomini
931 2022 1029 2084 puro,
1057 2002 1119 2082 quia

209 2093 255 2147 eat
266 2106 394 2167 regnum
408 2086 466 2149 Dei
479 2087 575 2147 eoliua
590 2105 774 2164 eaaeregem
787 2085 936 2162 albetine,
960 2084 1119 2165 temporale

209 2176 293 2231 eerto
317 2189 379 2230 non
401 2176 505 2250 potest
527 2189 610 2246 ease,
645 2169 695 2230 ubi
722 2167 861 2229 videmus
884 2169 1003 2229 nullum
1025 2186 1118 2249 regem

209 2261 331 2315 eentum
361 2255 448 2313 annia
477 2272 580 2333 regem
610 2271 679 2313 εεεε
701 2269 810 2331 posse,
842 2251 956 2312 nedum
980 2254 1049 2313 aiae
1068 2249 1119 2311 liae

207 2357 308 2398 rerum
332 2336 422 2397 ullius
432 2336 462 2415 ¹)
488 2355 557 2396 eaee
579 2342 698 2416 potest,
732 2353 800 2394 eum
824 2336 884 2394 aiut
912 2353 1024 2397 omnea
1052 2352 1119 2394 mor·

206 2422 294 2483 talea.
323 2420 365 2481 Αι
386 2419 467 2479 hune
489 2438 592 2499 regem
616 2436 744 2479 neeesse
766 2424 814 2477 εει
834 2437 904 2479 εεεε
925 2417 1120 2479 immortalem

207 2512 238 2565 et
261 2510 428 2579 aeternum,
453 2500 642 2582 quarealiud
659 2520 785 2580 regnum
809 2501 913 2578 babet,
935 2520 1029 2579 quam
1050 2496 1119 2559 ialal

210 2587 414 2664 mundanum,
444 2592 614 2663 ettamen,
637 2585 707 2664 quia
729 2583 823 2644 homo
847 2591 877 2644 et
899 2583 982 2644 liliua
1007 2582 1120 2644 Davidie

207 2677 269 2746 eat,
302 2669 439 2730 mortalia
463 2675 524 2747 eat,
558 2669 600 2728 ita
622 2666 655 2726 lit
683 2669 740 2727 iste
773 2666 918 2727 mirabilia
953 2687 1011 2727 rex
1042 2662 1121 2727 eimul

210 2754 348 2814 mortalia
382 2759 412 2812 et
444 2751 635 2813 immortalia.
695 2747 769 2824 Quia
807 2750 867 2809 iata
904 2744 1121 2811 concordabili

208 2838 335 2897 Moritur
357 2836 448 2914 igitur
469 2842 503 2894 ut
524 2833 634 2911 bomo,
658 2840 689 2891 et
710 2834 783 2891 vivit
806 2839 839 2892 ut
861 2831 961 2911 Deua,
998 2839 1029 2893 et
1050 2847 1121 2891 more

208 2918 390 2993 absorbetur
421 2919 450 2977 iu
487 2918 567 2993 vita,
601 2923 631 2975 et
663 2915 876 2975 immortalitas
910 2915 966 2975 Dei
1007 2915 1122 2975 devora

212 3001 427 3061 mortalitatem
464 2999 605 3062 hominia.
650 2998 697 3057 Ex
730 2997 840 3077 quibua
871 2999 1011 3076 sequitur
1042 2997 1122 3058 aliam

210 3085 303 3143 vitam
328 3090 444 3143 restare
472 3089 544 3162 poet
564 3081 644 3143 bane
668 3083 773 3160 vitam,
795 3087 827 3141 et
847 3080 929 3140 hune
952 3100 1058 3161 regem
1079 3079 1124 3139 ho·

211 3167 323 3226 minem
346 3165 406 3225 boe
429 3184 535 3244 agere,
570 3172 602 3225 ut
624 3164 765 3225 homines
795 3183 833 3224 ex
857 3169 955 3224 morte
978 3164 1018 3225 ad
1040 3165 1123 3225 vitam

208 3268 263 3330 per
285 3250 384 3328 ipsum
407 3248 573 3313 trahantur.
616 3246 680 3324 Ab,
714 3247 781 3325 quie
810 3249 869 3306 iata
897 3247 1017 3308 eredit?
1060 3245 1124 3321 Quia

209 3331 362 3393 attendit?
405 3330 481 3406 Quia
519 3329 666 3391 miratur?
708 3330 885 3390 Tranaimua
933 3331 1013 3390 aieut
1052 3326 1124 3389 eurdi

210 3422 241 3476 ει
262 3415 358 3477 εεεεί.

294 3496 426 3572 Quartus
455 3497 540 3556 loeus
573 3503 621 3557 eat
652 3494 844 3556 confirmatio
872 3495 1125 3575 praecedentium,

211 3581 328 3640 aeilieet
357 3579 439 3657 quod
469 3581 555 3660 virgo
590 3579 723 3658 quaerit,
757 3577 914 3658 quomodo
944 3580 983 3640 ait
1005 3578 1083 3639 filiae
1104 3576 1124 3635 ei

285 3752 312 3817 l)
333 3751 363 3805 lu
381 3750 425 3808 ed.
444 3750 514 3806 lem:
535 3750 615 3805 ullue.
670 3810 675 3817 ,
