2348 4162
366 266 456 322 nmioo
474 265 585 322 suidam
602 265 806 336 prussoriptoo.¹
980 261 1044 328 413
1080 232 1084 239 Ι

122 438 203 497 saris
223 444 271 498 ost
294 437 476 517 admonitio,
497 456 537 498 no
557 442 701 519 putemus
727 453 785 496 nos
807 434 907 495 deseri
929 452 949 494 o
968 432 1047 512 Deo,

121 528 176 582 out
196 520 270 582 odio
291 520 411 601 haberi,
432 520 516 601 quod
536 539 593 582 uos
616 518 800 598 oooidimur‚
822 518 954 600 potimur
976 523 1047 597 oto„

121 604 166 665 iiii
187 603 284 683 rutl)
319 605 506 686 triumphant
538 610 569 665 ot
598 605 733 665 vinount.
776 602 944 681 Utrumque
966 601 1047 661 eninr

122 687 303 749 sonndulum
325 696 373 751 est
393 707 505 769 gravo,
537 687 656 748 soilioot
688 695 720 748 et
744 685 883 747 damnosi
914 686 946 744 in
974 683 1048 745 doo-

121 772 201 831 trinn
224 777 369 851 tunquam
391 773 488 834 hostis
511 771 568 832 Dei
590 778 621 832 ot
643 770 742 831 oooidi
765 771 797 830 in
820 786 960 849 corporo,
982 774 1047 828 ton-

122 872 215 935 quom
247 853 345 917 hostis
379 856 531 918 ooolesiso
562 859 595 916 et
630 854 753 935 generis
785 852 919 913 humani.
968 846 1065 913 ldeo'

122 956 202 1018 opus
224 946 272 998 est
292 938 418 1001 oroders
440 937 646 1000 consolationi
668 937 799 1018 Spiritus
821 937 920 997 sonoti
942 941 973 995 st
994 933 1046 994 od·

122 1023 325 1083 monitionem
347 1021 459 1084 Christi
481 1028 597 1099 tenero,
618 1022 709 1082 istorn
731 1019 1047 1098 oonsolotiouomsp·

122 1105 282 1184 probantis
305 1113 365 1169 eto.

324 1189 372 1250 Do
392 1188 564 1251 substantio
585 1187 716 1269 Spiritus
739 1187 849 1248 sanoti.

206 1271 292 1333 Haeo
324 1271 425 1334 obiter
451 1280 482 1332 et
509 1271 641 1332 brevitor
678 1271 721 1346 (si
754 1270 845 1349 iibot)
881 1266 1048 1349 tangendo,

101 1356 196 1435 ¹quin
217 1360 327 1417 exuoto
359 1374 423 1417 non
445 1361 549 1437 potest
570 1372 632 1414 uno
655 1372 798 1415 sermone
819 1356 957 1433 trsotori,
992 1354 1048 1412 soi-
1141 1392 1147 1403 ι

123 1438 212 1499 lioot:

207 1520 373 1596 Quomodo
395 1521 524 1601 Spiritus
547 1526 673 1582 sanutus
696 1518 845 1601 prooedat
866 1539 885 1579 a
906 1518 996 1579 Putre
1018 1525 1050 1578 st

124 1603 202 1664 Filio
208 1648 218 1685 ‚
246 1606 319 1683 quio
340 1606 423 1684 quod
444 1604 584 1686 prooodit
605 1623 625 1664 o
645 1603 752 1680 Patro,
786 1610 832 1663 est
854 1620 924 1662 sum
938 1600 984 1661 'ab
1000 1620 1049 1661 oe-

124 1695 213 1747 tsrno
236 1706 306 1748 osse
326 1688 408 1748 idom
431 1706 499 1748 oum
523 1688 623 1766 Putre,
646 1694 749 1748 tumen
771 1693 805 1746 ιιι
826 1703 888 1746 non
906 1685 996 1744 Potor
1009 1684 1048 1745 ab

124 1772 204 1851 ipso,
227 1770 280 1831 sed
302 1772 371 1852 ipso
393 1792 413 1851 a,
425 1771 635 1834 Patrohobeat
657 1790 728 1831 esse
749 1769 822 1830 iilud
841 1768 934 1831 idern.
957 1766 1049 1842 Quod

124 1861 228 1915 outoni
251 1855 377 1921 mittitur
398 1855 516 1935 atilio,
538 1853 692 1936 signifloot
713 1853 802 1914 simul
826 1855 925 1933 ipsum
941 1850 1048 1910 sFilio

123 1954 246 2017 quoque
267 1937 453 2018 procedere,
488 1939 560 2018 quia
595 1957 658 1999 non
687 1937 767 1997 iilius
789 1956 808 1997 n
830 1936 959 2017 Spiritu,
992 1933 1070 1993 ssd·

121 2020 252 2101 Spiritus
274 2039 294 2080 o
316 2021 379 2083 filio
402 2023 485 2083 venit
509 2028 569 2084 eto.

237 2204 442 2266 Dominioa
463 2205 685 2271 Trinitatis.
729 2204 875 2266 Iohannis
896 2202 947 2267 111.

205 2370 282 2431 Erat
301 2376 405 2432 sutem
427 2371 521 2431 homo
543 2389 585 2432 ex
595 2371 758 2450 Phorisuis,
780 2369 969 2431 Nioodomus
992 2387 1045 2430 no-

124 2455 216 2534 mine,
239 2453 586 2535 prinoepsludaeorum.
609 2455 666 2514 Hio
685 2457 768 2513 vonit
783 2454 821 2513 sd
844 2453 945 2514 lesum
958 2460 1050 2513 noote

123 2545 155 2598 et
176 2536 256 2599 dixit
277 2539 322 2601 ei:
345 2536 454 2616 Rsbbi,
476 2538 599 2619 suimus,
622 2539 694 2617 quin
716 2557 733 2597 o
757 2537 823 2596 Doo
846 2538 966 2597 veneris
987 2555 1051 2597 nro·

123 2622 229 2700 gister.
272 2620 371 2683 Nemo
394 2624 475 2682 enim
496 2627 601 2702 potest
622 2621 700 2681 huso
721 2621 810 2699 signa
831 2618 945 2693 fouere,
968 2637 1049 2698 quse

123 2711 156 2764 ιιι
178 2704 264 2786 fsois,
286 2706 345 2765 nisi
364 2706 453 2766 fuerit
475 2706 557 2765 Deus
586 2725 654 2766 oum
678 2722 727 2767 eo.
771 2702 944 2783 Respondit
964 2704 1050 2763 lesos

124 2794 156 2847 et
177 2786 254 2847 dixit
273 2788 318 2847 ei:
351 2789 451 2850 Amen
482 2807 573 2850 umen
597 2789 667 2850 dioo
690 2785 758 2865 ribi,
792 2774 939 2865 nisiduis
961 2793 1051 2846 ustus

124 2871 216 2931 fuerit
238 2871 350 2953 denuo,
372 2892 434 2934 non
456 2880 560 2955 potest
580 2872 685 2934 videro
706 2890 833 2950 regnum
858 2870 914 2930 Dei
927 2868 967 2949 ²).
1003 2870 1051 2929 Di·

124 2955 165 3014 oit
188 2953 228 3014 nd
250 2972 320 3015 eum
334 2955 537 3019 Nioodonrus:
559 2955 724 3033 Quomodo
738 2962 842 3035 potest
852 2955 945 3015 honio
956 2955 1051 3031 nusoi,

106 3052 194 3097 'oum
215 3039 255 3098 sit
277 3040 398 3100 senex?
440 3040 585 3123 Nunqnid
607 3045 710 3122 potest
730 3040 762 3098 in
785 3044 923 3098 ventrem
947 3039 1049 3098 matris

124 3140 201 3182 sune
222 3122 334 3184 iterato
367 3124 494 3187 introire
523 3132 553 3187 et
574 3122 715 3186 ronosoi?
757 3120 931 3201 Respondit
952 3123 1051 3182 lesus:

124 3206 226 3267 Amen
250 3224 341 3268 omen
364 3209 433 3270 dioo
456 3210 526 3291 tibi,
558 3210 615 3270 nisi
648 3207 716 3285 quis
746 3211 869 3265 renatus
899 3204 989 3266 inerit
1010 3222 1051 3264 ox
1132 3248 1136 3255 .

123 3307 207 3369 aquo
228 3297 260 3351 et
280 3290 393 3373 Spiritu
415 3301 542 3372 saneto,
570 3300 639 3355 non'
651 3295 755 3371 potest
785 3290 912 3350 introire
933 3290 964 3350 in
986 3307 1051 3367 rog·

201 3587 232 3652 i)
252 3548 320 3656 Lsg.
339 3583 470 3640 fortasse:
490 3587 595 3648 autom3
614 3583 673 3634 aut
691 3574 824 3645 soriptum
843 3570 946 3642 legitur
959 3568 986 3627 in
1006 3570 1051 3627 sd.

125 3658 198 3728 orig.
218 3664 246 3713 st
263 3657 291 3711 in
311 3656 353 3712 ed.
373 3657 430 3712 Ien.
471 3656 504 3724 2)
524 3654 555 3708 In
574 3652 617 3708 ed.
637 3650 707 3721 orig.
725 3646 812 3705 verba
828 3644 974 3715 Evangelii
992 3650 1052 3699 tan·
1130 3684 1136 3700 .

124 3710 269 3862 prpmrpeodo
299 3728 434 3785 haetenus
459 3726 626 3805 redduntur,
654 3722 763 3792 reliqua
789 3717 907 3789 repetita
934 3722 998 3772 sunt
1016 3730 1050 3772 ox

164 3846 171 3861 .
221 3819 248 3857 n.
315 3840 318 3845 -
