2348 4162
374 235 465 293 amieo
482 235 591 293 suidam
610 239 808 307 praeseriptse
982 231 1046 300 427

127 413 159 469 et
179 407 264 468 venit
296 408 326 467 in
349 408 502 469 civitatem
531 426 628 471 suam.
671 407 710 468 Elt
732 425 805 468 ease
828 405 997 469 offerebant
1018 405 1047 466 ei

125 488 331 570 paralyticum
367 492 517 553 iuuentem
548 491 579 550 in
615 490 705 555 lecto.
749 490 790 551 Et
819 490 927 552 videns
958 487 1047 551 Iesus

108 573 219 648 ¹fldem
241 573 362 635 illorum
385 573 461 634 dixit
483 573 671 654 paralytico:
699 572 843 649 confide,
867 573 923 654 fili,
945 574 1047 633 remit·

127 663 232 719 tuntur
255 657 308 718 tibi
330 663 460 738 peeeate
482 655 583 729 tuu1).
626 657 666 717 ut
687 675 761 717 eece
782 656 905 734 quidam
928 655 965 716 de
977 656 1047 715 seri·

127 740 174 801 bis
195 740 341 803 dixerunt
359 743 440 802 intra
460 759 508 801 se:
530 740 588 801 Hie
610 739 811 819 blasphemat.
831 807 834 812 .
854 739 894 800 Et
916 757 983 798 eum
1007 739 1047 798 vi-

127 823 225 885 disset
245 824 329 885 lesus
360 824 563 905 eugitatiunes
585 842 701 899 eorum,
723 822 815 883 dixit:
840 823 882 885 Ut
903 821 982 900 quid·
998 840 1047 883 eu·

126 909 231 989 gitatis
253 907 334 970 mala
354 908 385 969 in
409 906 552 968 cordibus
575 906 706 968 vestris?
748 906 828 981 Quid
851 914 898 967 est
918 904 1048 984 facilius,

127 990 248 1052 disere:
291 988 492 1054 Dimittuntur
523 990 576 1051 tibi
610 997 739 1070 peeeeta
770 995 837 1064 tua,
869 986 1047 1049 audiuere:

126 1074 225 1155 Surge
247 1077 279 1137 et
299 1073 443 1136 ambula?
475 1073 516 1135 Ut
536 1079 637 1135 autem
660 1074 778 1154 sciatis,
802 1073 872 1153 quie
893 1071 972 1132 filius
995 1070 1047 1132 ho·

127 1159 218 1218 minis
239 1157 334 1235 habet
353 1164 544 1238 potestatem.
565 1159 596 1217 iu
624 1163 704 1217 terra
726 1155 897 1217 dimittendi
919 1160 1049 1235 peecata
1150 1215 1154 1222 ,

128 1238 222 1324 (tune
243 1241 286 1303 ait
307 1238 507 1322 paralytico):
540 1240 648 1320 Surge,
670 1240 744 1301 tolle
766 1240 878 1301 leetum
900 1244 994 1318 tuum,
1019 1243 1050 1299 et

127 1324 207 1385 vade
229 1325 261 1385 in
284 1323 409 1385 domum
441 1329 533 1387 tuum.
577 1323 617 1383 Et
634 1324 774 1399 surrexit,
796 1329 826 1383 et
846 1321 921 1382 abiit
940 1323 972 1381 iu
995 1319 1048 1381 do-

127 1427 211 1468 mum
233 1427 330 1469 suem.
374 1406 521 1468 Videntes
550 1412 651 1468 autem
679 1405 786 1469 turbae
810 1407 989 1482 timuerunt,
1018 1409 1049 1463 et

126 1489 376 1572 glorilieeverunt
397 1491 513 1574 Deum,
548 1491 599 1570 qui
632 1489 716 1551 dedit
748 1494 933 1572 potestatem
956 1486 1047 1551 talem

126 1573 312 1636 homiuibus.
1052 1589 1059 1600 ‘

213 1656 281 1717 Heu
302 1656 505 1737 Evangelium
542 1657 634 1719 doeet
665 1657 766 1718 loeum
795 1660 885 1719 istum
909 1657 1049 1718 iustifica-

127 1740 219 1802 tionis
242 1747 273 1801 et
283 1741 473 1801 remissionis
494 1748 692 1819 peecatorum
706 1741 868 1823 magnifiee
892 1741 1048 1820 exemplo.

126 1823 210 1899 Quia
231 1822 369 1884 Christus
393 1823 444 1883 uui
465 1823 516 1884 isti
537 1823 654 1885 homini
675 1824 1046 1903 praedientEvangelium

126 1907 254 1987 gratiae,
278 1913 349 1967 ante
372 1907 476 1968 omnia
498 1909 563 1968 eius
576 1909 683 1968 merita
707 1912 738 1968 et
748 1908 840 1988 plane
861 1908 973 1988 apertis
983 1926 1047 1966 ver-

125 1988 184 2067 bis,
205 1988 365 2070 profitetur
387 2009 457 2051 eum
469 2009 538 2052 esse
549 1997 754 2070 peecatorem,
776 1990 896 2052 dieens:
919 1991 1050 2051 Peeeate

125 2078 196 2150 tua,
224 2090 286 2133 non
310 2072 397 2133 dieit:
432 2073 607 2135 Laudentur
638 2093 733 2154 opera
760 2079 813 2135 tua
847 2094 901 2135 seu
931 2074 1048 2152 merita,

125 2154 182 2216 sed
205 2162 351 2235 pertentor
373 2175 406 2216 es
428 2162 459 2217 et
480 2159 615 2236 peccatis
637 2157 762 2239 plenus,
785 2165 887 2219 tamen
910 2157 975 2217 noli
997 2155 1047 2217 de-

124 2257 268 2320 sperare,
290 2258 329 2300 ne
351 2241 393 2300 sis
413 2239 632 2319 pusillanimis,
667 2240 722 2301 sed
750 2240 895 2302 sudaster
917 2239 1048 2316 confide,

125 2326 258 2402 peceate
279 2322 330 2382 tna
351 2328 382 2383 te
403 2341 467 2383 uun
489 2323 659 2403 impedient
680 2343 738 2384 nee
758 2324 838 2384 ultra
849 2323 1048 2400 accusabunt,

125 2403 181 2466 sed
204 2405 333 2466 remisse
354 2411 385 2466 et
405 2403 551 2466 damnata
564 2424 632 2467 esse
645 2405 766 2468 debent.
810 2406 856 2467 lta
877 2415 924 2466 est
936 2424 1047 2484 magua

124 2488 172 2548 vis
192 2488 223 2547 iu
246 2488 305 2549 isto
318 2486 429 2549 verbo:
452 2487 591 2569 eonfids,
615 2508 675 2568 quo
687 2490 889 2551 rhetoricatur
900 2496 931 2550 et
944 2494 1050 2549 movet

125 2590 195 2632 enm
218 2569 258 2631 ad
296 2571 473 2653 erigendam
494 2570 586 2633 iidem
610 2592 682 2652 erga
704 2574 833 2651 gratiam
857 2572 1048 2652 opulentissi-

124 2672 224 2734 mum,
247 2671 339 2733 quem
361 2656 390 2716 ei
413 2654 501 2716 offert
523 2662 584 2716 tam
606 2654 704 2716 faeilie
728 2662 758 2716 et
778 2674 909 2736 pronus,
923 2661 964 2715 'ut
984 2674 1046 2715 uon

108 2736 226 2798 'solum
250 2735 362 2816 verbo,
398 2735 509 2800 sedet
537 2744 625 2819 gestu
661 2746 693 2800 et
714 2738 825 2801 affeetu
848 2757 916 2799 eum
940 2739 1048 2799 invitet

123 2818 164 2880 ad
186 2817 329 2880 fidaeiam
355 2820 594 2884 miseridordiae.
639 2821 822 2884 Audendum
846 2828 906 2896 est,
939 2821 1046 2899 inquit,

124 2900 220 2980 ande,
240 2901 378 2980 confide,
400 2905 442 2964 sis
461 2904 547 2966 furtis
569 2912 599 2965 et
620 2907 788 2969 animosus.
833 2904 912 2981 Quia
934 2901 1047 2964 fiduei'a

122 2987 154 3046 in
176 2992 305 3066 pestere
326 3006 398 3049 vere
419 3006 533 3069 magna
555 2987 767 3066 selandicis,
804 2993 837 3048 ut
853 2990 894 3049 ‹is
923 3006 1047 3067 praesu·

123 3087 208 3129 mere
235 3068 348 3130 audeat
381 3089 451 3130 sese
480 3070 595 3131 habere
616 3072 715 3132 Deum
745 3072 927 3152 prnpitium‚
955 3090 1045 3150 quem

122 3152 237 3213 sentiat
257 3157 323 3213 toto
347 3152 440 3214 eorde
461 3155 596 3234 pecualis
612 3156 674 3215 suis
689 3160 739 3230 (ut
761 3174 822 3215 nou
844 3153 1046 3234 potentaliter

121 3237 250 3312 natura)
273 3255 342 3295 esse
363 3237 483 3297 iratum.
527 3236 595 3298 Hue
617 3239 786 3318 estipenm,
810 3237 891 3316 qnod
915 3255 975 3297 nun
990 3236 1044 3297 ob-

122 3336 213 3380 scure
233 3317 371 3380 Christus
392 3318 546 3400 signifieat
566 3339 604 3381 eo
627 3321 695 3401 ipso
717 3321 830 3396 verbo,
863 3321 933 3400 quia
955 3319 1041 3380 dicit:

122 3400 262 3483 Candide,
285 3401 357 3481 quia
378 3402 436 3464 uisi
458 3404 559 3480 sciret,
582 3403 737 3465 huminem
761 3424 831 3466 esse
853 3402 997 3484 pavidum
1014 3409 1047 3463 et

194 3674 227 3742 1)
247 3675 280 3730 In
299 3674 342 3731 ed.
353 3675 423 3745 orig.
442 3675 529 3731 verba
543 3672 688 3743 Evangelii
708 3674 841 3732 haetenus
858 3682 965 3734 tantum
983 3678 1045 3735 red·

122 3744 234 3818 duntur,
252 3746 361 3818 reliqua
379 3762 397 3804 a
414 3745 495 3804 nobis
513 3749 632 3818 repetita
650 3751 716 3802 suut
731 3762 766 3804 ex
785 3748 827 3804 ed
847 3750 904 3806 len.
