2348 4162
190 255 254 331 384
391 254 598 312 cordunculas
615 254 753 325 quaedam
770 255 806 310 D.
824 254 861 311 ll.
882 257 913 312 L.

191 433 241 499 ¹tet
261 432 387 508 propter
407 425 533 487 verbum
555 425 629 507 Dei,
662 446 720 488 nec
748 425 901 489 dedomo
933 446 994 489 nec
1027 423 1069 487 de
1089 444 1122 486 re

85 560 89 573 .
197 510 361 572 lcllicitum
383 529 453 571 esse
474 516 601 591 propter
621 510 756 573 verbum.

279 594 414 676 Quarto,
451 594 503 654 ubi
524 594 651 656 verbum
673 594 729 655 Dei
751 594 1024 673 honoraverimus,
1059 597 1122 653 tum

195 680 288 739 etiam
311 688 454 758 parentes
486 696 549 738 non
573 677 796 761 despiciamus,
829 678 884 740 sed
914 678 1122 756 unusquisque

197 763 354 823 vocationi
375 780 450 823 suae
468 760 711 844 (postverbum)
733 767 833 826 vacet.
875 760 947 824 Non
970 765 1053 822 enim
1069 761 1122 822 tol·

197 846 268 906 litur
299 866 354 926 per
389 846 514 906 verbum
548 845 610 905 ulla
632 846 784 907 ordInatio
806 846 881 924 Dei,
914 845 972 907 sed
1004 851 1121 906 tantum

196 931 365 1010 praefertur
397 929 533 994 verbum.
577 928 710 1009 Quinto,
734 929 912 1009 parentibus
934 930 1063 1006 dicitnr,
1093 939 1123 992 ut

197 1022 303 1073 curent
325 1012 448 1091 quidem
471 1012 602 1092 liberos,
625 1012 679 1073 sed
702 1018 801 1074 sciant
823 1031 901 1093 opus
923 1033 994 1074 esse
1020 1014 1121 1075 divina

196 1114 257 1176 ope
290 1096 328 1155 ad
351 1095 520 1157 servandos
554 1104 584 1155 et
612 1095 789 1158 retInendos
812 1104 844 1157 et
865 1095 1061 1179 dirigendos,
1093 1106 1120 1158 et

198 1185 378 1239 assuescant
398 1181 463 1260 pati
486 1178 609 1240 dolores
631 1198 688 1259 pro
712 1179 815 1241 liberis
838 1180 887 1240 vel
909 1182 1053 1259 amissis,
1075 1181 1120 1241 vel

199 1263 275 1322 alias
298 1270 406 1322 contra
428 1269 533 1323 votum
557 1262 720 1342 agentibus
743 1271 799 1323 etc.
843 1262 949 1342 llllubte
974 1268 1037 1341 bod)
1056 1264 1120 1326 aba

198 1346 242 1409 tio
263 1346 339 1424 ittet
363 1347 486 1425 &obses
509 1349 654 1425 entbebtcn
686 1350 743 1410 unt
766 1349 892 1411 uetlossn
913 1348 969 1426 leta
990 1350 1086 1427 [afleti.

239 1512 441 1572 [lominica
464 1511 804 1592 QuInquagesIma.
846 1511 949 1573 Lucas
970 1510 1083 1575 XVIII.

282 1679 456 1758 desumpsit
488 1685 590 1739 autem
611 1679 697 1739 Iesus
719 1677 880 1739 duodecim
919 1683 952 1737 et
984 1678 1030 1737 ait
1049 1676 1121 1737 illis:

200 1760 283 1822 Ecce
304 1762 498 1821 ascendimus
520 1762 753 1841 lerosolymam,
776 1770 807 1822 et
830 1760 1121 1821 consummabuntur

201 1846 314 1924 omnia,
339 1863 418 1924 quac
439 1847 553 1925 scripta
574 1854 645 1905 sunt
659 1844 895 1926 perprophetas
918 1843 957 1903 de
979 1843 1059 1903 Filio
1072 1844 1121 1903 ho

201 1930 301 2008 minis,
325 1927 459 1989 tradetur
481 1930 561 1988 enim
584 1929 726 2009 gentibus
749 1936 779 1988 et
800 1926 953 2005 illudetur,
976 1925 1120 2007 etflagel·

200 2012 311 2071 labitur
339 2017 370 2072 et
390 2020 586 2092 conspuetur.
628 2011 669 2071 Et
700 2016 865 2092 postquam
890 2009 1121 2091 flagellaverint,

202 2094 344 2154 occident
364 2113 450 2173 eum,
484 2101 515 2155 et
537 2095 587 2155 die
616 2095 706 2155 tertia
725 2100 883 2174 resurget,
916 2094 1031 2174 stipsi
1053 2090 1121 2152 nihil

201 2179 310 2237 horum
333 2178 558 2241 intellexerunt.
602 2179 675 2238 Erat
697 2186 799 2239 autem
821 2177 947 2238 verbum
972 2174 1055 2238 istud
1076 2173 1121 2235 ab·

202 2261 374 2322 sconditum
397 2262 435 2322 ab
458 2264 521 2340 eis,
553 2269 584 2321 et
604 2280 667 2322 non
690 2261 917 2342 intelligebant,
942 2279 1025 2340 quae
1048 2260 1121 2321 dioe-

106 2364 110 2369 ·
202 2348 320 2409 bantur.

285 2430 410 2489 Factum
435 2434 615 2506 astantem,
639 2447 708 2487 cum
723 2430 986 2509 appropinquaret
997 2429 1121 2505 Iericho,

204 2531 313 2574 caecus
337 2512 460 2592 quidam
482 2511 611 2571 sedebat
638 2530 727 2572 secus
750 2515 830 2571 viam
854 2514 1045 2576 mendicans.
1087 2510 1123 2571 dt

203 2617 270 2657 cum
306 2596 424 2656 audiret
460 2595 577 2655 turbam
610 2601 870 2675 praetereuntem,
904 2594 1121 2677 interrogabat,

203 2680 275 2760 quid
299 2680 359 2739 hoc
380 2687 470 2745 esset.
514 2679 665 2738 Dixerunt
687 2688 787 2738 cutem
802 2679 840 2757 ei,
864 2680 947 2759 qnod
969 2677 1058 2742 Iesus
1069 2677 1123 2738 Na·

203 2782 331 2824 narenns
354 2764 504 2839 transiret,
527 2770 557 2821 et
579 2761 723 2821 clamavit
746 2762 865 2822 dIcens:
898 2763 978 2844 lesu,
1002 2762 1046 2823 flli
1067 2761 1122 2822 Da-

204 2846 264 2923 vid,
288 2846 431 2905 miserere
454 2846 524 2906 mei.
568 2845 608 2905 Et
639 2847 690 2924 qui
712 2846 887 2926 praerant,
922 2844 1123 2927 increpabant

204 2948 285 3007 eum,
308 2936 340 2987 ut
357 2935 480 2988 taceret.
524 2927 593 3008 lpse
614 2947 688 2989 vero
712 2929 807 2990 multo
837 2929 935 3009 magis
958 2927 1123 2990 clamabat:

204 3013 260 3072 Fili
283 3012 390 3083 David,
414 3014 557 3071 miserere
580 3014 649 3073 mei.
693 3011 783 3074 Stans
806 3022 907 3072 autem
931 3010 1022 3074 Iesus
1042 3007 1125 3072 iussit

204 3095 290 3155 illum
313 3094 422 3155 adduci
445 3094 483 3154 ad
506 3115 540 3154 se
568 3106 608 3176 et,
632 3113 700 3154 cnm
723 3097 1018 3176 appropinquasset,
1040 3098 1124 3156 inter-

204 3181 325 3258 rogavit
345 3180 439 3255 illum,
462 3178 584 3238 dicens:
626 3177 706 3253 Quid
730 3180 782 3239 tibi
809 3183 855 3239 vis
878 3180 1065 3241 etfaciam?
1088 3180 1125 3237 At

204 3262 257 3323 illa
280 3263 370 3322 dlxit:
394 3262 544 3341 Domine,
579 3268 611 3322 ut
637 3262 769 3326 videam.
811 3263 853 3323 Et
875 3263 962 3324 Iesus
985 3263 1064 3324 dixit
1085 3263 1123 3321 ei:

205 3347 351 3426 Respice,
389 3345 465 3405 fides
500 3354 552 3406 tua
588 3353 617 3405 te
639 3345 757 3406 salvum
779 3347 860 3410 lecit.
904 3347 945 3406 Et
966 3346 1123 3408 conlesdm

206 3430 290 3509 vidit,
313 3438 344 3489 et
364 3428 549 3507 sequebatur
571 3429 654 3488 illum
677 3429 854 3510 glorificans
877 3430 988 3509 Deum,
1012 3437 1043 3491 et
1066 3447 1125 3489 om·

109 3518 112 3523 ’
206 3515 253 3573 nis
276 3514 373 3593 plebs,
397 3521 428 3571 ut
450 3509 535 3591 vidit,
558 3510 642 3572 dedit
663 3513 783 3574 laudem
807 3514 885 3578 Deo.

289 3598 343 3657 Fid
365 3596 480 3676 David,
504 3598 647 3657 mIserere
669 3600 746 3678 mei,
772 3599 831 3658 ista
853 3599 1041 3661 sunt'verba
1074 3613 1124 3656 sen

207 3683 306 3743 oratio
328 3679 400 3742 fidei
420 3680 506 3740 tortis
528 3686 560 3740 et
581 3684 750 3741 constantis
779 3689 887 3742 contra
907 3685 1013 3743 omnia
1034 3684 1124 3761 lmpa·

132 3858 136 3863 ,
206 3787 344 3851 dImenta
363 3787 500 3849 rationis.
543 3782 620 3846 Ideo
655 3784 757 3863 placet
779 3781 900 3842 Christo
923 3787 986 3841 tam
1010 3782 1122 3840 sincera
