2348 4162
198 266 263 337 364
445 266 488 325 ne
505 281 589 323 servo
606 246 775 322 nnrmo'o.
793 264 830 321 rr.
849 264 880 321 n.

200 458 284 516 mus,
312 455 406 517 quere
428 439 487 499 sint
508 439 597 499 iusta.
640 436 719 512 Quid
738 442 783 496 est
806 435 901 497 homo
925 438 1119 515 comparatus

199 522 288 585 Deo?
330 520 484 596 Quantum
518 526 582 597 est,
611 519 694 600 quod
722 520 861 600 potentia
890 525 1001 578 nostra
1021 523 1119 597 potest

199 606 279 668 illius
303 606 457 684 potentiae
480 603 680 684 comparata?
737 601 817 677 Quid
839 607 888 662 est
913 609 1022 662 nostra
1043 600 1118 661 forti·

199 689 274 751 tudo
296 687 375 747 illius
412 687 523 747 viribus
552 685 689 748 collata?
742 684 822 760 Quid
857 692 964 745 nostra
997 684 1119 744 scientis

199 772 281 832 illius
303 772 475 848 sapientiae
497 769 698 849 comparata?
747 767 826 843 Quid
856 776 962 828 nostra
985 765 1119 828 substan·

201 856 243 915 tia
266 853 304 913 ad
325 853 406 913 illius
429 851 652 914 substantiam?
689 851 824 926 Summa,
847 851 920 931 qnid
944 851 1119 910 omniane

201 944 264 999 stra
288 936 418 997 suntad
441 936 522 998 illius
546 937 659 998 omnia.
1006 934 1014 941 “

284 1019 315 1080 Si
327 1021 417 1100 igitur
425 1019 563 1099 latemur,
578 1020 668 1079 etiem
678 1026 785 1078 natura
794 1017 1118 1098 magistra,bumansn

201 1104 382 1184 potentiam,
408 1102 626 1182 fortitudinem,
649 1103 841 1181 sapientiam,
861 1102 1035 1182 scientiam,
1058 1100 1119 1162 sub·

201 1187 344 1247 stantiam
361 1193 391 1246 et
403 1187 507 1246 omnia
518 1194 624 1246 nostra
641 1203 765 1265 prorsus
784 1185 858 1245 nibil
876 1204 957 1263 esse,
980 1186 1007 1244 si
1029 1183 1070 1245 cd
1084 1185 1119 1244 di·

201 1270 303 1329 vinam
321 1270 500 1349 potentiam,
517 1268 734 1346 fortitudinem,
747 1269 939 1348 sapientiem,
952 1267 1118 1343 scientiam,

201 1351 402 1412 substantiam
431 1353 648 1427 conterantur,
678 1370 757 1430 quae
786 1356 834 1413 est
855 1359 961 1413 nostra
982 1349 1037 1411 illa
1060 1370 1119 1431 per·

201 1435 348 1513 versitas,
378 1443 410 1496 ut
438 1435 537 1495 solam
560 1436 703 1495 iustitiam
728 1442 758 1494 et
786 1434 930 1495 iudicium
954 1435 1014 1494 Dei
1036 1452 1119 1494 vexa

202 1537 292 1595 mus,
323 1525 353 1577 et
377 1519 490 1579 iudicio
514 1525 620 1578 nostro
643 1525 759 1578 tantum
783 1538 974 1597 arrogemus,
998 1524 1032 1578 ut
1055 1516 1120 1577 diri·

201 1621 274 1661 num
294 1601 438 1662 iudicium
454 1601 730 1680 comprehendere,
751 1601 887 1663 iudicare
909 1609 940 1662 et
964 1602 1120 1661 aestimare
1144 1610 1149 1621 '

202 1683 353 1745 velimus?
396 1684 499 1760 Quare
529 1703 590 1744 nou
613 1685 752 1744 similiter
774 1692 806 1746 et
826 1685 876 1745 hic
898 1684 1049 1745 dicimus:
1077 1681 1119 1745 lo·

203 1767 313 1828 dicium
337 1776 474 1828 nostrum
498 1767 569 1827 nihil
585 1775 640 1845 est,
663 1769 689 1827 si
711 1768 816 1828 divino
833 1767 948 1829 iudicio
968 1784 1120 1848 compare·

202 1851 275 1912 tur?
312 1850 448 1911 Consule
470 1853 568 1930 ipsam
591 1852 752 1926 rationem,
774 1853 799 1912 si
823 1872 884 1914 non
907 1853 1057 1912 convicta
1077 1867 1120 1911 oo·

202 1941 293 2014 getur
324 1954 393 1995 sese
425 1934 547 1995 stultam
572 1943 602 1994 et
631 1937 823 1996 temerariam
846 1934 1010 2008 confiteri,
1044 1929 1119 2012 quod

201 2016 346 2077 iudicium
362 2015 423 2079 Dei
445 2036 506 2078 non
530 2019 601 2077 sinit
623 2036 691 2077 esse
712 2016 1037 2098 incomprehensibile,
1060 2034 1119 2077 cunr

205 2108 309 2160 cetera
322 2099 425 2161 divina
447 2101 550 2160 omnia
562 2100 692 2161 fateatur
705 2121 774 2162 esse
795 2100 1120 2181 incomprehensibilia

205 2182 329 2243 Scilicet
350 2184 382 2242 in
405 2183 545 2243 omnibus
577 2183 644 2244 aliis
668 2184 733 2245 Deo
756 2185 957 2245 concedimus
988 2186 1119 2245 maiestt·

205 2274 265 2327 tem
289 2265 439 2344 divinam,
459 2268 490 2327 in
513 2265 581 2328 solo
608 2265 723 2329 iudicio
746 2287 859 2347 negare
880 2269 981 2347 patiti
1015 2284 1121 2333 somus,

204 2368 263 2413 nec
285 2352 432 2431 tantisper
454 2369 618 2430 possumus
641 2352 783 2423 eredere,
815 2371 883 2410 enm
907 2369 979 2411 esse
1006 2353 1121 2421 iustum,

204 2452 274 2495 oum
298 2434 386 2495 nobis
409 2434 602 2512 promiserit,
634 2433 720 2509 iore,
743 2436 792 2493 ubi
815 2433 946 2514 gloriam
971 2453 1059 2494 suam
1081 2450 1120 2493 rc·

206 2517 327 2593 velarit,
350 2525 383 2577 ut
404 2536 512 2576 omnes
535 2524 597 2576 tum
621 2516 777 2577 videamus
805 2526 836 2576 et
857 2517 1038 2598 palpemus,
1061 2532 1120 2578 enm

204 2601 298 2663 fuisse
321 2610 352 2660 et
373 2619 442 2660 esse
464 2602 585 2663 iustum.

288 2683 378 2744 Dabo
404 2683 576 2763 exemplum
601 2682 640 2743 ad
658 2682 1006 2757 confirmandamlhcnc
1039 2683 1120 2743 ildsro

205 2774 238 2829 et
258 2767 296 2827 ad
309 2766 532 2827 consolandum
549 2766 671 2827 oculum
689 2767 774 2828 illum
798 2786 940 2846 nequam,
964 2767 1017 2846 qui
1031 2767 1121 2827 Deum

206 2859 383 2927 suspectum
406 2849 498 2909 habet
522 2849 559 2908 de
581 2847 750 2928 iniquitate.
795 2849 877 2909 Eece
900 2850 946 2909 sic
969 2847 1055 2910 Deus
1077 2845 1121 2908 ad·

207 2932 357 2992 ministrat
391 2932 533 2992 mundum
564 2933 655 2992 istum
687 2933 878 3013 corporalem
910 2933 941 2992 in
966 2931 1060 2994 rebus
1080 2950 1122 2992 ex·

207 3016 310 3090 ternis,
332 3022 373 3093 ut,
396 3016 419 3074 si
443 3016 569 3075 rationis
591 3015 743 3077 humanas
768 3016 912 3076 iudicium
942 3024 1069 3094 spectes
1098 3020 1123 3073 et

208 3099 356 3176 sequaris,
378 3100 500 3178 cogaris
522 3097 634 3177 dicere,
657 3109 708 3158 aut
723 3099 838 3159 nullum
862 3117 931 3159 esse
946 3097 1059 3177 Deum,
1080 3102 1122 3159 sut

207 3180 341 3258 iniquum
374 3200 442 3241 esse
471 3182 584 3259 Deum,
615 3191 646 3241 ut
678 3183 728 3242 illc
757 3184 814 3242 ait:
848 3181 1006 3243 Sollicitor
1030 3180 1122 3243 nullos

208 3282 302 3343 saepe
335 3276 442 3344 putere
472 3265 564 3326 Deos.
608 3264 687 3325 Vide
716 3267 823 3344 enim,
858 3276 888 3324 ot
923 3267 1123 3344 prosperrime

210 3346 343 3408 habeant
367 3348 437 3407 mali
451 3394 459 3426 ,
483 3356 591 3407 contra
612 3348 819 3409 infelicissime
842 3349 923 3421 boni,
947 3347 1122 3409 testoni-ibor

207 3431 376 3510 proverbiis
398 3437 429 3491 et
450 3431 639 3511 experientia
653 3432 882 3511 proverbiorum
895 3439 1039 3509 parente:
1062 3430 1121 3505 Quo

208 3513 428 3589 sceleratiores,
451 3514 511 3574 hoc
532 3514 747 3577 fortunatiores
771 3535 848 3578 esse.
886 3514 1121 3595 Abundant(in·

208 3596 273 3674 quit
294 3595 438 3679 Hiob*))
474 3596 672 3661 tabernacula
704 3601 884 3681 impiorum,
917 3604 948 3657 et
986 3597 1066 3661 Pscl.
1088 3596 1121 3661 73

209 3717 628 3731 *ιι-ι*-

279 3767 307 3837 *)
326 3767 407 3825 Hiob.
427 3772 469 3827 19.
