2348 4162
274 256 312 312 ad
329 258 363 312 D.
380 258 524 312 Erasmum
542 256 768 313 Rotsrodamum.
925 256 986 321 221

58 424 158 486 verba
180 427 394 505 promissionis
406 429 506 507 ipsum
529 427 650 507 panitas
664 426 833 505 confutare,
855 426 915 486 hoc
933 434 989 505 est,

58 508 239 577 universam
262 509 449 590 Scripturam
473 517 579 572 contra
602 507 677 571 illud
695 528 842 590 pugnare.
886 508 988 583 Quare

56 591 114 651 illo
140 590 244 669 verbo,
268 593 349 653 Nolo
375 601 502 654 mortem
523 593 712 673 peccatoris,
735 591 809 652 nihil
830 591 912 652 aliud
936 593 987 672 agi

59 672 160 751 vides,
184 693 275 752 quam
298 677 469 755 praedicari
483 684 512 736 et
536 675 637 736 offerri
661 675 793 734 divinam
819 675 986 734 misericor·

59 755 144 816 diam
166 758 197 818 in
221 758 346 838 mundo,
368 777 459 838 quam
482 759 580 820 solum
603 756 708 819 afflicti
730 766 761 817 61
773 761 872 818 morte
883 758 987 817 vexati

62 857 134 898 cum
157 840 271 919 gaudio
296 849 327 902 61
348 842 534 922 gratitudine
556 842 797 926 suscipiunt,.ut
817 841 848 900 in
877 840 984 919 quibus

57 924 121 981 iam
145 922 195 982 lex
217 943 304 984 suurn
327 924 470 1002 officium,
493 925 523 984 id
547 932 608 1004 661,
633 925 841 1003 cognitionem
863 925 982 1003 peccati

58 1005 238 1084 complevit.
261 1006 306 1067 Illi
330 1027 414 1085 vero,
437 1009 488 1087 qui
511 1007 587 1088 legis
611 1005 744 1067 officium
759 1005 895 1067 nondum
914 1014 984 1065 suut

58 1089 192 1168 expanti,
215 1107 273 1150 nac
295 1098 467 1170 agnoscunt
480 1097 651 1169 peccatum,
674 1097 872 1150 necmortem
896 1089 985 1150 seuti-

57 1179 125 1250 unt,
147 1176 348 1234 contemnunt
370 1172 609 1233 misericordiam
623 1174 804 1252 promissam
821 1191 859 1232 66
883 1172 986 1234 verbo.

147 1254 300 1336 Ceterum,
323 1275 376 1316 our
398 1255 449 1316 alii
473 1257 540 1336 lage
564 1263 741 1335 tanguntur,
763 1254 815 1315 alii
838 1273 900 1315 non
924 1263 987 1316 tan·

58 1342 185 1415 guntur,
208 1345 241 1397 ut
262 1339 306 1399 illi
330 1340 510 1418 suscipiant,
532 1346 562 1398 61
583 1339 612 1397 hi
635 1345 835 1398 contemnant
855 1339 985 1418 gratiam

57 1417 215 1503 oblatam,
248 1420 310 1482 alia
330 1423 469 1500 quaestio
493 1427 552 1498 661,
587 1440 646 1480 nec
666 1421 727 1480 hoc
747 1421 819 1481 loco
841 1427 986 1481 tractatur

57 1499 99 1561 ab
110 1501 284 1583 1116611116,
307 1507 358 1583 qui
380 1504 419 1564 16
440 1504 618 1584 praedicata
640 1511 670 1564 st
693 1503 797 1564 oblata
819 1505 987 1564 misericor·

57 1582 111 1645 dia
135 1586 191 1647 Dei
213 1586 364 1667 loquitur,
394 1606 458 1647 non
482 1587 521 1647 de
545 1585 667 1646 occulta
688 1587 741 1646 illa
771 1593 802 1647 61
823 1586 987 1646 metuenda

59 1668 301 1751 161111116061,
324 1671 493 1731 ordinantis
517 1687 573 1730 suo
597 1670 736 1746 oonsilio,
760 1687 837 1748 quos
861 1677 892 1729 et
910 1687 982 1748 qua-

57 1749 105 1810 les
127 1751 324 1830 praedicatas
346 1760 377 1813 61
399 1753 523 1814 oblatas
551 1752 779 1812 misericordiae
801 1769 931 1831 capaces
955 1759 985 1812 61

57 1835 225 1914 participes
247 1855 316 1896 6666
337 1836 419 1897 velit.
442 1835 530 1911 Quas
543 1835 685 1897 voluntas
707 1853 770 1895 non
792 1835 985 1915 requirenda,

57 1917 114 1976 661
138 1935 206 1976 cum
229 1921 401 1980 reverentia
414 1919 572 1980 adoranda
595 1924 650 1998 est,
673 1925 706 1978 ut
728 1917 986 1998 secretumlonga

56 1999 350 2063 reverendissimum
387 2003 553 2062 maiestatis
583 2002 706 2062 divinae
730 2001 789 2062 soli
811 2002 868 2062 sihi
890 2020 984 2062 reser-

58 2088 176 2161 vatum,
199 2103 237 2144 ac
258 2085 348 2146 nobis
359 2086 554 2166 prohibitum,
578 2085 673 2144 multo
686 2085 870 2166 religiosius,
893 2103 983 2164 quam

56 2165 198 2227 infinitae
221 2169 420 2228 multitudinis
445 2187 555 2248 specus
579 2168 712 2248 Corycii.

142 2247 274 2325 Quando
297 2270 379 2311 nuno
401 2251 529 2312 diatriba
553 2256 727 2332 angulatur,
751 2250 893 2310 Ploratne
914 2251 983 2330 pius

57 2332 209 2393 Dominus
250 2343 378 2395 mortem
411 2335 516 2414 populi
538 2335 603 2413 sui,
636 2352 727 2414 quam
751 2334 817 2413 ipsa
841 2340 984 2413 operatur

58 2418 88 2476 in
112 2415 195 2475 illis?
217 2415 285 2477 Hoc
307 2418 387 2478 enim
411 2419 500 2477 nimis
522 2416 686 2477 absurdum
709 2416 840 2477 videtur.

141 2498 393 2580 Respondemus,
415 2502 529 2561 utiam
553 2499 702 2560 diximus:
724 2499 822 2558 Aliter
854 2498 893 2558 de
914 2496 983 2560 Deo

57 2581 106 2642 val
130 2582 677 2663 1611111116ῡοί661166116116116,
700 2582 845 2660 16161111,
867 2581 983 2662 oblata,

57 2667 155 2743 culta,
189 2667 329 2727 61111161
352 2666 390 2727 16
412 2668 478 2728 Deo
500 2685 563 2726 non
584 2666 781 2746 praedicato,
814 2683 877 2724 non
900 2683 984 2725 reve-

56 2749 131 2827 lato,
155 2767 220 2808 non
242 2749 358 2830 oblato,
382 2769 443 2810 non
466 2749 548 2810 culto
573 2748 788 2829 disputandum
812 2755 868 2808 est.
904 2746 983 2822 Qua-

57 2838 147 2892 tenus
171 2831 263 2912 igitur
276 2833 358 2893 Deus
381 2852 450 2894 sese
474 2832 636 2894 abscondit
647 2840 678 2894 et
698 2832 832 2913 ignorari
854 2850 873 2891 a
895 2830 984 2893 nobis

56 2914 131 2993 vult,
154 2914 229 2975 nihil
251 2914 290 2975 ad
313 2934 380 2980 nos.
404 2916 472 2976 Huc
494 2918 573 2976 enim
599 2917 764 2977 161611161
784 2913 872 2975 illud:
898 2913 985 2989 Quae

56 3016 151 3080 supra
165 3016 234 3076 nos,
247 2998 322 3058 nihil
332 2997 370 3059 ad
385 3018 452 3060 nos.
475 2999 515 3059 Et
525 3019 564 3059 ns
578 3019 676 3060 meam
690 2998 771 3059 hanc
782 3017 852 3079 6666
864 2997 984 3057 distinc-

57 3082 175 3141 tionem
198 3081 265 3160 quis
287 3083 458 3162 arbitretur,
482 3082 606 3143 Paulum
629 3100 751 3162 sequor,
774 3081 982 3160 quiudThes-

56 3165 269 3225 salonicenses
293 3165 331 3226 da
352 3165 540 3227 Antichristo
564 3165 667 3225 scribit
681 3163 733 3248 ⁸¹),
768 3165 850 3243 quod
873 3166 911 3224 sit
933 3184 983 3225 ex·

56 3248 205 3307 altaturus
227 3266 297 3308 6666
327 3267 419 3328 super
452 3268 574 3309 omnem
597 3249 698 3309 Deum
721 3247 929 3328 praedicatum
953 3254 984 3306 et

56 3330 184 3409 cultum,
206 3330 366 3392 manifesta
388 3332 580 3412 significans,
604 3332 736 3411 aliquem
760 3349 852 3410 possa
875 3329 983 3390 extolli

56 3431 150 3493 supra
171 3412 282 3491 Deum,
305 3422 455 3494 quatenus
477 3422 524 3475 est
546 3415 739 3495 praedicatus
763 3421 794 3473 et
815 3413 930 3493 cultus,
952 3413 983 3472 id

56 3505 120 3576 est,
148 3514 242 3577 supra
270 3497 395 3558 verbum
418 3507 449 3558 61
470 3499 601 3578 cultum,
631 3517 692 3578 quo
715 3498 799 3557 Deus
821 3496 911 3558 nobis
933 3513 983 3557 co·

56 3580 160 3659 gnitus
182 3586 243 3657 est,
276 3587 307 3640 et
336 3580 495 3642 nobiscum
531 3582 624 3643 habet
651 3582 879 3644 commercium.
922 3579 983 3643 ssu
1055 3582 1059 3588 '

129 3766 161 3834 *J
182 3766 210 3821 2·
230 3765 326 3823 'lhsss
346 3770 371 3825 2.
