2348 4162
120 252 184 318 326
367 251 410 307 De
428 267 509 307 servo
530 250 644 308 arbitrio
662 251 696 306 D.
715 251 750 306 Μ.
768 251 799 309 L.

122 426 164 486 tia
185 427 324 484 monstra
344 427 511 504 patrarent,
536 441 614 502 quae
636 428 868 486 commemorat.
905 422 938 485 si
956 422 1047 505 igitur

1 528 3 534 ·
122 508 270 588 optimum
306 505 437 567 studium
461 511 492 566 et
513 524 591 587 opus
612 505 645 566 in
667 506 791 585 optimis
825 507 964 586 gentium
986 526 1045 568 rna·

121 593 183 652 lum
206 596 237 650 et
257 590 384 669 impium
406 595 463 669 est,
486 588 557 670 quid
581 589 619 649 de
639 589 757 668 reliquo
773 589 867 670 vulgo
890 591 975 651 velut
996 610 1046 670 pe·
1075 646 1078 651 .

121 673 235 736 ioribus
263 673 404 754 gentibus
433 672 570 733 sentias?
622 672 730 752 Neque
762 674 843 733 enim
872 678 903 734 et
932 673 985 734 hic
1007 673 1061 751 dt,

122 758 252 818 serimen
274 758 354 818 inter
375 757 510 836 optimos
534 756 618 835 iacit,
642 755 713 816 dum
736 756 821 817 nullo
844 775 1045 837 personarum

122 846 264 921 respectu
291 839 423 901 studium
458 840 627 920 sapientiae
649 858 755 919 eorum
790 838 936 917 damnat,
965 841 1045 903 dam-

122 930 195 985 nato
219 929 320 984 autem
343 925 412 1004 ipso
435 942 529 1003 opere
559 923 608 983 vel
641 922 742 984 studio
770 922 955 984 damnantur
984 926 1045 1005 qui-

124 1026 244 1086 cunque
265 1006 309 1066 illi
331 1006 510 1082 studuerint,
532 1007 652 1067 etiamsi
670 1006 798 1067 fecerint
821 1025 942 1069 summa
964 1009 993 1068 vi
1016 1009 1046 1069 li·

123 1091 187 1152 beri
209 1089 332 1150 arbitrii.
367 1090 448 1169 Ipse,
471 1090 606 1169 inquam,
630 1091 764 1168 optimus
786 1096 917 1152 conatus
940 1108 1044 1152 eorum

122 1175 250 1234 vitiosus
274 1173 428 1252 asseritur,
451 1180 565 1252 quanto
588 1173 686 1253 magis
703 1174 734 1253 ii,
758 1174 810 1252 qui
830 1174 884 1234 illo
899 1193 1046 1237 exercen-

122 1256 190 1317 tur?

205 1338 256 1400 Sic
278 1344 309 1400 et
331 1337 450 1414 mox*)
475 1336 609 1401 Iudaeos
631 1339 698 1399 sine
720 1338 783 1400 ullo
807 1339 984 1402 discrimine
1004 1360 1045 1402 re·

125 1423 197 1501 iicit‚
220 1423 271 1501 qui
293 1421 390 1499 litera,
414 1428 444 1485 et
466 1442 528 1485 non
552 1423 659 1502 spiritu
689 1421 794 1483 Iudaei
816 1429 897 1487 sunt.
920 1423 967 1485 Tu
991 1422 1045 1506 (in-

123 1504 205 1588 quit)
230 1525 284 1586 per
307 1506 424 1566 literam
448 1513 477 1565 et
501 1505 767 1566 circumcisionem
789 1507 888 1567 Deum
919 1507 1045 1569 inhono-

123 1608 192 1667 ras3
212 1589 301 1649 item:
331 1588 402 1650 Non
425 1589 506 1649 enim
528 1590 554 1650 is
576 1586 710 1651 Iudaeus
732 1595 799 1667 est,
827 1591 878 1669 qui
900 1591 932 1652 in
955 1591 1044 1652 mani·

52 1666 63 1681 ⁰
122 1673 201 1734 festo
224 1671 354 1733 Iudaeus
378 1678 433 1748 est,
454 1671 508 1732 sed
532 1673 582 1752 qui
606 1670 928 1747 occult01)1udaeus
952 1680 1007 1739 eet.

206 1754 285 1830 Quid
308 1755 366 1815 hae
388 1756 552 1836 partitione
574 1755 789 1817 manifestius?
829 1754 964 1818 Iudaeus
987 1778 1043 1819 ma-

123 1838 248 1899 nifestus
281 1843 329 1899 est
349 1844 559 1920 transgressor
587 1838 675 1920 legis.
731 1838 773 1899 At
802 1846 934 1919 quantoe
957 1849 1043 1923 putee

40 1972 43 1977 .
122 1923 216 1983 inisse
236 1920 368 1983 Iudaeos
390 1923 466 1982 citra
486 1920 578 1982 fidem
601 1923 683 1983 viros
705 1920 977 2004 sapientissimos,
1004 1934 1045 1986 re

123 2005 348 2085 ligiosissimos‚
370 2003 625 2086 honestissimos,
653 2007 704 2085 qui
727 2024 848 2067 summo
871 2014 987 2070 conatu
1010 2006 1044 2070 ed

122 2088 267 2149 iustitiam
291 2093 321 2148 et
343 2089 644 2150 veritatemconnisi
669 2088 762 2149 sunt?
816 2089 903 2152 Sicut
924 2091 986 2152 illis
1007 2098 1044 2153 te·

123 2172 297 2230 stimonium
314 2190 408 2250 saepe
420 2171 568 2251 perhibet,
591 2170 673 2251 quod
696 2171 793 2232 zelum
814 2173 871 2234 Dei
887 2173 1043 2256 habent²),

122 2253 204 2334 quod
227 2255 372 2314 iustitiam
396 2254 474 2333 legis
496 2263 672 2334 sectentur,
707 2254 789 2334 quod
817 2255 869 2317 diu
892 2263 1044 2339 noctuque

121 2337 266 2398 studeant
288 2337 326 2398 ad
350 2337 480 2398 salutem
509 2339 642 2414 venire,
665 2338 748 2417 quod
771 2339 837 2400 sine
859 2342 986 2420 querela
1006 2342 1044 2401 vi-

121 2428 210 2500 vant3
231 2427 262 2480 et
284 2428 386 2482 tamen
410 2428 652 2501 transgressores
676 2430 747 2481 eunt
768 2421 860 2503 legis,
891 2425 1044 2504 quianon

119 2510 189 2564 sunt
211 2505 241 2563 in
265 2505 370 2583 spiritu
393 2502 557 2582 ludaei⁸);
588 2505 651 2564 imo
685 2505 882 2585 pertinaciter
903 2509 1046 2569 resistunt

120 2588 254 2647 iustitiae
276 2586 365 2646 fidei:
389 2586 459 2666 quid
483 2587 574 2666 igitur
594 2587 743 2666 reliquum
769 2593 831 2669 eet,
860 2607 955 2669 quem
977 2590 1045 2653 libe·

121 2691 187 2730 rum
210 2668 386 2747 arbit-rium,
411 2669 482 2730 dum
507 2671 658 2751 optimum
684 2678 751 2753 eet,
778 2671 947 2752 pessimum
971 2692 1044 2750 esse,

120 2760 232 2832 etque
255 2754 352 2834 magis
375 2761 527 2831 conetur,
559 2755 621 2815 hoc
652 2755 740 2834 peius
761 2753 826 2815 fieri
859 2761 890 2816 et
911 2756 1045 2819 habere?

121 2836 212 2897 Olera
234 2843 305 2907 sunt
327 2835 438 2916 verba,
462 2843 546 2897 certa
569 2843 615 2897 est
637 2837 776 2918 partitio,
805 2855 867 2899 non
897 2838 1044 2921 estquod

121 2918 310 2980 contradici
335 2925 438 2997 quent.

204 3000 265 3062 Sed
297 3002 465 3081 ipsummet
494 3001 620 3063 Paulum
657 3004 703 3063 sui
723 3003 923 3085 interpretem
947 3005 1044 3067 audie

121 3103 205 3165 mus,
230 3084 304 3164 Gap.
329 3087 357 3149 3.
382 3084 466 3145 velut
499 3086 655 3168 epilogum
687 3086 803 3148 iaciens
849 3086 938 3150 dicit:
971 3086 1044 3165 Quid

122 3167 218 3247 ergo?
241 3167 455 3248 praecellimus
474 3168 547 3228 eos?
580 3168 793 3249 Nequaquam.
826 3170 953 3234 Onusati
969 3173 1043 3234 enim

121 3270 235 3324 sumus,
256 3251 387 3312 Iudaeos
411 3259 441 3313 et
457 3251 594 3313 Graecos
614 3272 722 3314 omnes
745 3252 801 3314 eub
825 3262 958 3334 peccato
972 3274 1043 3318 esse.

204 3333 262 3395 Ubi
286 3353 367 3395 nuno
390 3334 518 3396 liberum
543 3336 720 3397 arbitrium?
771 3337 887 3400 Omnes
913 3336 1042 3422 (inquit)

189 3632 219 3701 *t
239 3634 319 3689 Rom.
338 3634 363 3689 2.
409 3636 441 3700 1)
463 3636 495 3689 In
514 3633 558 3690 ed.
577 3632 650 3691 Ion:
669 3634 697 3689 in
716 3592 842 3691 occulto..
879 3638 910 3705 2)
929 3635 1043 3692 Ibidem

116 3701 247 3758 habeant.
289 3707 317 3773 3)
337 3706 369 3758 In
380 3705 423 3760 ed.
445 3705 625 3762 metuerunt
643 3706 742 3762 verba:
761 3707 881 3766 ludaei
901 3738 936 3751 —
954 3705 1042 3773 fidoi,

6 3774 236 3916 'repetita
254 3784 319 3832 nunt
338 3793 372 3833 ex
390 3776 431 3833 ed.
451 3779 520 3836 1525
540 3784 569 3834 et
589 3777 632 3833 ed.
652 3778 768 3835 ienensi.
