2348 4162
183 244 248 311 248
426 242 471 300 Da
491 256 573 298 servo
591 239 707 296 arbitrio
725 239 760 296 D.
778 239 815 296 ll.
836 240 868 296 L.
986 234 991 243 '

185 415 244 477 Dei
265 415 351 484 iram,
374 417 405 474 et
427 431 466 473 ex
489 410 801 491 immisericordiam,
822 412 945 493 penitus
966 428 1116 492 perverso

139 494 144 502 ’
185 497 334 576 loquendi
358 516 425 571 usu,
448 495 518 555 dum
542 495 603 555 hoc
623 501 736 556 vocant
756 496 843 572 iram,
866 513 935 556 oum
958 494 1043 557 Dens
1066 494 1117 556 be·-

185 581 310 659 nefaoit,
334 587 363 641 et
378 577 627 657 misericordiam,
651 578 721 639 dum
739 577 856 658 affligit.
899 577 991 654 Quod
1013 579 1116 639 situm

185 664 332 725 dicendus
356 670 403 724 est
426 663 508 722 Deus
530 661 688 738 indurare,
721 681 788 723 cum
812 661 966 723 benefacit
985 667 1016 722 et
1038 662 1117 722 tola-

185 755 241 828 rat,
264 747 401 808 misereri
423 764 508 822 vem,
532 764 600 805 cum
618 745 725 825 affligit
748 751 779 805 et
789 746 930 824 castigat,
951 763 1006 806 cnr
1015 745 1118 825 magis

184 831 376 893 Pharaonem
401 827 510 889 dicitur
530 827 700 909 indurasse,
723 847 814 908 qnam
836 828 917 889 lilios
934 828 1040 906 lsrael,
1064 834 1119 890 ant

186 916 278 974 etiam
300 920 398 975 totum
432 910 602 972 mnndum?
645 912 693 972 An
725 931 788 972 non
811 912 963 972 benefecit
982 911 1054 972 liliis
1076 912 1119 972 ls-

185 996 271 1059 rael?
293 1015 354 1057 non
378 995 531 1056 benefacit
553 996 609 1055 toti
632 994 771 1056 mundo?
793 1014 854 1055 non
872 994 982 1056 tolerat
994 994 1120 1057 malos?

186 1100 248 1142 non
272 1080 347 1161 pluit
369 1097 462 1159 snper
499 1077 599 1139 bonos
623 1084 654 1139 et
675 1077 796 1139 malos?
840 1078 901 1139 Gur
921 1079 1020 1158 magis
1044 1076 1119 1139 dioi-

187 1173 236 1224 tur
280 1163 420 1222 misertus
471 1160 541 1221 liliis
585 1160 681 1223 lsrael
725 1180 817 1241 quam
846 1160 1021 1223 Pharaoni?
1076 1181 1121 1223 an

186 1265 248 1308 non
307 1244 416 1305 afflixit
452 1245 533 1305 filios
554 1242 650 1305 Israel
683 1245 713 1305 in
738 1245 882 1325 Aegypto
918 1251 949 1306 et
969 1243 1120 1306 deserto?

186 1329 273 1407 Esto,
297 1327 379 1408 quod
402 1328 453 1388 alii
476 1327 649 1407 abutantur,
672 1328 723 1389 alii
744 1337 828 1389 recte
849 1328 1049 1389 utanturDei'
1063 1328 1121 1390 bo·

187 1412 283 1473 nitate
305 1417 336 1470 et
352 1412 406 1475 ira.
448 1411 493 1470 Tn
517 1417 619 1472 tamen
642 1411 704 1472 hoc
726 1410 846 1472 defluis:
880 1410 1025 1472 indurare
1047 1429 1123 1472 esse

188 1494 230 1573 id,
253 1494 335 1574 quod
354 1493 514 1573 indulgere
536 1494 624 1554 malis
647 1494 771 1555 lenitate
793 1501 824 1554 et
844 1494 997 1572 bonitate,
1027 1495 1122 1554 misc-

186 1579 246 1639 reri
267 1596 341 1639 vero
370 1597 439 1638 esse
461 1596 523 1637 non
545 1576 722 1657 indulgere,
751 1576 804 1637 sed
826 1579 1003 1638 visitasset
1025 1578 1123 1638 corri-

188 1680 272 1743 pere.
314 1660 409 1740 igitur
430 1667 577 1739 quantum
600 1659 639 1721 ad
651 1661 749 1721 Deum
773 1661 891 1738 attinet,
913 1661 982 1741 ipso
1004 1679 1121 1742 perpe·

187 1750 241 1806 tna
262 1744 399 1804 bonitate
428 1743 501 1803 nihil
525 1742 607 1804 alind
630 1743 717 1823 lacit,
750 1762 841 1887 qnam
875 1743 957 1824 quod
982 1743 1121 1824 indurat,

186 1832 334 1909 perpetua
369 1827 563 1907 correptione
591 1827 665 1887 nihil
687 1827 747 1887 aliu
791 1826 883 1907 facit,
918 1844 1010 1906 qnam
1034 1827 1120 1907 qnod

185 1912 354 1973 miseretur.

269 1994 382 2053 Verum
406 1992 466 2053 hoc
488 1991 583 2072 longe
600 1992 851 2072 pulcherrimum:
874 1990 1022 2053 Indurare
1044 1990 1119 2053 dici-

65 2132 68 2137 .
185 2076 353 2156 turbans,
383 2094 450 2135 oum
474 2077 689 2156 peccatoribus
710 2075 849 2156 indulget
870 2075 1005 2151 lenitate,
1029 2076 1119 2137 mise

185 2160 244 2219 reri
268 2176 352 2240 vero,
375 2177 443 2218 cnm
467 2160 571 2218 visitat
595 2165 624 2218 et
648 2158 757 2239 affligit
777 2159 816 2220 ad
839 2159 1061 2239 poenitentiam
1071 2160 1116 2219 in·

185 2243 285 2302 vitans
307 2243 480 2302 severitate.
525 2241 621 2316 Quid,
643 2261 738 2322 rogo,
762 2243 863 2303 omisit
884 2242 968 2302 Dens
988 2242 1021 2302 in
1043 2240 1117 2303 affli·

186 2324 300 2405 gendo,
323 2324 521 2405 castigando,
544 2324 686 2384 vocando
704 2326 866 2386 Pharaone
893 2324 932 2385 ad
955 2325 1116 2405 poeniten·

188 2407 283 2469 tiam?
324 2407 394 2468 Non
417 2415 614 2468 numerantur
635 2408 699 2468 illio
721 2409 829 2469 decem
852 2406 986 2488 plagae?
1015 2407 1048 2470 si
1065 2414 1117 2487 tua

187 2490 323 2551 delinitio
346 2495 421 2568 stat,
455 2490 537 2569 quod
563 2492 699 2563 misereri
729 2493 767 2554 sit
793 2498 991 2572 peccatorem
1014 2492 1115 2553 statim

187 2576 339 2654 castigare
362 2578 392 2632 et
425 2593 553 2652 vocare,
588 2574 738 2636 Pharaoni
779 2583 862 2635 certe
888 2575 1032 2636 misertus
1062 2575 1117 2636 luit

186 2658 280 2718 Deus.
325 2657 386 2718 Onr
418 2676 492 2736 ergo
516 2657 599 2717 Deus
631 2677 694 2719 non
728 2658 817 2736 dicit,
851 2657 919 2738 Ego
948 2657 1117 2719 miserebor

186 2740 370 2818 Pharaonis,
394 2739 448 2800 sed
472 2739 561 2818 dicit,
586 2740 653 2821 Ego
676 2741 826 2802 indurabo
849 2760 902 2802 cor
924 2740 1115 2804 Pharaonis?

185 2822 219 2883 ln
243 2842 280 2884 eo
304 2825 371 2901 ipso
394 2824 485 2902 enim,
509 2824 591 2902 quod
615 2825 775 2885 miseretur
798 2825 872 2902 eius,
895 2823 925 2884 id
949 2829 1007 2911 est?
1030 2830 1064 2886 nt
1084 2830 1115 2886 tn

187 2904 273 2985 diois,
297 2904 404 2986 affligit
427 2914 457 2966 et
470 2908 611 2986 castigat,
636 2906 716 2989 dicit,
739 2906 894 2969 indurabo
907 2927 987 2984 eum,
1009 2907 1043 2969 id
1059 2914 1114 2987 est,

186 2994 220 3048 ut
241 2986 369 3068 tudicis,
392 2988 582 3051 benefaciam
606 2997 637 3050 et
648 2992 787 3053 tolerabo
802 3011 881 3051 enm.
925 2989 1008 3067 Quid
1027 3010 1114 3052 mon·

186 3071 314 3131 strosius
347 3071 443 3132 audiri
475 3073 597 3151 possit?
639 3074 698 3136 Ubi
728 3093 810 3135 nnnc
844 3080 914 3134 sunl
946 3075 1027 3154 tropi
1048 3073 1115 3137 tui?

186 3154 239 3215 uhi
267 3153 439 3234 Origenes?
469 3154 519 3216 nbi
555 3156 785 3237 Hieronymus?
822 3156 873 3218 ubi
907 3156 1115 3237 probatissimi

188 3237 354 3316 Doctores,
384 3238 492 3316 quibus
514 3259 592 3299 nnus
614 3241 707 3301 homo
730 3240 879 3301 Lutherus
903 3246 1021 3302 temero
1043 3259 1114 3303 con-

186 3320 327 3381 tradicit?
369 3319 430 3382 Sed
469 3323 514 3382 sic
540 3323 624 3402 loqui
658 3326 741 3405 cogit
771 3323 976 3404 imprudentia
1003 3325 1112 3399 carnis,

187 3402 257 3464 dnm
281 3406 311 3464 in
333 3403 434 3464 verbis
456 3405 512 3465 Dei
534 3405 620 3487 ludit,
643 3427 701 3468 nec
724 3407 818 3468 credit
840 3426 909 3469 esse
931 3407 1021 3471 seria.

270 3487 391 3548 Evincit
412 3488 503 3567 igitur
534 3497 635 3550 textus
669 3493 735 3571 ipse
757 3490 835 3551 Mosi
858 3490 1113 3572 irrefragabiliter,

187 3587 283 3649 ropos
304 3571 375 3632 illos
398 3589 467 3633 esse
489 3570 580 3633 fictos
610 3580 640 3633 et
665 3574 752 3635 nihili
773 3573 835 3635 hoo
856 3573 938 3654 loco,
962 3574 1115 3656 longeque

188 3651 270 3712 aliud
294 3659 324 3713 et
346 3655 442 3714 maius
466 3654 610 3733 quiddam
635 3658 714 3718 ultra
736 3656 969 3718 beneficentiam
1013 3664 1044 3717 et
1074 3655 1111 3717 al·

187 3733 354 3797 dictionem
386 3743 417 3798 et
444 3739 676 3818 castigationem
707 3739 872 3821 significari
909 3739 971 3803 illis
999 3739 1109 3803 verbis:
