2348 4162
124 214 187 285 206
366 218 411 275 De
427 215 643 273 servo-arbitrio
662 216 697 273 D.
715 216 750 273 ll.
768 216 799 273 L.

125 392 179 450 aut
199 386 239 447 de
261 404 322 466 quo
346 386 502 466 loquatnr3
523 385 581 446 nisi
603 383 686 466 quod
708 382 921 482 dignissimum
935 390 993 465 est,
1014 384 1047 446 li·

125 471 230 533 berum
263 470 421 530 arbitrium
464 468 573 530 talibus
608 472 812 549 argumentis,
845 487 915 530 sese
936 476 1044 531 mutuo

126 554 343 616 devorantibus
368 563 398 614 ιι
419 551 665 630 conficientibus,
687 552 832 627 delendi,
867 570 930 632 quo
954 543 1047 614 ruodo

124 637 310 699 Madianitae
319 634 356 715 *l
380 638 491 697 mutuis
503 636 649 698 caedibus
663 655 732 697 sese
745 634 953 718 perdiderunt,
975 635 1047 698 dnm

125 720 306 782 Gedeonem
330 739 399 780 cum
421 721 539 801 populo
563 721 620 780 Dei
642 722 910 802 impugnaverunt.

208 802 288 879 Quin
312 803 401 865 latius
425 803 630 885 expostulabo
654 823 721 863 curn
744 804 895 883 sapientia
914 803 976 864 isla
1006 801 1048 863 di·

125 888 255 967 atribes,
278 886 514 947 Ecclesiasticus
550 906 614 947 uon
636 885 725 947 dicit:
763 885 796 949 Si
818 887 964 947 habueris
986 893 1048 947 stu·

125 970 207 1032 dium
231 971 278 1030 vel
302 984 443 1031 conatum
466 971 619 1050 servandi,
642 972 692 1049 qui
714 988 777 1030 non
799 971 987 1031 asscribatur
1006 970 1048 1031 vi·

124 1056 208 1115 ribus
232 1054 308 1129 tuis,
332 1062 364 1113 ut
386 1064 418 1113 tu
440 1054 577 1134 colligis,
600 1054 655 1113 sed
677 1054 722 1115 ιιι
744 1054 832 1113 dicit:
854 1054 889 1116 si
911 1054 1047 1114 volucris

125 1155 249 1197 servare
271 1137 424 1216 mandata,
447 1139 614 1197 servabunt
636 1145 677 1199 te.
721 1136 752 1197 Si
774 1154 855 1198 nuuc
877 1154 965 1197 more
978 1149 1049 1197 inae

125 1220 295 1300 sapientiae
317 1221 459 1299 sequelae
481 1220 593 1280 ducere
615 1220 772 1300 volumus,
802 1223 848 1280 sic
868 1220 1048 1280 inferemus:

70 1352 73 1359 .
125 1302 209 1384 Ergo
239 1304 332 1363 homo
365 1310 468 1384 potest
497 1322 619 1364 servare
653 1304 806 1365 mandata.
850 1306 897 1364 Ac
917 1305 964 1363 ιιι
985 1321 1070 1375 ιιι,

126 1386 313 1447 modiculum
337 1388 469 1449 studium
492 1388 541 1447 vel
564 1388 742 1448 conatulum
766 1388 900 1467 aliquem
916 1387 966 1446 bic
980 1386 1048 1447 reli·

126 1487 218 1550 quum
241 1470 387 1530 faciemus
409 1472 440 1530 in
462 1470 604 1546 bomine,
627 1471 681 1530 sed
705 1480 800 1530 totam
824 1469 1047 1550 plenitudinem

126 1564 157 1613 et
177 1552 395 1614 abundantiam
419 1554 638 1613 servandorum
664 1554 875 1614 mandatorum
887 1555 915 1614 ei
938 1554 1048 1615 tribus·

127 1656 211 1716 mus,
241 1639 354 1715 alioqui
388 1638 500 1699 rideret
520 1636 757 1697 Ecclesiasticus
789 1636 922 1698 hominis
957 1640 1047 1697 misc·

126 1721 219 1800 nam,
253 1731 285 1779 ut
307 1739 430 1781 servare
452 1721 536 1780 illum
569 1720 702 1800 iuberet,
733 1739 822 1800 quern
846 1727 952 1781 nosset
985 1737 1048 1781 non

127 1822 221 1884 posse
250 1822 382 1865 servare.
424 1800 492 1864 Neo
513 1807 587 1864 satis
608 1809 703 1883 l'oret,
739 1802 822 1884 quod
855 1812 986 1865 conatus
1018 1807 1050 1863 st

128 1888 260 1947 studium
283 1885 325 1945 illi
348 1886 481 1967 adesset,
505 1905 563 1947 nec
584 1888 629 1947 sio
651 1891 732 1947 euim
755 1886 901 1947 evaderet
922 1886 1048 1967 susploi·

128 1987 219 2031 ouem
242 1971 406 2050 irrisionis,
435 1972 494 2031 uisi
516 1973 576 2031 vim
599 1970 743 2032 servandi
763 1972 808 2031 illi
830 1973 933 2031 inesse
954 1970 1048 2052 signi·

127 2052 243 2113 ficaret.

209 2135 375 2217 Fingamus
398 2154 489 2214 vero,
521 2137 654 2198 studium
688 2142 719 2198 et
740 2146 885 2198 conatum
907 2133 993 2198 illum
1017 2135 1047 2196 li·

128 2217 191 2281 beri
215 2219 328 2278 arburii
352 2219 467 2298 aliquid
490 2238 569 2300 esse,
590 2219 661 2299 qaid
685 2222 723 2282 ad
745 2222 834 2299 illos,
858 2239 970 2299 nempe
994 2219 1047 2280 Ps-

127 2301 287 2383 lagianos,
311 2302 462 2379 dicemus,
485 2307 535 2381 qui
559 2323 598 2365 ex
619 2307 680 2364 hoo
701 2305 772 2366 loco
795 2308 924 2383 gratiam
947 2305 978 2363 in
1002 2311 1049 2364 to·

128 2394 190 2446 tum
215 2388 370 2468 negabant
398 2398 429 2445 et
461 2387 557 2446 libero
582 2388 706 2447 arbitrio
730 2393 832 2447 omnia
855 2382 1050 2448 tribuebant?

128 2469 222 2530 Plane
246 2473 373 2529 vicerint
396 2469 568 2550 Pelagiani,
600 2473 626 2531 si
648 2473 775 2550 sequela
803 2471 949 2531 diatribes
972 2488 1050 2531 con-

129 2562 197 2615 stet.
240 2553 318 2613 Nam
343 2552 436 2613 verba
457 2554 668 2614 Ecclesiastici
690 2562 802 2614 sonant
824 2555 862 2614 de
884 2554 1050 2631 servando,

128 2656 191 2697 non
214 2637 252 2696 de
276 2636 419 2696 conando
441 2649 494 2696 ιιι
515 2640 678 2700 studendo.
723 2638 813 2714 Quod
836 2657 863 2697 ιι
876 2637 1048 2719 Pelagiauis

129 2723 290 2800 negaveris
313 2721 471 2798 sequelam
500 2720 539 2781 de
560 2721 724 2797 servando,
746 2725 803 2802 ipsi
827 2741 929 2782 rursus
954 2722 1047 2781 multo

128 2816 240 2863 rectius
276 2803 431 2883 negabunt
454 2806 610 2883 sequelam
644 2805 683 2865 de
712 2805 865 2866 conando.
909 2805 948 2866 Et
970 2806 997 2864 si
1019 2814 1049 2863 tn

127 2887 187 2946 illis
211 2894 307 2946 totum
331 2888 458 2947 liberum
481 2888 637 2948 arbitrium
660 2890 838 2965 abstuleris,
861 2889 1000 2948 auferent
1020 2891 1051 2946 et

128 2971 186 3051 ipsi
211 2970 263 3030 tibi
286 2972 465 3049 particulam
488 2973 554 3031 eius
575 2974 733 3051 reliquam,
757 2984 789 3031 ut
802 2974 970 3053 particulas
987 2987 1048 3032 non

128 3054 230 3135 possis
253 3073 400 3130 asserere,
422 3054 503 3132 quod
527 3057 582 3115 toti
605 3056 777 3134 denegaris
821 3054 1002 3135 Quicquid
994 3052 1051 3135 igi·

129 3148 177 3197 tur
199 3146 306 3198 contra
328 3137 512 3217 Pelagianos
536 3139 658 3221 dixeris,
682 3148 778 3199 toturn
803 3138 898 3201 libero
923 3138 1048 3200 arbitrio

128 3218 329 3282 tribuentibus
353 3240 392 3280 ex
413 3227 474 3281 lioc
487 3221 569 3301 loco,
592 3225 652 3282 hoc
665 3242 721 3282 ιιι
736 3224 831 3283 ιιιιιι
854 3227 962 3285 ιιιιιιι
975 3240 1049 3283 con·

129 3312 175 3365 tra
198 3304 382 3364 modiculum
406 3304 479 3364 illud
503 3306 634 3366 studium
658 3308 701 3365 tui
723 3308 809 3368 liberi
832 3308 946 3369 arbitrii
968 3304 1048 3366 dics·

128 3408 204 3451 mus.
248 3388 456 3467 EtPelagiaui
478 3400 605 3450 eatenus
630 3391 719 3452 nobis
742 3395 946 3472 consentient,
971 3398 1003 3451 ut
1024 3388 1050 3449 si

127 3473 263 3554 ipsorum
297 3474 403 3552 opinio
436 3491 477 3532 ex
496 3472 558 3533 boc
580 3475 651 3536 loco
682 3494 746 3536 non
780 3483 886 3557 potest
916 3472 1047 3558 probari,

127 3642 522 3658 um

200 3748 231 3819 ')
253 3746 313 3803 lud
332 3750 358 3805 7.
