2348 4162
188 266 265 349 ’216
444 284 487 340 De
506 299 586 340 servo
605 283 721 339 arbitrio
739 285 774 339 D.
793 285 829 339 Μ.
848 282 878 340 L'.

206 448 372 510 diceretur:
396 448 635 522 Convertimini,
655 447 714 507 nisi
737 466 793 506 sus
815 447 845 507 vi
866 447 965 527 possit
987 446 1125 508 converti

203 533 306 593 homo.
330 531 420 607 Quod
431 531 521 610 quale
535 533 582 609 sit,
596 530 707 610 etquid
721 529 929 611 efficiet-sctis
941 530 1058 591 dictum
1070 535 1124 592 est.

286 614 398 692 Stupor
431 614 553 694 quidam
583 614 631 673 vel
655 613 803 692 lethargia
836 612 987 692 quaedam
1000 611 1034 696 ¹)
1070 617 1124 688 est,

204 697 285 777 quod
320 697 381 757 illis
411 697 527 775 verbis,
552 697 787 776 convertimini,
813 695 846 757 Si
869 696 1074 771 converteris,
1097 702 1125 755 et

205 779 352 841 similibus
374 786 497 859 putatur
524 780 570 840 vis
598 779 684 839 liberi
707 778 821 838 arbitrii
845 778 1036 859 confirmari,
1067 796 1124 838 nse

204 864 401 939 observatur,
425 863 509 940 quod
533 861 639 922 ecdem
658 863 778 923 rstione
800 868 831 922 et
851 863 911 922 isto
934 861 1031 922 verbo
1055 880 1123 922 con·

203 946 388 1025 firmaretur,
412 945 529 1026 Diliges
552 945 716 1004 Dominum
738 945 838 1004 Deum
867 952 952 1005 tunm
981 964 1023 1005 ex
1058 951 1121 1005 tcto

203 1030 297 1090 corde
311 1036 374 1100 tuo,
398 1048 465 1088 cum
479 1027 641 1106 utrobique
653 1029 691 1087 sit
704 1047 761 1108 par
773 1026 955 1108 significatio
974 1028 1122 1107 impersu-

203 1115 241 1173 tis
264 1118 293 1173 et
316 1111 477 1190 exigentis.
506 1111 576 1171 Non
600 1112 698 1170 minus
720 1129 794 1170 vero
815 1112 976 1190 requiritur
998 1109 1121 1171 dilectio

203 1196 271 1270 Dei,
294 1213 384 1270 quem
398 1195 559 1254 conversio
573 1195 678 1270 nostri,
691 1200 722 1254 et
733 1194 867 1253 omnium
878 1200 1122 1274 praeceptorum,

206 1297 274 1339 cum
290 1277 478 1337 dilectioDei
492 1277 610 1337 sitvers
623 1277 899 1337 conversionostri.
916 1277 956 1338 Et
967 1283 1072 1337 tumen
1086 1294 1122 1336 ex

203 1361 257 1421 illo
281 1360 453 1420 dilectionis
475 1365 642 1439 praecepto
665 1378 756 1419 nemo
774 1360 874 1439 arguit
895 1359 1025 1421 liberum
1047 1358 1121 1420 erbi-

203 1444 309 1521 trium,
332 1443 453 1502 exiliis
476 1462 548 1502 vero
572 1441 686 1502 verbis:
711 1442 742 1503 si
759 1442 903 1521 volueris,
927 1442 958 1503 si
979 1441 1121 1521 audieris,

203 1525 400 1602 Convertere,
423 1532 454 1585 et
466 1524 623 1602 similibus,
647 1543 754 1585 omnes
768 1533 908 1604 arguunt.
931 1524 963 1586 Si
987 1543 1063 1605 ergo
1085 1543 1122 1584 ex

202 1609 256 1669 illo
294 1607 388 1669 verbo
413 1605 533 1689 (Dilige
555 1608 718 1668 Dominum
743 1605 843 1668 Deum
876 1615 961 1669 tuum
995 1628 1036 1668 ex
1058 1613 1120 1668 tolo

203 1691 315 1767 corde)
341 1710 402 1752 non
425 1692 570 1769 sequitur,
594 1691 720 1751 liberum
743 1690 899 1752 arbitrium
923 1689 1041 1769 aliquid
1057 1708 1122 1750 esse

205 1782 257 1835 nut
279 1793 386 1853 posse,
410 1783 525 1833 certum
548 1780 610 1850 est,
644 1773 726 1851 quod
748 1793 806 1833 nec
828 1774 947 1835 exiliis
970 1775 1121 1852 sequitur:

204 1856 236 1918 Si
259 1856 410 1933 uolueris,
434 1856 465 1917 si
489 1856 631 1931 audieris,
654 1855 890 1936 (lonvertimini,
912 1863 941 1917 et
963 1855 1122 1933 similibus,

204 1958 284 2019 quae
305 1938 355 1999 vel
379 1940 477 1999 minus
490 1941 627 2018 exigunt,
650 1939 698 1998 vel
719 1941 818 2000 minus
841 1940 1041 2001 vehementer
1063 1939 1123 2000 exi·

148 2036 151 2041 ·
204 2027 289 2102 gunt,
313 2040 404 2102 quam
428 2020 518 2082 illud:
541 2019 645 2100 Dilige
666 2021 775 2100 Deum,
798 2023 877 2083 Ama
898 2021 1079 2085 Dominum.

287 2103 437 2180 Quicquid
468 2105 560 2185 igitur
591 2104 794 2184 respondetur
827 2106 865 2165 sd
889 2104 1017 2166 verbum
1039 2103 1120 2178 illud,

203 2186 307 2266 Dilige
322 2186 431 2264 Deum,
454 2206 493 2247 ne
505 2186 670 2247 concludat
691 2207 746 2268 pro
768 2188 864 2248 libero
884 2188 1021 2262 arbitrio,
1042 2187 1121 2249 idern

204 2268 321 2329 dicetur
342 2269 380 2328 ad
404 2271 509 2329 omnis
530 2269 589 2329 elia
612 2269 708 2331 verbs
720 2270 890 2349 imperandi
904 2271 951 2331 vel
968 2270 1121 2350 exigendi,

203 2373 242 2413 ne
265 2351 452 2412 co'nclndsnt
473 2371 528 2431 pro
552 2352 647 2412 libero
670 2353 804 2415 arbitrio.
829 2353 953 2414 Scilicet
974 2353 1059 2433 quod
1082 2352 1121 2413 di·

202 2434 318 2515 ligendi
341 2433 435 2495 verbo
459 2434 629 2495 ostenditur
640 2436 738 2495 formo
751 2437 837 2516 legis,
860 2436 931 2515 quid
946 2435 1121 2511 debeamus,

85 2528 95 2547 ¹
202 2537 264 2578 uon
288 2524 389 2577 autem
412 2518 457 2577 vis
493 2518 658 2578 voluntatis
688 2527 741 2578 sut
763 2516 836 2597 quid
857 2520 1030 2599 possimus,
1061 2520 1120 2579 imo

203 2600 275 2680 quid
297 2619 359 2661 non
382 2601 551 2678 possimus,
588 2600 669 2660 idem
693 2602 862 2662 ostenditur
890 2601 958 2662 eliis
981 2602 1120 2663 omnibns

203 2683 302 2743 verbis
326 2684 507 2744 exactionis.
552 2683 682 2744 Constet
703 2686 784 2743 enim
797 2684 1008 2745 scholasticos
1031 2686 1119 2746 etism

203 2785 356 2843 asserere,
385 2769 522 2845 exceptis
545 2766 684 2827 Scotistis
708 2774 738 2826 et
760 2768 931 2844 Modernis,
966 2767 1119 2828 hominem

202 2868 265 2908 non
287 2866 380 2928 posse
401 2848 529 2924 diligere
552 2849 647 2908 Deum
672 2857 737 2909 toto
761 2850 863 2912 corde.
886 2850 932 2910 lta
953 2869 1014 2910 nec
1031 2850 1120 2911 ullum

202 2931 330 2991 aliorum
354 2939 587 3009 praeceptorum
612 2935 768 3010 praestare
791 2940 902 3013 potest,
926 2951 996 2993 curn
1011 2934 1042 2994 in
1065 2933 1121 2994 boc

203 3032 264 3073 uno
288 3013 392 3072 omnis
404 3013 569 3092 pendeant,
593 3022 671 3074 teste
685 3013 830 3077 Christo·
862 3015 912 3076 Sic
933 3016 1121 3097 relinquitur,

202 3097 294 3155 etism
320 3094 520 3156 Scholasticis
541 3096 725 3157 Doctoribus
748 3100 890 3180 testibus,
923 3098 1021 3161 verbu
1047 3100 1120 3180 legis

202 3197 264 3239 non
287 3198 415 3257 urguere
438 3180 577 3240 virtutem
601 3179 687 3240 liberi
710 3181 840 3258 arbitrii,
872 3181 926 3242 sed
950 3181 1119 3258 ostendere,

203 3261 275 3340 quid
299 3261 475 3341 debeamus,
498 3262 620 3342 etquid
645 3282 705 3324 non
729 3266 891 3344 possimus.

284 3341 395 3406 Verum
420 3344 549 3406 diotribe
571 3352 676 3406 nostra
699 3349 798 3428 magis
819 3349 972 3428 inepticns
1008 3345 1118 3408 exilio

201 3427 368 3488 Zachariae
382 3425 434 3506 *):
459 3426 679 3489 Convertimini
702 3430 740 3490 cd
764 3451 822 3508 me,
845 3450 907 3492 non
930 3430 1031 3491 solum
1049 3428 1118 3491 indi-

201 3511 333 3570 cativum
355 3510 454 3591 infert,
477 3511 531 3571 sed
554 3512 645 3571 etiarn
669 3520 813 3574 conatum
835 3514 922 3574 liberi
945 3512 1071 3591 arbitrii,
1092 3516 1118 3573 et

200 3594 329 3671 gratiam
352 3594 477 3654 conanti
499 3601 638 3673 paratam
663 3595 825 3657 contendit
845 3596 988 3677 probare.

273 3777 300 3843 1)
320 3775 500 3831 inedies:
520 3773 662 3844 lethargus
681 3776 802 3845 quidam.
822 3778 854 3847 *l
875 3777 960 3836 zach.
980 3781 1006 3835 1.
