2348 4162
183 245 246 311 100
262 305 264 309 .
285 263 289 268 ·
445 241 448 246 ’
480 241 585 301 (luneio
604 245 638 298 D.
657 242 691 298 lt.
712 241 822 299 Lutheri

264 407 322 467 Hic
346 408 406 467 iam
430 413 557 486 quaerat
579 405 702 484 aliquis:
725 405 800 466 (lum
824 405 931 466 Mosen
956 405 1040 465 dicas
1063 407 1105 465 ni·

183 490 224 552 hil
247 491 284 550 ad
309 508 365 550 nos
388 490 556 570 pertinere,
580 508 673 568 quare
694 491 760 568 ipse
782 485 890 550 Mosen
915 489 1030 564 doces,
1052 496 1106 548 aut

79 600 80 604 ¹
184 593 279 653 qnare
315 574 439 634 omnino
463 592 481 633 a
504 573 682 633 Christianis
715 572 857 653 leguntur
888 571 955 632 libri
978 591 995 631 a
1019 571 1106 631 Mose
1167 633 1170 637 ,

173 651 310 736 scripti?
353 655 403 716 Sic
430 657 587 735 quaerenti
617 654 804 734 respondeo:
826 655 956 735 Magnae
985 661 1015 714 et
1035 673 1105 734 gra-

182 759 236 799 ves
259 745 330 798 sunt
351 757 473 815 causae,
496 757 589 817 quare
611 739 669 797 hos
692 737 784 798 libros
808 745 839 798 et
855 739 968 798 servari
991 744 1022 797 et
1045 737 1105 816 legi

183 841 309 882 necesse
333 824 423 882 sitin
445 821 586 882 ecclesia.
627 819 704 881 Sunt
724 827 826 881 autem
850 823 907 881 tria
929 821 1105 900 praecipue,

184 924 263 985 quae
301 905 388 965 nobis
416 906 445 964 in
480 904 612 964 lectione
637 901 725 965 >Mosi
758 924 826 965 cum
862 904 957 964 lructu
994 920 1105 982 propo·

184 997 304 1051 nuntur.

634 1186 660 1252 Ι.

268 1340 420 1411 Primum„
455 1336 500 1398 De'
530 1337 648 1418 legibus
675 1339 718 1398 illi
741 1338 855 1417 populo
879 1341 1003 1417 propter
1025 1336 1105 1416 poli·

184 1425 275 1485 ticam
301 1422 554 1501 gubernationem
570 1433 572 1438 '
589 1420 705 1481 traditis
728 1420 778 1480 hic
805 1420 887 1480 nihil
902 1420 982 1482 dico.
1025 1418 1105 1479 Nam

185 1505 244 1565 hae
269 1503 319 1586 (ut
341 1505 420 1582 dixi)
449 1504 487 1563 ad
516 1523 572 1567 nos
601 1521 664 1563 non
689 1504 786 1582 magis
815 1505 981 1583 pertinent,
1012 1521 1105 1580 quam

185 1588 309 1649 Solonis
331 1595 384 1647 aut
407 1587 557 1648 Draconis
580 1586 675 1666 leges,
698 1589 755 1646 nisi
774 1587 857 1665 quod
873 1586 999 1646 liberum
1022 1591 1107 1645 esset

186 1673 277 1731 etiam
300 1671 389 1731 nobis
417 1690 456 1730 ex
477 1671 513 1730 iis
542 1669 659 1748 aliquas
682 1670 841 1748 recipcre,
865 1670 890 1728 si
923 1686 1001 1746 quae
1024 1667 1107 1727 vide·

185 1761 288 1814 rentur
321 1755 498 1816 convenire.
553 1753 647 1812 Multa
680 1753 761 1812 enim
782 1761 867 1812 -sunt
896 1752 925 1810 in
960 1750 1106 1810 Moesicis

185 1837 304 1916 legibus
327 1838 442 1914 optime
464 1844 495 1895 et
507 1835 708 1914 pulcherrime
725 1837 900 1910 constituta,
924 1853 1003 1913 quae
1015 1833 1106 1912 prod·

185 1927 267 1979 esset
287 1920 397 1978 imitari
422 1919 513 1977 etiam
536 1918 611 1977 alias
634 1917 771 1998 politias,
797 1916 893 1996 qualis
926 1925 972 1977 est
995 1916 1044 1976 lex
1067 1915 1107 1975 de

136 1996 138 2001 ’
186 2002 390 2063 decimatione
418 2000 568 2061 bonorum
597 2001 688 2081 plena
726 2001 932 2061 humanitatis.
975 1997 1106 2077 Namsi

132 2158 135 2165 Ι
184 2084 261 2144 haec
282 2091 452 2143 servaretur
473 2083 599 2143 sublatis
621 2084 688 2144 aliis
719 2083 941 2158 exactionibus,
971 2090 1012 2141 et·
1030 2077 1105 2142 faci·

94 2240 97 2245 Α
189 2168 245 2227 lius
269 2168 471 2227 tolerarentur
492 2169 658 2246 pensiones
685 2168 901 2243 necessariae,
930 2163 1106 2225 etbenedi-

187 2257 275 2310 cente
298 2250 364 2310 Deo
399 2257 572 2310 crescerent
598 2251 738 2330 reditus,
771 2258 803 2310 ut
831 2249 870 2309 de
897 2250 975 2311 natis
998 2247 1106 2308 decem

187 2331 1107 2413 bobusdaremsingulos,itemdecimumquemquemsnipu·

188 2415 247 2474 lum
262 2416 391 2495 frugum,
418 2415 477 2475 hac
499 2417 708 2496 proportione,
722 2422 763 2495 ut,
778 2423 892 2495 quanto
911 2415 978 2495 plus
990 2413 1106 2473 fructus

190 2508 367 2580 perceptum
391 2508 473 2559 esset
495 2519 533 2559 ex
557 2499 647 2559 rebus
670 2499 889 2575 nascentibus,
918 2504 1002 2558 tanto
1037 2496 1106 2576 plus

186 2581 318 2642 daretur.
362 2581 447 2642 Haec
468 2583 554 2641 iuxta
576 2574 632 2642 Dii
656 2583 900 2643 benedictionem
923 2587 1105 2641 crescerent.

80 2680 83 2685 '
186 2662 274 2724 Nunc
296 2684 364 2724 oum
388 2667 462 2725 certi
484 2665 598 2725 reditus
629 2685 683 2725 seu
705 2667 872 2744 pensiones
911 2663 1106 2746 pecuniariae

187 2749 219 2807 in
240 2748 379 2828 singulos
403 2767 501 2808 annos
524 2748 692 2827 aequaliter
713 2750 891 2827 exiguntur,
920 2748 1012 2807 ctiam
1036 2763 1106 2805 cum

186 2832 299 2890 tructus
322 2830 515 2909 praediorum
548 2840 601 2890 aut
621 2831 705 2890 fundi
729 2850 790 2891 uon
812 2830 1014 2909 respondent,
1043 2829 1107 2888 imo

186 2913 263 2973 haec
299 2913 341 2972 ita
370 2915 550 2992 exiguntur,
580 2920 614 2973 ut
644 2908 768 2993 cogaris¹
797 2908 951 2992 pendere,
985 2911 1107 2973 etiamsi

187 3015 315 3075 granum
338 2995 453 3056 nullum
464 2997 648 3075 perceperis,
671 3003 702 3056 et
723 3015 817 3076 saepe
835 2996 984 3056 accedant
1004 3000 1123 3059 extra·

186 3078 340 3139 ordinaria
363 3097 467 3155 onera,
490 3078 532 3152 fit,
555 3087 595 3157 ut,
618 3081 689 3157 quia
714 3085 860 3158 perpetuo
884 3078 1007 3138 tolerari
1028 3078 1107 3137 haec

187 3180 280 3222 onera
300 3172 366 3221 non
388 3168 535 3241 possunt,
567 3161 606 3222 ad
628 3170 797 3227 extremum]
821 3161 1107 3240 exhauriatur-po²

185 3244 274 3323 pulus
314 3262 371 3304 nec
399 3244 511 3305 habeat
538 3244 618 3304 unde
650 3244 711 3308 det.
768 3243 889 3319 Quanto
925 3244 1052 3322 aequius
1076 3250 1109 3303 et

186 3327 345 3387 humanius
369 3335 465 3405 esset,
489 3329 568 3387 hanc
589 3327 781 3406 aequalitatis
803 3329 955 3388 rationem
978 3328 1106 3405 servari,

186 3417 227 3488 ut,
249 3411 275 3471 si
297 3410 412 3471 fructus
435 3430 533 3471 rerum
562 3411 710 3489 largiores
741 3417 794 3470 aut
817 3412 938 3489 parcius
960 3409 1107 3488 contigis-

185 3500 262 3571 sent,
287 3512 324 3554 eo
348 3496 439 3554 etiam
463 3494 575 3572 largius
600 3500 652 3553 aut
675 3493 795 3573 parcius
807 3492 999 3572 penderetur.
1029 3491 1106 3552 Tale

186 3585 233 3635 est
254 3585 286 3636 et
299 3576 383 3654 illud,
403 3577 487 3655 quod
501 3577 602 3637 Moses
626 3582 709 3636 vetat
731 3575 822 3636 vendi
834 3593 926 3655 agros
949 3583 1002 3637 aut
1018 3593 1106 3655 prae·

185 3657 235 3718 dia
257 3659 316 3733 sic,
346 3668 377 3718 ut
399 3669 481 3719 esset
505 3667 653 3739 perpetua
684 3659 841 3718 translatio
865 3658 1012 3735 dominii,
1048 3656 1104 3718 sed

185 3746 217 3802 ut
239 3760 360 3822 quoque
384 3761 464 3802 anno
488 3742 623 3802 lubilaeo
648 3742 726 3818 (hoc
748 3750 807 3820 est,
831 3737 1104 3822 quinquagesimo)
