2348 4162
121 242 186 317 468
406 247 508 319 captu
524 244 591 305 fidat
608 246 780 305 christianae

123 426 187 497 est,
210 418 249 479 de
271 436 333 498 quo
356 419 472 483 nulium
494 425 598 480 exstat
621 417 815 495 mandatnm,
836 434 897 476 nec
928 423 976 476 est
993 434 1040 475 ne·

124 504 300 579 cessarium,
323 503 378 562 sed
400 501 597 583 superfluum,
620 511 723 583 potest
737 504 818 562 eninr
841 506 950 559 sancta
966 499 1040 560 Obri-

123 587 224 646 stiena
244 585 377 645 ecclesie
397 585 516 665 absque
538 587 592 646 tati
608 589 711 666 capite
733 586 914 661 consistere,
937 588 969 643 et
988 601 1041 641 me

124 669 182 729 lius
205 687 273 727 cum
297 668 350 728 illa
370 679 522 748 ageretur,
546 671 570 728 si
594 670 655 729 tale
676 678 770 748 caput
790 665 949 728 adiaboio
971 685 1042 725 nun·

124 770 216 831 quant
244 751 352 811 fuisset
385 751 565 813 exaltatum.
618 752 780 812 Praeterea
807 758 891 810 totus
919 754 1042 829 papatus

124 835 236 894 inutilis
259 845 305 893 est
326 835 356 894 in
381 836 524 895 ecclesia.
565 834 688 894 Nullum
712 837 792 895 enim
815 831 1041 893 facithristia·

124 936 196 977 num
231 916 375 979 officium.
428 915 478 979 Ita
507 936 635 978 necesse
658 925 705 978 est
734 916 899 977 ecclesiam
930 934 1043 995 perma-

125 1019 198 1061 nere
220 1012 250 1059 et
282 1002 451 1061 consistere
473 1010 593 1062 remoto
621 1000 775 1080 pontifice.
830 999 929 1077 Finge
950 998 1044 1078 ponti·

125 1083 213 1143 ficem
242 1082 413 1143 concedere
444 1103 478 1143 se
510 1103 571 1144 non
600 1085 721 1163 quidem
759 1084 824 1142 iure
853 1081 960 1142 divino
997 1088 1043 1141 ant

125 1165 270 1226 mandato
285 1165 340 1224 Dei
362 1187 537 1246 supremum
551 1186 634 1246 esse,
653 1167 719 1244 sed,
730 1175 763 1226 ut
784 1163 958 1226 concordie
974 1164 1044 1223 inter

125 1248 316 1309 Christianos
346 1249 493 1310 adversus
522 1262 623 1310 sectas
645 1260 676 1310 et
703 1250 846 1310 haereses
876 1254 966 1307 tanto
987 1265 1043 1307 nra-

125 1330 184 1391 lius
206 1339 418 1410 conservetur,
441 1332 553 1393 debere
577 1342 670 1413 caput
691 1352 770 1410 esse,
792 1349 855 1411 quo
878 1330 933 1390 alii
955 1332 1042 1389 nitun-

126 1424 183 1475 tur.
225 1413 302 1474 Tute
323 1424 416 1495 capnt
438 1416 664 1477 abhominibos
686 1416 858 1493 eligeretur,
882 1424 915 1474 et
937 1430 1043 1493 prote

127 1497 215 1557 bitrio
238 1497 395 1559 homiuum
419 1506 450 1558 et
470 1506 625 1578 potestate
647 1517 728 1559 nunc
750 1498 877 1575 mutari,
901 1514 984 1556 nunc
1004 1514 1042 1555 re·
1072 1558 1076 1565 ,

128 1580 243 1641 moveri
265 1590 382 1660 posset,
404 1581 663 1660 quemadmodum
677 1584 740 1662 egit
760 1601 831 1641 cum
854 1578 1043 1659 pontificibus

127 1664 370 1724 constantiensis
393 1664 555 1744 Synodus,
578 1684 657 1745 quae
678 1666 804 1726 remotis
832 1662 931 1723 tribus
953 1662 1043 1742 ponti·

127 1746 233 1807 ficibus
256 1747 389 1827 eligebat
410 1756 560 1826 quertum.
594 1748 653 1809 Sed
676 1747 769 1827 finge,
793 1748 932 1824 inquam,
954 1745 1043 1825 ponti·

126 1830 214 1889 ficem
257 1837 287 1889 et
319 1830 424 1891 sedem
450 1831 623 1892 Romanam
654 1831 702 1892 vel
736 1850 770 1890 se
802 1829 833 1889 id
866 1828 1043 1904 concedere,

128 1912 210 1992 quod
234 1932 389 1992 nunquam
414 1915 516 1993 faciet,
540 1935 610 1975 uam
640 1920 737 1974 totum
760 1932 848 1974 suum
871 1930 999 1992 regnum
1019 1918 1044 1969 et

127 1996 264 2056 ordinem
289 1997 351 2075 peti
376 2004 538 2077 cogeretur
571 1998 665 2058 everti
689 2005 719 2058 et
740 1997 855 2057 destrui
876 1993 1042 2056 cumomni

11 2110 15 2117 ·
126 2097 182 2138 suo
204 2080 270 2137 iure
298 2087 329 2138 et
349 2081 421 2139 iuris
452 2080 673 2157 voluminibus,
701 2080 834 2159 denique
861 2097 933 2149 non¹
950 2083 1043 2155 potest

16 2220 19 2227 .
125 2162 186 2222 boc
207 2162 319 2241 tacere,
341 2169 443 2222 tamen
466 2163 541 2223 illud
558 2164 630 2223 nihii
653 2163 814 2244 prodesset
836 2162 998 2235 ecclesiae,
1019 2164 1043 2218 ct

126 2247 294 2306 existerent
323 2246 542 2324 multoplures
572 2255 695 2325 sectae,
730 2266 822 2326 quam
852 2252 954 2307 antea.
995 2242 1042 2303 Et·

126 2331 206 2388 enim
230 2347 297 2387 curu
322 2348 412 2389 nemo
435 2331 476 2388 itti
494 2332 586 2409 capiti
607 2331 812 2390 obedientiam
826 2328 955 2389 deberet
969 2345 1041 2386 man·

125 2412 197 2471 dato
222 2411 341 2490 divino,
365 2412 418 2470 sed
444 2420 560 2473 tautum
595 2433 628 2472 se
650 2414 692 2473 ilii
722 2415 850 2492 quisque
879 2411 1041 2471 subiiceret

26 2558 29 2563 ,
125 2503 298 2577 spontanea
321 2494 491 2566 voluntate,
524 2495 660 2556 facilest
688 2498 749 2556 cito
781 2496 899 2555 veniret
921 2495 951 2553 in
976 2511 1043 2553 con·

126 2585 272 2657 temptum
295 2588 322 2636 et
346 2579 487 2638 omnibus
503 2581 565 2639 suis
588 2579 731 2640 membris
755 2578 952 2658 spoliaretur.
990 2576 1042 2635 De·

126 2661 197 2720 inde
209 2660 282 2720 iliud
306 2668 399 2740 eaput
414 2681 475 2722 non
498 2662 627 2740 Romae,
650 2672 701 2722 uut
719 2663 828 2741 quovis
845 2661 907 2721 alio
930 2662 961 2720 in
980 2660 1042 2719 loco

126 2745 230 2804 baberi
253 2744 392 2822 debebit,
415 2744 470 2803 sed
493 2746 666 2824 ubicunque
689 2752 719 2804 et
740 2747 770 2803 in
794 2762 979 2823 quacunque
1000 2759 1041 2801 eo·

127 2828 221 2886 alesia
244 2827 327 2886 Deus
356 2828 447 2886 telem
478 2830 574 2887 virum
597 2828 794 2902 donavisset,
827 2829 879 2907 qui
914 2826 954 2886 ad
975 2821 1043 2885 iliud

126 2930 235 2969 munus
265 2910 440 2971 obeundum
471 2919 554 2971 esset
582 2911 719 2972 idoneus.
769 2910 830 2970 Sed
860 2929 880 2970 o
906 2924 1043 2989 magnam

126 2993 204 3052 haec
233 3013 282 3052 res
310 2995 444 3073 paritura
478 3002 563 3054 esset
595 2996 817 3056 confusionem.
886 2992 1043 3071 Nunquam

127 3076 218 3155 igitur·
252 3077 384 3137 ecclesia
419 3077 526 3137 melius
558 3080 623 3158 regi
655 3085 686 3137 et
718 3078 895 3138 conservari
937 3078 1045 3156 potest,

127 3177 217 3237 quam
240 3161 265 3218 si
288 3178 395 3219 omnes
417 3161 472 3220 sub
497 3180 557 3220 uuo
582 3162 682 3240 capite
704 3160 826 3222 Christo
849 3161 1001 3235 vivamus,
1020 3163 1046 3216 et

127 3244 264 3322 episcopi
287 3262 410 3323 omnes,
443 3244 524 3322 quod
554 3243 592 3304 ad
627 3243 718 3304 officii
751 3245 903 3303 rationem
932 3243 1056 3317 attinet·

126 3345 216 3406 pares
240 3325 429 3408 (quanquam
454 3327 541 3387 donis
568 3323 719 3410 imperes)
752 3346 873 3387 summa
894 3345 964 3386 cum
988 3323 1046 3385 diii·

126 3411 230 3488 gentia
252 3411 446 3470 consentiant
472 3412 500 3468 in
528 3411 678 3471 conformi
712 3410 866 3489 doctrina,
907 3408 984 3483 fide,
1006 3426 1046 3467 se·

126 3495 300 3571 crementis,
323 3495 502 3573 precatione
532 3504 562 3553 et
594 3494 738 3572 operibus
761 3494 908 3555 caritatis.
952 3492 999 3553 lta
1019 3488 1046 3551 Β.

127 3576 331 3655 Hieronymus
354 3577 478 3653 scribit,
507 3577 704 3655 presbyteros
741 3576 894 3636 ecelesiae
916 3576 1046 3636 Alexan·

128 3659 233 3718 drinue
262 3661 463 3719 communiter
493 3660 655 3719 ecclesium
684 3658 872 3739 gubernare,
908 3656 1046 3739 quemad·

128 3741 251 3801 modum
281 3752 312 3801 et
338 3741 471 3822 apostoli
500 3742 637 3803 fecerunt
670 3751 701 3804 et
731 3742 878 3824 deinceps
913 3740 1045 3825 episcopi
