2348 4162
524 256 558 312 s.
577 256 657 315 soso.
983 247 1044 319 523

120 429 193 492 fidei
215 428 254 490 ad
279 428 494 507 erudiendum,
529 427 798 511 redarguendum,
832 427 870 489 ad
893 429 1044 489 instruen-

120 514 212 591 dum.
226 513 266 575 ad
288 513 531 590 oonsolandum,
554 513 685 593 denique
707 512 745 573 ad
768 513 880 589 omnia,
904 512 944 572 ad
966 528 1045 591 quae

122 596 249 658 verbnm
267 596 340 658 lldei
370 597 474 658 valere
495 597 607 658 Paulus
634 595 748 658 scribit.
791 595 871 672 Quid
895 596 1047 672 enimest

121 681 250 743 historia
271 699 369 762 saera,
393 700 483 760 quam
507 681 625 741 visibile
650 680 775 741 verbum
798 679 869 740 fidei
892 699 946 739 seu
969 696 1047 758 opus

122 764 211 840 fidei,
257 764 339 844 quod
382 763 463 825 idem
507 782 565 824 nos
610 764 701 824 doost
742 764 825 824 laeto
867 769 899 823 et
943 781 1046 843 opere,

122 846 208 929 quod
253 848 330 909 alias
363 847 520 928 Scriptura
557 847 649 907 tradit
691 846 851 907 verbo-er
884 843 1049 908 sermone?

123 931 214 1008 Quod
247 933 272 991 si
308 932 399 991 fldem
432 932 461 991 ia
484 931 620 990 historiis
643 933 737 991 saeris
761 931 884 991 omittas
905 934 1047 1005 tractare,

122 1016 210 1077 ouius
230 1017 272 1074 rei
296 1015 442 1095 magister
463 1022 509 1074 est
531 1013 695 1095 Origenes,
727 1020 816 1074 erunt
841 1014 983 1095 ¹'gentium
1005 1011 1048 1071 hi·
1073 1077 1075 1080 ,

123 1100 239 1160 storias
275 1098 369 1178 longe
400 1097 532 1157 maiores
565 1103 597 1157 st
617 1097 782 1177 clariores,
806 1107 839 1158 ut
857 1096 1049 1158 neeesse-sit

123 1183 257 1242 animam
280 1181 341 1242 fide
364 1200 493 1242 vanuum
516 1186 548 1240 et
569 1181 688 1241 ratione
709 1181 838 1242 naturali
860 1181 983 1241 (lustum
997 1179 1048 1240 ab·

123 1267 249 1326 horrere
284 1271 316 1325 et
351 1271 549 1325 oontemsere
576 1282 689 1324 sacras·
707 1263 852 1326 historias
886 1264 1048 1325 asnieres

124 1346 272 1428 quasdam
313 1348 456 1408 minutias
488 1345 528 1407 ad
560 1347 702 1426 ingentes
733 1346 967 1409 monaroharum
999 1364 1048 1407 res

148 1439 253 1493 estas.
809 1440 812 1445 ·
916 1435 932 1461 ’-

123 1452 146 1513 g
208 1515 350 1594 Accipiat
370 1513 550 1594 igitarnius
572 1511 669 1572 leetor
690 1511 751 1574 hoo
772 1512 877 1574 libello
899 1532 961 1573 non
984 1518 1049 1574 tan-

125 1605 200 1676 tam,
223 1617 313 1679 quem
338 1596 478 1672 diximus,
502 1615 605 1655 verum
627 1595 814 1656 intellectum
838 1603 868 1657 et
890 1616 977 1657 usum
1003 1614 1052 1657 sa·

124 1700 244 1742 orarum
266 1680 477 1759 historiarum,
505 1678 674 1740 sedetiam
708 1679 888 1760 exemplum·
924 1678 1048 1740 easdem

124 1765 175 1849 (nt
196 1763 308 1824 Paulus
332 1762 442 1840 donet)
468 1761 635 1824 seeundum
649 1763 825 1843 analogiam
847 1762 918 1823 fidei
942 1762 1050 1822 dextre

125 1847 294 1922 traotandi,
319 1844 437 1915 ¹deinde
460 1854 490 1906 et
509 1844 653 1905 iudicium
678 1845 811 1906 laelandi
832 1846 871 1906 de
893 1845 1049 1926 allegoriis

125 1939 157 1993 et
183 1937 233 2006 (ut
253 1949 326 1990 rere
348 1929 473 2004 dieunt)
506 1927 710 2008 alieniloquiis
744 1930 888 2005 aliorum,
921 1930 971 2008 qui
995 1946 1051 1987 sua

124 2015 340 2093 intempestiva
361 2012 519 2093 diligentia
542 2012 645 2070 omnia
669 2011 835 2073 obscurant
855 2020 886 2073 et
907 2014 976 2092 pios
988 2011 1049 2072 ani·

126 2117 194 2158 mos
217 2098 324 2159 fructu·
349 2102 380 2156 at
401 2115 456 2156 usu
479 2093 630 2174 legendae
653 2094 829 2177 Scripturas
850 2095 987 2177 spoliant
1007 2097 1049 2155 in-

124 2181 191 2243 utili
223 2180 408 2241 verbositate
440 2198 494 2239 ssu
528 2177 725 2255 oenophonia
757 2179 897 2240 et'ialso
925 2178 1050 2239 nomine

125 2266 242 2326 laetata
262 2264 400 2344 seientia,
424 2261 534 2324 Amen.
580 2260 702 2323 Christo
726 2262 860 2325 Domino
883 2260 989 2322 nostro
1012 2261 1050 2319 sit

124 2347 226 2428 gloria
249 2354 376 2408 aeterna
396 2364 452 2426 pro
475 2344 533 2403 hae
556 2350 590 2404 et
610 2344 751 2406 omnibus
770 2347 837 2406 suis
850 2343 1051 2405 miserationi·-

125 2430 182 2490 bus
204 2447 375 2512 supernos
398 2425 561 2510 opulenter
583 2425 698 2505 effusis,
722 2431 832 2490 Amen.
924 2437 941 2505 ᾖ
1021 2428 1045 2459 '²

479 2581 688 2591 m

510 2682 547 2742 A.
571 2681 662 2747 1532.
707 2695 708 2700 ’
738 2702 742 2709 ’

126 2847 184 2922 15)
208 2843 408 2907 Praelatio
435 2847 482 2908 D.
517 2847 556 2910 M.
589 2845 747 2908 Lutheri
782 2845 817 2904 in
841 2840 1048 2904 Athanasii

124 2927 251 2987 libros
286 2935 425 2989 eontra
446 2929 722 2991 idololatriam
750 2929 921 3009 gentium
945 2931 981 2987 et
1004 2925 1049 2985 ds

123 3010 204 3070 fide
226 3017 385 3071 sanatae
408 3014 617 3090 trinitatis,
640 3013 691 3092 qui
715 3011 790 3072 liber
806 3009 1049 3089 Wittembergae

124 3113 151 3156 a.
176 3095 255 3158 1532
277 3093 333 3154 sub
358 3094 417 3155 hae
438 3097 638 3175 inscriptions
661 3095 759 3155 editus
782 3102 842 3156 est:

124 3177 162 3241 D.
186 3175 344 3237 Athanasii
367 3178 446 3239 Libri
476 3179 590 3240 Contra
623 3178 829 3239 idololatriam
852 3176 996 3239 Gentium
1020 3181 1050 3235 st

124 3259 164 3319 de
184 3256 247 3318 tide
269 3255 383 3321 Sancte
405 3261 572 3323 Trinitatis.
617 3262 693 3323 Cum
704 3256 956 3323 PraefationeD.
970 3257 1049 3318 Mar-

94 3420 97 3425 ·
124 3342 178 3403 tini
200 3340 340 3423 Lutheri,
375 3351 405 3404 st
427 3343 466 3408 1).
488 3342 616 3406 Ioannis
639 3345 815 3420 Pammeni,
847 3344 931 3405 euius
955 3359 1051 3421 opera

124 3423 154 3484 hi
179 3425 339 3503 Athanasii
362 3425 443 3487 Libri
466 3428 596 3488 restituti
619 3434 649 3488 et
671 3426 763 3488 aediti
787 3435 865 3492 sunt.
908 3422 1050 3487 Wittem·

124 3507 240 3595 bergas
262 3502 470 3572 mnxxxn.
494 3512 523 3576 8.
566 3511 597 3571 ln
632 3506 707 3571 fine:
737 3510 892 3575 Exeusum
917 3504 1049 3569 Witten·

122 3589 246 3669 bergas.
290 3591 348 3653 Per
370 3593 532 3655 Nicolaum
557 3591 727 3655 Sobirlenta
761 3591 962 3658 mnxxxll.
997 3590 1049 3674 (ol.
1115 3623 1120 3633 .

124 3672 257 3735 Walohii
279 3673 391 3736 introd.
413 3674 492 3738 in-T.
506 3672 578 3738 XIV
592 3676 671 3756 Opp.
684 3675 768 3737 Loth,
783 3677 890 3757 ·p.129.'
908 3674 1050 3756 Solatia,

270 3755 398 3818 Lnthers
420 3759 556 3840 Ungedr.
580 3759 682 3822 Briels
695 3759 758 3841 ill,
779 3761 904 3840 p.³³-'36l.
