2348 4162
172 257 314 369 quomodo
333 255 395 313 libri
413 257 484 314 llosi
500 248 519 312 'a
538 257 701 314 Ghnstianls
718 258 829 330 legendi
846 258 910 315 sint
960 258 1002 324 95

163 426 250 487 Haec
274 428 406 507 primum
436 428 474 490 de
496 428 591 491 modo
614 436 644 490 et
674 448 791 510 pompa
813 429 903 491 datae
925 429 1001 511 legis

79 507 156 591 dixi,
179 518 212 570 ut
233 510 461 590 consideretur,
485 512 566 574 hanc
588 515 630 573 ita
656 533 675 574 a
697 513 763 574 Deo
787 520 860 574 lunc
881 514 1002 592 publice

78 593 194 653 editam
218 613 298 676 esse,
319 603 352 655 ul
381 602 559 674 constaret,
593 597 660 676 quis
691 603 773 658 esset
800 607 889 658 autor
910 598 1001 658 huius

79 676 243 739 doctrinae
280 677 421 758 adeoque
449 681 541 739 totius
575 681 730 741 ministerii
754 680 892 745 Mosaici.
935 681 1001 741 Etsi

78 761 161 821 enim
185 778 310 841 semper
329 763 361 822 in
384 762 499 824 mundo
522 762 576 822 luit
604 765 712 823 notitia
735 764 892 825 doctrinae
924 763 1001 842 legis

78 843 162 923 apud
185 861 294 905 omnes
315 845 478 927 homines,
512 852 545 905 ut
567 850 632 905 erat
651 847 738 907 initio
772 847 936 906 creationis
958 847 1001 906 di-

79 928 193 986 vinitus
216 927 368 989 humanae
391 930 484 989 menti
498 929 657 1010 impressa,
680 937 710 990 et
731 930 791 989 iam
814 929 887 989 inde
909 931 1002 1008 aprif
1034 978 1038 983 .

64 1010 137 1069 'mis
147 1010 295 1091 patribus,
318 1011 429 1092 Adam,
452 1011 551 1089 Noha,
574 1011 729 1072 Abraham
753 1021 783 1072 et
806 1011 872 1072 aliis
886 1013 1027 1092 agitata.
1107 1030 1111 1036 ·

78 1098 110 1153 et
130 1092 296 1175 illustrata,
319 1101 422 1155 lamen
445 1113 513 1155 cum
537 1095 619 1155 Deus
642 1104 768 1176 propter
779 1097 1001 1174 promissiones

79 1176 118 1236 de
141 1176 264 1238 Christo
295 1177 434 1256 patribus
467 1176 593 1238 traditas
624 1179 716 1238 vellet
751 1179 885 1258 deligere
921 1178 1002 1238 hono

78 1259 241 1340 populum,
263 1278 354 1339 quem
367 1262 457 1337 certis
479 1261 660 1323 testimoniis
679 1270 835 1322 constaret
858 1269 1001 1323 vocatum

77 1343 187 1403 aDeo
236 1348 267 1403 et
287 1343 402 1404 habere
424 1345 480 1404 Dei
504 1344 645 1422 verbum,
681 1345 821 1423 adeoque
843 1352 926 1405 certo
951 1364 1000 1425 ge-

76 1444 153 1486 nere
175 1425 344 1503 dootrinae,
366 1425 523 1506 religionis
545 1433 577 1486 et
594 1427 738 1506 cultuum,
761 1427 871 1488 deinde
894 1435 924 1488 et
945 1447 1004 1508 po·

78 1508 164 1569 litiae
187 1510 286 1569 lorma
298 1509 336 1570 ab
352 1509 420 1570 aliis
443 1509 585 1588 gentibus
599 1519 804 1591 segregatum,
827 1510 925 1571 voluit
942 1511 1002 1572 boo

75 1592 181 1672 palam
205 1599 349 1652 testatum
372 1593 436 1652 fleri
459 1592 548 1652 editis
566 1594 719 1654 miraculis
743 1601 774 1653 et
794 1593 848 1654 ille
868 1594 1001 1674 promul-

78 1676 208 1754 gatione
231 1676 325 1736 totius
349 1675 424 1755 legis
447 1675 602 1736 Moesicae
624 1676 705 1737 facta
727 1678 757 1735 in
781 1676 870 1757 Sina,
898 1683 929 1737 et
950 1675 1002 1735 ad-

78 1757 152 1817 dere
175 1759 264 1836 quasi
287 1757 572 1838 confirmationem,
594 1777 654 1838 qua
677 1759 855 1820 ostenderet
893 1778 926 1818 se
949 1778 1000 1839 ap-

76 1839 211 1920 probare
231 1847 262 1902 et
283 1847 381 1902 ratam
404 1841 517 1903 habere
538 1841 621 1902 illam
644 1843 741 1921 ipsam
765 1841 937 1903 doctrinam
961 1843 1002 1902 le-

76 1925 136 2004 gis,
158 1942 228 1983 cum
252 1943 319 1985 eam
338 1926 367 1984 in
392 1925 500 2005 politia
514 1925 620 2004 populi
639 1926 854 1986 constituenda
870 1927 1000 2006 primum

77 2013 219 2086 repetere
242 2016 272 2068 et
292 2007 447 2068 inculcare
469 2007 609 2069 voluerit.

161 2089 231 2151 Hoc
252 2091 344 2170 igitur
366 2096 424 2170 esi,
448 2091 529 2171 quod
552 2090 602 2150 hic
626 2090 726 2152 dicere
749 2092 886 2170 institui,
916 2091 998 2190 qnod

77 2173 161 2233 Deus
183 2172 238 2233 illo
260 2173 341 2253 loco,
364 2175 423 2234 et
414 2193 445 2233 ιιι
468 2174 521 2234 illo
544 2181 658 2255 coetu,
683 2181 714 2235 et
735 2195 789 2254 per
810 2174 893 2235 huno
916 2176 1001 2235 mini·

76 2264 173 2316 strum
188 2253 298 2318 Mosen
321 2255 558 2337 gubernatorem
572 2258 652 2318 illius
676 2258 774 2337 legem
799 2258 902 2334 edidit,
925 2261 1003 2319 haec

78 2345 232 2400 testantur
251 2338 332 2399 hano
366 2345 463 2400 totam
485 2340 723 2420 patefactionem
752 2347 783 2401 et
799 2341 1001 2401 traditionem

78 2423 169 2503 legis,
182 2422 325 2483 videlicet
340 2422 531 2483 manifestam
550 2421 768 2485 exhibitionem
784 2414 999 2484 miraculorum

81 2512 112 2566 et
136 2505 376 2603 descriptionem
400 2514 503 2566 cartae
526 2505 705 2584 doctrinae,
731 2509 803 2567 item
827 2508 948 2584 rituum,
972 2513 1002 2567 et
1077 2533 1080 2537 ·

76 2589 226 2669 politiae,
258 2589 382 2670 proprie
415 2595 532 2649 tantum
568 2589 611 2648 illi
644 2589 760 2669 populo
786 2589 898 2650 iactam
921 2608 1001 2668 esse,

78 2679 207 2753 propter
228 2670 308 2731 hanc
330 2691 473 2750 causam,
493 2678 526 2732 ut
551 2672 633 2732 hunc
665 2672 712 2732 his
739 2672 824 2732 velut
855 2671 1001 2733 limitibus

79 2756 342 2834 circumscriptum
366 2761 543 2834 segregaret
565 2755 603 2815 ab
627 2754 693 2814 aliis
714 2753 866 2834 gentibus,
890 2762 921 2816 et
941 2755 1001 2816 hao

78 2838 167 2899 velut
204 2837 367 2918 disciplina
404 2843 562 2898 coerceret
588 2857 627 2898 ac
660 2846 803 2919 regeret,
837 2839 938 2899 donec
959 2838 1000 2919 id,

78 2921 166 2982 cuins
189 2939 284 2981 causa
297 2921 377 2981 hano
388 2921 527 3001 politiam
547 2921 690 2981 constitui
707 2922 811 3000 voluit,
832 2924 1002 3002 perfectum

78 3012 179 3081 esset,
202 3004 320 3065 scilicet
343 3012 377 3065 ut
399 3006 485 3065 iuxta
512 3007 732 3084 promissiones
746 3005 894 3066 ,Christus
918 3005 1002 3067 exhi·

77 3088 213 3150 berelur.

162 3168 242 3232 Nam
265 3188 333 3230 cum
355 3168 471 3249 duplex
493 3172 532 3230 sit
553 3170 736 3249 gubernatio
760 3169 904 3231 divinitus
927 3188 999 3231 con-

78 3255 197 3332 stituta,
220 3253 403 3314 etomnibus
426 3253 614 3333 temporibus
626 3260 808 3314 conservata
819 3255 849 3313 in
873 3253 999 3332 mundo,

78 3337 176 3398 altera
197 3336 325 3417 politica
347 3355 403 3417 per
426 3339 621 3416 magistratus
644 3343 674 3396 et
690 3342 874 3417 potestatem
898 3336 1000 3416 gladii,

77 3439 138 3500 qua
163 3419 324 3501 disciplina
346 3438 464 3480 morum
486 3421 626 3499 regitur,
648 3427 680 3480 ut
702 3427 901 3483 conservetur
922 3426 1001 3480 trau-

76 3504 214 3584 quillitas
237 3503 378 3583 publica,
402 3507 433 3563 et
453 3504 563 3583 poenis
585 3511 785 3565 coerceantur
817 3502 947 3582 improbi
971 3508 1000 3562 et

76 3593 251 3665 nocentes,
274 3586 371 3646 altera
392 3586 544 3647 ecclesiae
566 3605 621 3666 per
641 3587 842 3647 ministerium
866 3585 997 3646 docendi

78 3671 162 3730 verbi
186 3670 258 3750 Dei,
281 3688 341 3750 quo
366 3670 448 3731 Deus
470 3671 549 3750 regit
570 3669 665 3731 corda
687 3670 865 3747 hominum,
894 3674 926 3729 et
946 3687 1001 3749 per

78 3753 160 3832 quod
186 3753 260 3832 dato
283 3753 393 3832 Spiritu
417 3762 524 3814 sancto
550 3752 643 3813 efficit
664 3756 693 3812 in
718 3755 761 3813 eis
784 3771 888 3812 verum
912 3754 1000 3815 timo·
