2348 4162
371 264 461 319 amieo
480 260 589 318 auidam
607 262 808 333 praescriptae.
984 259 1045 328 387
1110 265 1113 269 ’

121 431 279 493 fortissimi
300 432 393 494 animi
415 433 539 514 virago,
571 434 627 495 lraa
651 452 758 495 omnen
781 432 864 495 eiieit
894 450 912 493 e
943 430 1047 514 eorde,

123 506 363 577 erconbertum
385 515 512 578 firmiter
533 517 649 596 statuit,
671 517 788 578 seilicet
800 516 912 578 aelate
933 517 963 576 in
977 534 1048 598 gra·

122 596 210 676 tia1)
234 603 267 659 et
287 596 523 680 exaudiendam,
547 607 578 660 et
600 606 707 661 eontra
721 618 807 681 apem
830 600 862 660 iu
885 617 1050 679 apernere·

123 679 167 740 dit
201 679 320 743 dicens:
354 682 484 744 Etiamsi
505 683 563 743 eim
585 683 708 763 gentilia
733 689 763 743 et
785 680 928 744 omnibus
950 679 1049 743 modIe

121 763 261 846 indigna,
283 783 345 826 non
369 771 472 827 tamen
495 766 568 826 volo
591 765 714 847 gentilia
743 784 826 845 eaae,
860 771 892 827 et
913 766 978 826 eain
999 783 1051 826 me

123 847 355 990 nenbgentilem
377 847 483 910 haberi
506 854 565 911 ete.
608 848 670 910 Ista
693 854 740 911 eat
760 850 859 930 prima
879 847 1049 910 luetaaatia

122 948 195 991 aeer
217 949 246 992 a.

207 1012 346 1093 Sequana
369 1020 417 1076 eat
436 1013 588 1096 aeerbi0r‚
611 1033 680 1075 eum
702 1014 877 1096 petentibus
893 1012 1049 1093 discipulis

122 1095 278 1177 perdurat,
299 1098 361 1159 imo
377 1115 500 1178 negare
522 1117 555 1157 ee
577 1098 712 1158 ostendit
731 1096 872 1178 gratiam,
895 1097 988 1178 plane
1003 1116 1048 1157 ee

121 1198 237 1259 paraus
259 1185 290 1240 et
311 1177 489 1241 dieeerueue
517 1198 584 1241 eam
613 1201 632 1242 a
654 1180 780 1262 perditis
811 1181 919 1242 ovibus
940 1178 1047 1242 Israel.
1086 1200 1089 1206 ’

124 1261 201 1338 Quia
222 1262 284 1324 boe
304 1262 432 1346 fulmen,
464 1263 546 1323 huna
566 1264 659 1324 iatum
681 1264 790 1345 ferret,
824 1264 943 1325 etiamsi
965 1271 1050 1324 eeeet

122 1344 207 1405 lilius
229 1345 347 1408 lsrael?
389 1345 544 1407 Horribile
566 1353 613 1406 eat
634 1346 731 1407 audiri
744 1345 777 1424 ²)
800 1363 940 1413 eausam
956 1364 1049 1426 nega-

122 1435 175 1489 tae
196 1430 313 1509 gratiam
344 1436 377 1490 et
409 1448 472 1490 non
502 1429 665 1490 exauditae
694 1431 808 1509 praeis,
847 1429 965 1490 eeilieet
986 1448 1049 1490 non
1119 1436 1122 1441 '

124 1530 195 1573 enee
217 1511 256 1572 de
278 1511 386 1573 ovibus
409 1511 514 1590 Israel,
536 1530 594 1572 nee
615 1511 654 1572 ad
670 1531 739 1573 eam
761 1511 811 1572 vel
832 1518 959 1592 propter
979 1531 1047 1573 eam
1140 1528 1143 1535 ·

124 1595 247 1656 venisse
270 1594 431 1658 Christum.
474 1594 560 1655 Haeo
588 1600 635 1655 eat
663 1594 817 1657 horribilia
839 1596 1048 1656 exeommuni-

124 1678 207 1739 eatie
230 1684 261 1739 et
281 1677 482 1739 intolerabilia
503 1679 562 1738 nisi
584 1677 755 1738 fortissimis
778 1678 809 1737 in
831 1676 902 1740 lide.

129 1790 132 1795 ·
206 1760 342 1822 Tertium
371 1769 417 1822 eet
439 1761 687 1841 acerbissimum,
718 1760 769 1820 ubi
795 1762 927 1840 ipsamet
948 1761 1047 1840 proei-

127 1844 203 1905 dena
225 1850 258 1905 et
278 1862 370 1905 erana
393 1863 455 1905 uon
478 1843 578 1905 solum
591 1862 654 1905 non
684 1843 805 1904 auditur
827 1861 886 1904 nee
904 1844 1049 1924 reeipitur

122 1928 204 1988 inter
224 1946 310 2007 eree,
332 1927 386 1988 aed
410 1933 517 2008 aperta
538 1928 691 1988 sententia
712 1926 874 1989 damnatur
902 1934 933 1988 et
964 1928 1048 1987 eania

123 2010 307 2091 appellatur,
328 2010 379 2072 ubi
392 2009 443 2070 alii
465 2016 614 2071 voeantur
634 2008 699 2075 lilii.
742 2008 769 2073 0
791 2028 900 2072 nauem
920 2009 1048 2071 iudicari

123 2095 203 2154 iuter
225 2093 317 2173 filma,
338 2092 400 2154 hoe
421 2111 482 2154 uon
506 2101 552 2154 eet
573 2093 679 2155 haberi
701 2095 781 2155 inter
797 2111 905 2156 aervoe
929 2093 1049 2173 saltem,

124 2176 179 2237 aed
194 2177 380 2258 -simplieiter
399 2176 438 2238 ab
459 2177 648 2238 haereditate
671 2184 796 2239 aeterna
817 2176 948 2238 filiorum
963 2195 1048 2257 prae

125 2259 194 2324 aidi.
239 2259 300 2321 Sed
330 2265 434 2320 tamen
466 2262 635 2341 perrumpit
655 2261 702 2321 via
729 2259 801 2321 fidei
828 2260 907 2321 haee
934 2261 1048 2337 omnia,
1088 2304 1091 2311 -

125 2344 178 2404 aed
200 2344 232 2403 in
254 2344 361 2424 paueia
384 2349 414 2403 et
435 2345 521 2404 raris.
564 2343 643 2404 Nam
666 2350 698 2403 et
719 2341 935 2423 ipanlrrietua
956 2343 1047 2402 mira·
1070 2398 1074 2403 .

106 2434 172 2486 tur
194 2426 276 2489 hane
295 2425 405 2513 fldem,
438 2427 481 2486 ita
513 2434 545 2485 ut
578 2426 733 2487 exclamet
764 2428 855 2487 etiam
878 2423 1047 2485 dieene:0
1130 2468 1133 2473 -

124 2510 242 2589 mulier,
266 2528 380 2590 magna
402 2515 450 2570 eat
469 2508 547 2569 fldea
575 2515 627 2570 tua
650 2514 709 2572 ete.
752 2507 826 2569 Ideo
850 2514 880 2569 et
901 2509 1048 2588 impetrat

125 2610 205 2671 quae
227 2591 340 2674 voluit3
362 2593 407 2653 eie
429 2598 460 2652 et
482 2611 539 2654 noe
554 2593 715 2655 iaeiamua.
822 2649 825 2653 .

293 2758 500 2820 Dominitra
521 2757 644 2819 Oeuli
671 2756 772 2817 Lueae
793 2752 883 2838 XF).
982 2728 986 2735 Ι

179 2923 240 2984 -Et
257 2929 322 2984 erat
333 2924 458 2984 eliciens
469 2923 676 3002 daemonium,
697 2929 729 2984 et
748 2921 823 2983 illud
842 2929 907 2984 erat
918 2926 1067 2999 mutum..
1127 2924 1129 2929 '

124 3004 173 3067 ut
185 3024 260 3067 eum>
278 3007 420 3068 eieeieaei
434 3006 640 3086 daemonium,
663 3006 784 3067 loeutus
806 3012 853 3067 eat
874 3012 985 3070 mutue.
1008 3006 1054 3077 Et¹

125 3089 295 3151 admiratae
316 3096 387 3151 eunt
407 3087 524 3153 turbae.
568 3088 700 3164 Quidam
718 3095 819 3150 autem
843 3108 883 3150 ex
905 3090 948 3150 eia
965 3088 1048 3150 dixe-

124 3179 212 3234 runt:
252 3172 288 3236 In
311 3172 500 3253 Beelzebub,
522 3174 661 3255 principe
682 3172 930 3252 daemoniorum,
968 3174 1049 3234 eiieit

124 3256 291 3319 daemonia
302 3255 343 3338 ⁴).
392 3256 433 3317 Et
463 3257 514 3318 alii
536 3261 689 3318 tentantes
720 3257 840 3336 siguum
879 3255 917 3318 de
959 3255 1048 3318 eaelo

196 3475 229 3545 1)
248 3476 280 3531 Iu
297 3475 341 3532 ed.
358 3475 443 3546 orig.=
470 3478 499 3530 in
517 3474 645 3545 gratiam.
682 3474 711 3542 2)
732 3473 762 3528 ln
781 3472 825 3530 ed.
845 3474 913 3529 len:
942 3471 1050 3530 audire.

124 3549 157 3613 3)
179 3546 258 3603 Haea
277 3547 459 3604 eeneiuneula
476 3547 505 3601 in
523 3546 568 3603 ad.
588 3546 658 3615 orig.
676 3545 823 3600 interserta
842 3549 885 3600 eat
902 3542 1049 3600 intereen-
1161 3584 1165 3591 .

124 3618 281 3676 aiuneulam
299 3619 445 3674 Dominiea
462 3618 567 3673 XXIIII
591 3623 657 3688 poet
673 3616 817 3672 Triuitatia
837 3622 865 3671 et
884 3616 1049 3677 eoneiuneu·

122 3690 180 3745 lam
198 3690 441 3758 DominIeaQuaai
458 3690 541 3747 modo
561 3689 655 3760 geniti.
691 3691 720 3758 4)
740 3690 771 3742 In
790 3687 834 3743 ed.
853 3687 923 3759 orig.
943 3687 1050 3757 reliqua
1163 3756 1166 3763 Ι

124 3763 270 3834 Evangelii
288 3779 344 3818 non
358 3764 519 3829 redduntur,
538 3760 584 3817 hie
598 3760 715 3831 repetita
733 3766 797 3816 aunt
815 3775 849 3816 ex
873 3761 917 3816 ed.
937 3762 992 3816 len.

775 3831 839 3899 25*
