2348 4162
115 306 119 313 Ι
309 230 399 287 amieo
420 229 530 287 auidam
546 231 745 302 praesariptea.
926 230 989 295 401

66 401 139 463 lieet
161 402 310 479 institutio
338 402 407 482 ipsa
428 406 459 462 et
480 421 529 463 res
551 404 705 483 instituta,
739 407 809 462 sunt
830 400 992 482 diligenter

67 484 237 566 eogitands
269 493 301 547 et
330 485 518 566 opponenda
551 493 660 547 eontra
692 485 885 567 tyrannidem
914 486 990 546 anti·

67 567 195 639 ohrieti„
233 567 312 644 Quid
334 569 415 629 enim
439 569 536 649 magis
558 575 752 650 potestesse
775 575 883 629 eontra
906 568 992 630 chri-

67 657 158 733 stum,
180 671 273 731 quam
295 651 377 732 quod
408 652 476 733 ipse
508 671 563 733 pro
587 653 768 714 remissione
791 654 990 732 peoeetorum

67 736 212 814 instituit,
238 735 282 796 illi
305 741 414 797 eontra
441 737 654 797 remissionem
679 741 710 796 et
731 753 788 816 pro
810 744 990 815 augmenta·

67 819 152 879 tione
173 824 371 899 peooetorum
393 816 651 900 interpretentur?
694 817 809 881 Contra
830 817 881 880 ubi
905 818 991 897 Chri·

66 907 130 961 stus
167 903 288 963 retineri
322 908 452 984 peooata
485 901 588 982 iubet,
621 902 738 963 seilicet
772 920 852 981 quae
883 910 992 962 eontra

67 984 166 1046 Deum
189 984 266 1045 liunt
289 984 327 1046 ab
349 986 620 1065 impoenitentibus
643 992 674 1046 et
695 984 853 1064 induratis,
875 985 924 1044 isti
945 1004 992 1044 re-

67 1069 208 1149 mittunt,
231 1069 302 1148 quia
324 1087 385 1129 non
407 1071 550 1150 puniunt,
573 1068 628 1130 sed
648 1069 801 1129 laetantur
821 1069 852 1128 in
876 1068 939 1145 eis,
962 1074 993 1127 et

67 1152 174 1211 vivunt
205 1152 452 1216 lieentiosissime
488 1153 518 1212 in
553 1153 636 1213 omni
669 1171 785 1232 genere
818 1149 992 1232 superbiae,
1071 1158 1074 1163 ’

70 1234 230 1314 avaritiae,
250 1234 393 1312 libidinis,
416 1235 531 1314 caedis,
554 1235 775 1316 blasphemiae,
797 1241 929 1316 negatae
943 1253 991 1294 ve·

65 1318 175 1396 ritatis,
198 1317 252 1380 sed
276 1318 344 1398 quis
366 1319 426 1379 ista
446 1320 520 1378 setis
543 1319 732 1398 exaggeret?

149 1401 286 1463 Tertium
307 1420 469 1482 personas,
492 1402 600 1481 quibus
623 1402 701 1462 haee
721 1402 871 1463 institutio
894 1400 937 1480 lit,
961 1407 992 1461 et
1100 1428 1109 1441 r

66 1476 176 1563 quibus
198 1504 247 1546 res
268 1485 329 1545 ista
350 1485 535 1566 praestando
557 1491 613 1563 est,
636 1487 687 1564 qui
710 1491 876 1565 tanguntur
896 1482 991 1544 verbo

26 1628 37 1647 ί
67 1566 134 1646 Dei,
157 1566 304 1646 Quorum,
319 1568 445 1647 soilioet,
460 1587 589 1648 quorum
605 1574 744 1647 peeeeta,
762 1568 848 1646 quasi
861 1566 990 1627 dieeret:
1107 1562 1111 1569 ’

65 1647 136 1713 Non
164 1651 253 1712 trado
275 1648 363 1712 vobis
386 1652 571 1727 dominium,
594 1650 647 1711 sed
676 1652 892 1727 ministerium,
921 1651 993 1728 quia

65 1735 225 1795 committo
248 1733 336 1796 vobis
373 1754 436 1796 non
458 1753 565 1816 reges,
602 1753 713 1814 regne,
743 1753 838 1814 opes,
866 1732 991 1812 glorias,
1045 1764 1049 1771 ·
1105 1804 1108 1809 Ι
1140 1770 1143 1775 -

65 1816 120 1901 sed
142 1824 274 1898 peooata
307 1823 338 1878 et
360 1825 555 1898 peccatores,
590 1816 727 1892 Quorum
751 1823 899 1898 peecata,
931 1815 992 1875 hoe

65 1907 120 1981 est,
145 1899 177 1960 si
200 1909 381 1982 peccatores
408 1908 516 1983 petant
543 1920 599 1961 sua
625 1908 754 1981 peecata
787 1901 913 1978 remitti,
941 1899 992 1958 hio

64 1982 177 2045 hebete
199 1990 384 2066 potestatem
407 1983 580 2046 remittendi
609 1985 663 2046 eis.
718 1981 777 2059 Qui
799 2002 861 2044 non
883 1985 992 2064 petunt
1090 2052 1093 2057 ,

64 2085 123 2128 nee
141 2065 263 2148 solunt,
295 2067 346 2128 hio
372 2066 484 2129 habete
512 2073 698 2148 potestatem
727 2067 896 2145 retinendi,
929 2084 991 2125 non

65 2168 159 2232 opes,
189 2169 250 2212 non
273 2169 383 2231 regna,
413 2171 475 2213 non
499 2152 629 2232 glorias,
658 2152 713 2211 sed
743 2158 889 2231 peeoata,
920 2150 992 2228 quia

65 2234 221 2296 ministros
243 2252 299 2295 vos
322 2254 391 2296 esse
413 2235 487 2296 volo
509 2236 596 2315 regni
619 2235 788 2310 coelorum,
810 2252 873 2294 non
895 2238 989 2292 terra-

64 2336 140 2380 rum.
161 2317 248 2389 ,loeo
272 2336 341 2379 oum
364 2320 499 2399 peeeatis
523 2318 780 2398 etpeoeatoribus
804 2319 842 2377 sit
854 2322 989 2376 restrum

64 2401 233 2481 negotium,
255 2402 319 2463 sive
331 2402 392 2462 sint
406 2403 460 2481 vir,
481 2403 547 2462 sive
559 2401 676 2476 mulier,
701 2399 853 2479 dominus,
873 2412 990 2479 servus,

48 2488 182 2545 'tentum
203 2493 332 2565 peruste
355 2486 443 2547 vobis
466 2486 625 2545 oommitto
646 2484 692 2544 his
716 2482 872 2562 clavibus,
902 2500 988 2562 prae·
1105 2504 1108 2511 ¹

65 2574 149 2628 terea
171 2568 244 2628 nihil
254 2566 298 2648 1).

95 2670 98 2675 ·
148 2651 189 2713 nt
220 2651 282 2711 hoe
314 2651 436 2712 tertium
469 2648 631 2731 magnifiee
670 2647 910 2729 praedicandum
945 2653 991 2708 est

65 2741 193 2814 propter
203 2740 383 2816 peccatores
396 2735 535 2814 miseros,
551 2740 584 2794 ut
605 2733 702 2793 seiaut
716 2752 784 2792 sese
796 2738 827 2792 et
848 2751 904 2791 sua
921 2750 988 2812 pea-

67 2824 136 2879 eata
159 2837 228 2879 esse
255 2836 377 2878 oausam
401 2816 524 2878 finalem
544 2817 633 2878 huius
662 2816 863 2877 institutionis
894 2823 925 2874 et
945 2814 989 2874 rei

66 2902 233 2969 institutae.
292 2901 371 2977 Quia
399 2900 536 2962 Christus
565 2918 628 2961 non
662 2900 791 2960 instituit
809 2898 898 2965 ¹hano
925 2917 990 2958 rem
1106 2932 1109 2937 ·

66 2991 193 3066 propter
223 2986 308 3065 ipsos
330 2985 502 3064 ministros,
538 2985 671 3064 quinon
704 2983 858 3063 indigent,
894 2981 990 3042 multo

67 3071 183 3148 minus,
212 3075 244 3128 ut
267 3067 479 3147 dominentur,
508 3066 561 3128 sed
584 3073 709 3147 propter
730 3073 931 3146 peoeatores,
958 3071 991 3125 nt

66 3152 125 3233 ipsi
148 3151 394 3213 consolationem
406 3151 540 3212 habeant
563 3153 592 3211 in
616 3151 675 3225 hae
696 3150 896 3228 institutione,
918 3148 992 3209 lieet

66 3236 216 3316 ministri,
249 3236 279 3295 in
303 3241 450 3314 quantum
472 3234 633 3313 homines,
662 3235 752 3295 etiem
778 3232 938 3313 indigeant
959 3238 991 3291 ut

65 3327 258 3400 peeoatores.
301 3317 362 3380 Sed
383 3319 456 3398 quia
477 3319 613 3379 minister
634 3316 723 3379 huius
744 3316 942 3379 institutionis
957 3334 991 3374 se
1045 3405 1049 3413 .
1160 3370 1165 3377 .

124 3623 169 3691 l)
188 3623 220 3677 In
239 3608 282 3678 sd.
303 3621 431 3693 originali
449 3618 519 3676 haee
542 3616 583 3676 sio
599 3616 760 3674 traduntur:
785 3620 904 3675 Tantum
923 3634 987 3689 peu·

67 3694 223 3824 pppuepolppp
241 3695 390 3821 pppmitto
410 3691 647 3789 praetereanihi13
665 3696 763 3791 nostra
771 3690 854 3746 leotio
868 3691 988 3760 repetite
1088 3700 1091 3705 ’

77 3870 171 3912 neuneu
187 3879 239 3919 opp.
254 3870 280 3911 v.
297 3871 325 3915 s.
339 3871 367 3910 au
396 3870 439 3913 rof,
457 3869 510 3908 urst.
522 3869 537 3909 ι,
552 3879 573 3919 p.
591 3869 641 3909 voi.
657 3868 704 3909 vu.
802 3839 843 3901 26
