2348 4162
277 258 316 317 ad
333 259 368 316 D.
384 260 528 317 Erasmus]
546 256 772 315 Rotcrodarnum.
926 252 987 321 265

65 433 133 494 sine
156 429 333 512 scripturis,
353 431 419 491 sine
438 429 591 490 miraculis
611 429 823 510 pronunciare,
844 428 906 490 imo
930 428 987 488 cla·

64 516 188 577 tissima
209 513 305 575 verba
325 514 382 593 Dei
405 512 597 595 depravare?
639 511 709 574 Non
732 531 771 572 ex
794 511 868 573 licat
878 510 989 573 Paulus

66 599 279 680 quaestionem
301 598 408 658 illam?
443 597 513 677 quid
537 603 599 656 tum
622 595 720 656 facit?
788 595 909 674 biurgat
932 594 989 655 dis-

64 688 226 764 putantem
252 678 402 762 (inquit):
431 682 478 741 An
502 700 565 741 nou
589 686 636 740 est
657 680 715 740 ista
739 677 911 757 obiurgatio
934 678 988 739 ab·

67 764 258 827 solutissima
281 763 468 845 explicatio?
511 762 591 839 Quid
613 764 693 824 enim
717 762 920 841 quaerebatur
932 763 991 823 ista

66 849 250 930 quaestions
280 847 319 908 ds
341 847 499 909 voluntate
520 843 603 908 Dei?
635 846 746 907 Nonne
768 845 844 922 hoc,
877 866 915 927 an
940 866 988 905 ue-

65 933 243 995 cessitatem
276 932 450 1012 imponeret
487 937 611 990 nostrae
640 929 809 990 voluntati?
851 929 894 989 At
914 929 989 991 Pau·

65 1016 112 1077 lus
122 1013 161 1091 *)
186 1014 364 1096 respondet,
377 1013 459 1094 qued
471 1015 524 1089 sic,
548 1013 642 1074 Cuius
654 1013 719 1073 vult
734 1013 894 1074 miseretur
908 1010 990 1092 (ait),

38 1165 41 1171 ,
66 1117 156 1179 quem
180 1097 245 1159 vult
265 1097 397 1172 indurat,
419 1103 541 1158 nonest
563 1096 695 1157 volentis
708 1115 809 1176 neque
832 1096 990 1175 currentis,

66 1182 119 1244 sed
143 1182 315 1242 miserentis
337 1181 404 1246 Dei.
448 1179 515 1243 Nec
537 1187 698 1241 contentus
721 1179 910 1261 explicasse,
947 1180 990 1240 in·

66 1285 158 1347 super
178 1263 265 1340 illos,
300 1266 350 1344 qui
383 1283 438 1344 pro
473 1263 570 1324 libero
593 1263 717 1325 arbitrio
740 1262 888 1324 adversus
910 1263 991 1323 hano

68 1349 307 1430 explicationem
330 1353 533 1423 murmurant,
556 1353 587 1406 et
609 1349 716 1407 merita
737 1346 821 1408 nulla
852 1367 920 1407 esse
960 1353 991 1407 et

66 1452 127 1493 uon
142 1436 258 1493 -nostra
280 1430 370 1511 culpa
393 1450 449 1493 nos
473 1430 612 1490 damnari
640 1449 678 1490 ac
709 1429 822 1490 similia
843 1431 990 1511 garriunt,

66 1514 198 1596 inducit,
226 1521 259 1574 ut
281 1534 433 1575 murmura
463 1534 569 1575 eorum
592 1520 623 1573 et
644 1512 885 1593 indignationem
910 1531 990 1573 com·

67 1605 177 1680 pascat
200 1595 318 1659 dicens:
342 1640 349 1669 ,

147 1681 233 1743 Dicis
246 1681 350 1760 itaque
366 1680 449 1757 mihi,
472 1678 550 1755 Quid
563 1678 663 1739 adhue
675 1678 830 1758 queritur?
874 1678 990 1739 Volun-

70 1765 123 1825 tati
146 1765 213 1825 eius
246 1765 313 1844 quis
335 1763 477 1824 resistet?
520 1761 615 1823 Vides
638 1762 901 1842 prosopopeiam?
943 1761 990 1824 Illi

66 1847 182 1922 audito,
205 1847 288 1927 quod
313 1847 456 1908 voluntas
478 1846 534 1906 Dei
556 1845 645 1925 nobis
667 1847 883 1906 necessitatem
905 1844 990 1905 indu-

66 1928 115 2007 cit,
138 1930 390 2011 blasphemantes
413 1935 600 1990 murmurant
622 1933 653 1989 et
675 1929 793 1990 dicunt:
837 1927 917 2004 Quid
940 1928 990 1990 ad·
1032 1952 1035 1957 ·

65 2014 124 2076 huc
153 2013 310 2096 queritur?
343 2013 405 2074 hoc
437 2020 498 2076 est:
542 2012 603 2073 Cur
624 2012 707 2072 Deus
735 2013 779 2072 sic
800 2013 908 2091 instat,
947 2013 1003 2072 sic·

66 2103 165 2179 urget,
189 2098 235 2157 sic
256 2097 361 2178 exigit,
385 2099 430 2157 sio
454 2096 609 2176 queritur?
643 2095 714 2175 quid
739 2096 885 2156 accusat?
919 2094 990 2175 quid

64 2180 187 2263 arguit?
221 2181 307 2261 quasi
342 2199 399 2240 uos
433 2179 574 2240 homiues
596 2181 766 2258 possimus,
801 2180 826 2239 si
850 2178 990 2255 velimus,

66 2262 150 2344 quod
182 2263 287 2344 exigit.
329 2263 400 2324 Non
433 2262 526 2324 habet
552 2263 662 2322 iustam
694 2281 819 2323 causam
847 2262 990 2340 querelae

67 2348 167 2425 istius,
190 2365 276 2407 suam
301 2346 488 2408 voluntatem
502 2345 606 2426 potius
621 2352 756 2423 accuset,
777 2345 818 2407 ibi
837 2352 990 2425 queratur,
1110 2401 1113 2407 .

65 2429 106 2492 ibi
128 2436 247 2511 urgeat.
293 2429 368 2506 Quis
382 2430 462 2490 enim
486 2428 636 2489 voluntati
659 2429 724 2498 eius
747 2429 892 2489 resistat?
915 2428 989 2504 Quis

66 2511 307 2575 misericordiam
321 2512 466 2594 obtineat,
490 2510 540 2572 ubi
552 2511 704 2573 noluerit?
747 2510 821 2586 Quis
844 2510 989 2590 liquefiat,

67 2598 99 2663 si¹
113 2596 259 2657 indurare
281 2596 431 2657 voluerit?
473 2593 542 2655 Nou
565 2595 663 2654 estin
687 2613 778 2654 mauu
801 2600 907 2655 nostra
925 2595 990 2655 eius
1065 2612 1075 2631 ·

65 2680 257 2742 voluntatem
281 2685 408 2760 mutare,
431 2678 527 2739 multo
551 2678 649 2738 minus
666 2678 818 2756 resistere,
841 2696 989 2757 quaenos

66 2764 131 2824 vult
151 2761 323 2845 induratos,
346 2781 407 2842 qua
429 2762 587 2822 voluntate
601 2762 740 2842 cogimur
762 2778 831 2821 esse
847 2759 990 2841 indurati,

66 2846 198 2908 velimus
221 2845 364 2907 nolimus.

148 2928 180 2991 si
208 2929 320 2990 Paulus
356 2947 420 2989 non
453 2927 622 3008 explicaret
655 2927 736 2988 hanc
768 2927 990 3008 quaestionem,

65 3018 204 3074 autnon
226 3019 310 3073 certo
333 3010 502 3088 definierat,
525 3011 740 3073 necessitatem
761 3009 851 3074 nobis
873 3009 990 3091 imponi

64 3095 271 3177 praescientia
300 3094 421 3175 divina,
457 3093 528 3173 quid
552 3112 630 3173 opus
653 3105 732 3175 erat,
771 3100 804 3155 ut
832 3092 992 3155 induceret

64 3183 289 3240 murmurantes
312 3184 342 3239 et
363 3183 535 3254 causantes,
559 3177 708 3239 voluntati
733 3179 797 3238 eius
819 3196 881 3239 uon
897 3195 990 3256 posse

64 3261 190 3327 resisti?
233 3260 309 3337 Quis
337 3262 417 3322 enim
450 3267 650 3322 murmuraret
682 3263 735 3322 aut
771 3259 989 3339 indignaretur,

66 3348 91 3405 si
114 3364 178 3407 non
203 3346 329 3405 sentiret
363 3343 481 3405 deliniri
505 3345 717 3405 necessitatem
741 3341 845 3423 illam?
888 3342 990 3403 Verba

65 3448 128 3491 non
151 3434 222 3488 sunt
244 3427 390 3506 obscura,
425 3424 533 3508 quibus
566 3427 604 3488 de
638 3424 810 3488 resistendo
841 3425 990 3486 voluntati
1069 3477 1073 3483 .

65 3511 123 3573 Dei
146 3511 295 3591 loquitur,
325 3530 364 3571 au
387 3510 562 3592 ambiguum
586 3515 648 3590 est,
681 3510 751 3590 quid
776 3510 814 3570 sit
836 3509 990 3586 resistere,

139 3780 168 3846 *)
187 3777 268 3835 Rom.
287 3779 313 3837 9.
