2348 4162
198 246 262 313 230
446 245 489 301 De
508 261 591 301 servo
611 243 726 300 arbitrio
745 244 780 299 Ι).
798 243 833 299 ll.
851 244 879 301 t.

195 417 287 493 bona,
310 417 368 476 nisi
392 415 500 476 eadem
523 415 617 477 verba
638 414 720 495 apud
742 420 773 475 ta
795 414 885 475 simul
906 420 938 477 et
959 413 1071 476 ardent
1091 419 1123 476 et

195 501 316 581 frigent,
340 499 409 559 dum
433 499 522 559 simul
545 499 801 560 omniaasserunt
824 505 855 559 et
877 498 1122 578 omnianegant.

196 584 235 645 m
258 584 364 658 miror,
391 582 463 661 quid
486 581 647 643 delectarit
668 588 806 644 autorem
829 583 920 643 toties
943 580 1053 642 eadem
1076 599 1122 641 re·

195 673 310 748 petere,
332 667 541 727 immemorem
564 671 713 745 perpetuo
735 666 862 725 instituti
885 665 942 742 aui,
964 664 1025 724 nisi
1041 664 1122 724 torte

196 748 337 811 diffidens
360 768 473 810 causae
500 748 710 830 magnitudine
738 747 806 808 libri
834 747 965 809 voluerit
986 748 1122 823 vincere,

195 839 249 895 aut
271 831 373 894 taedio
403 836 434 891 et
466 832 608 893 molestia
631 832 772 892 lectionis
810 831 1021 901 adversarium¹
1054 830 1122 891 lati·

194 935 277 997 gare.
302 915 370 991 Qua
392 917 621 995 consequentia,
643 933 731 994 rogo,
754 914 817 992 fiat,
839 920 873 974 ut
893 933 968 975 mox
981 912 1123 974 volunta·

196 1008 257 1060 tem
280 1004 311 1059 et
332 998 500 1078 potentiam
524 998 634 1059 adesse
656 1003 813 1077 oporteat,
848 999 970 1076 quotics
993 995 1121 1057 dicitur:

196 1081 227 1144 si
249 1082 306 1159 vis,
329 1080 360 1141 Si
383 1083 450 1160 quis
472 1082 547 1160 vult,
570 1081 600 1143 Si
624 1080 781 1142 volueris?
807 1082 919 1142 Nonne
940 1079 1122 1158 frequentia·

195 1165 271 1225 sime
292 1165 504 1243 impotentiam
525 1166 626 1245 potius
653 1170 684 1224 et
705 1164 983 1244 impossibilitatem
1005 1161 1122 1243 signiti-

195 1266 300 1309 camus
322 1246 433 1307 talibus
463 1247 678 1308 sermonibus?
712 1253 762 1307 ut:
796 1247 828 1309 Si
850 1246 1009 1325 Virgilium
1031 1245 1122 1307 voles

195 1348 329 1409 aequare
350 1331 508 1411 canendo,
525 1332 564 1390 mi
587 1331 698 1410 Mami,
721 1330 783 1392 alia
804 1336 910 1391 cantes
932 1332 1075 1410 oportet3
1096 1328 1123 1389 ai

196 1413 378 1474 Ciceronem
402 1433 550 1494 superare
571 1415 670 1492 voles,
692 1412 795 1492 Scotc,
818 1432 873 1494 pro
896 1412 1021 1492 argutiis
1038 1430 1122 1472 sum·

196 1515 278 1556 mam
310 1504 433 1576 oportet
461 1497 667 1577 eloquentiam
690 1495 825 1575 habeas3
858 1497 884 1556 si
906 1514 975 1555 cum
999 1494 1124 1556 Davide

196 1581 368 1659 comparari
390 1580 492 1658 volas,
517 1580 631 1641 similes
652 1580 793 1645 Psalmos
815 1579 890 1641 edas
912 1596 1043 1639 necesse
1065 1586 1123 1641 cst.

194 1662 253 1723 Hic
274 1662 367 1742 plane
387 1663 597 1743 significantur
617 1662 821 1742 impossibilia
841 1660 955 1723 viribus
976 1660 1123 1741 propriis,

194 1745 269 1806 licet
291 1745 394 1806 divina
417 1748 526 1808 virtute
548 1748 652 1807 omnia
674 1745 739 1805 fieri
760 1746 890 1825 possint.
913 1743 964 1807 Sic
981 1742 1078 1805 habet
1091 1749 1125 1805 et

195 1829 226 1888 in
239 1826 402 1908 Scripturis
424 1849 483 1909 res,
507 1835 548 1908 ut,
573 1828 644 1909 quid
674 1830 786 1889 virtute
807 1828 865 1889 Dei
885 1827 917 1889 in
943 1826 1034 1888 nobis
1056 1825 1125 1887 llari

194 1911 308 1991 possit,
342 1911 467 1991 etquid
498 1930 560 1973 non
596 1912 749 1992 possimus
780 1931 855 1990 nos,
878 1908 989 1972 talibus
1018 1908 1125 1971 verbis

195 1993 382 2058 ostendatur.

277 2076 388 2155 Porro,
421 2078 446 2138 si
468 2077 542 2138 talia
563 2077 735 2138 dicerentur
757 2077 795 2138 de
815 2078 870 2157 iia,
893 2093 972 2155 quae
992 2094 1125 2156 prorsus

193 2158 394 2237 impossibilia
423 2166 492 2220 sunt
515 2160 614 2233 tactu,
644 2166 677 2221 ut
699 2179 777 2240 quae
799 2179 858 2222 nec
879 2160 962 2221 Deus
983 2177 1124 2239 uuquam

194 2247 277 2302 esset
298 2242 449 2322 facturus,
477 2249 541 2303 tum
564 2250 647 2304 recte
669 2242 842 2304 dicerentur
863 2243 914 2303 val
935 2240 1049 2322 frigida
1070 2242 1124 2303 vel

192 2323 330 2403 ridicula,
353 2331 387 2386 ut
408 2345 487 2405 quae
507 2327 618 2387 trustra
639 2326 819 2388 dicerentur.
862 2324 955 2389 Nunc
975 2343 1053 2386 vero
1076 2326 1125 2386 sio

192 2405 342 2484 dicuntur,
365 2415 480 2470 utnon
503 2410 602 2469 solum
627 2409 806 2471 ostendatur
827 2408 1010 2488 impotentia
1032 2406 1123 2469 libari

192 2489 317 2570 arbitrii,
338 2511 503 2572 perquam
526 2492 599 2552 nihil
623 2512 728 2553 eorum
751 2492 794 2572 lit,
817 2491 871 2552 sed
893 2490 982 2552 simul
1003 2490 1123 2571 signifi-

192 2578 278 2634 catur
299 2573 465 2653 aliquando
488 2576 554 2636 fore
576 2581 607 2636 et
627 2576 740 2636 factum
762 2577 798 2635 iri
823 2575 928 2635 omnia
945 2573 1037 2653 talia,
1070 2594 1123 2633 ve·

190 2676 255 2716 rum
279 2656 381 2717 aliena
403 2659 523 2737 virtute,
545 2678 657 2737 nempe
679 2657 792 2735 divina,
814 2659 840 2717 si
862 2657 987 2719 omnino
1010 2656 1123 2719 admit·

190 2744 305 2815 tamus,
336 2741 367 2801 in
391 2740 503 2801 talibus
538 2741 639 2802 verbis
660 2742 764 2802 inesse
786 2740 940 2820 quandam
962 2738 1122 2819 significa·

190 2823 304 2883 tionem
341 2823 552 2884 faciendorum
587 2831 617 2885 et
655 2823 857 2902 possibilium.
902 2823 949 2883 Ac
987 2823 1012 2882 si
1050 2824 1122 2902 quia

190 2905 235 2964 sio
278 2905 508 2988 interpretetur,
542 2905 573 2968 si
617 2908 751 2968 volueris
794 2924 919 2968 servare
960 2905 1122 2985 mandata,

188 2983 250 3047 hoo
272 2993 335 3064 est,
367 2989 393 3048 si
432 2990 620 3050 voluntatem
659 2988 825 3069 aliquando
862 2987 1002 3050 habueris
1045 2985 1122 3071 (lra-

189 3067 275 3130 babis
298 3077 398 3131 autem
421 3091 484 3133 non
509 3093 549 3133 ex
571 3079 619 3150 tc,
657 3074 711 3134 sed
740 3092 779 3132 ex
803 3073 885 3152 Deo,
919 3071 969 3151 qui
1003 3070 1123 3132 tribuet

190 3171 257 3213 eam
296 3154 344 3213 cui
379 3153 526 3239 voluerit)
565 3156 707 3216 servandi
746 3155 907 3233 mandata,
949 3154 1123 3217 servabunt

188 3241 220 3295 et
254 3236 322 3315 ipsa
356 3243 397 3299 te.
441 3239 506 3300 Aut
543 3247 575 3301 ut
607 3239 698 3299 latius
732 3238 848 3308 dicam,
888 3235 1031 3299 videntur
1064 3237 1123 3298 illa

188 3317 291 3396 verbs,
314 3323 493 3400 praesertim
517 3322 730 3399 coniunctiva,
759 3328 885 3402 propter
905 3318 1121 3400 praedestina·

188 3402 304 3462 tionem
327 3402 383 3464 Dei
407 3422 530 3482 quoque
557 3408 601 3468 sic
623 3407 714 3484 poni,
749 3411 784 3465 ut
802 3404 990 3483 incognitam
1014 3401 1122 3481 nobis,

186 3490 218 3544 et
238 3484 322 3545 illam
344 3486 520 3563 involvere,
547 3510 584 3551 ac
607 3490 631 3547 si
654 3488 714 3550 hoo
737 3488 832 3547 velint
853 3485 971 3547 dicare:
1003 3484 1038 3548 si
1060 3487 1120 3567 via,

186 3565 217 3627 Si
239 3567 392 3647 volueris,
414 3569 474 3631 hoc
496 3578 557 3654 est,
582 3574 607 3632 si
629 3571 698 3631 talis
721 3570 801 3650 apud
825 3570 922 3630 Deum
946 3568 1060 3651 fueris,
1082 3576 1122 3632 ut

187 3649 345 3711 voluntate
366 3651 425 3712 huc
447 3658 477 3713 te
501 3654 642 3735 dignetur
672 3652 813 3714 servandi
837 3657 1022 3734 praccepta,
1056 3670 1120 3713 ser·

187 3730 317 3798 vaberis.
341 3733 409 3809 Quo
428 3741 518 3818 tropo
540 3737 669 3816 intelligi
692 3736 780 3800 datur
801 3742 974 3817 utrumque,
995 3735 1120 3801 scilicet
