2348 4162
73 1057 279 1155 Formula
313 1054 470 1153 missae
515 1060 559 1152 ot
589 1049 892 1151 communionis
921 1080 1001 1172 pro

142 1199 149 1208 ·
232 1173 412 1269 ecelesia
441 1166 853 1304 Vuittomborgousi.

487 1357 593 1433 1523.

159 1583 326 1662 Lutherus,
348 1582 473 1663 saepius
495 1600 565 1643 oum
587 1582 626 1644 ab
648 1584 716 1646 aliis
738 1591 801 1646 tum
826 1605 844 1646 a
865 1583 998 1645 Nicolao

76 1668 290 1746 Housmauuo,
309 1665 575 1726 Zuiooavieusium
598 1667 663 1728 sire
682 1667 831 1750 Gygueae
853 1667 1004 1729 eeclesiae

76 1758 203 1832 pastore
224 1750 369 1832 primario
407 1748 659 1830 (episeopum
680 1751 833 1814 Lutberus
860 1770 930 1812 eum
951 1769 1004 1812 vo-

76 1833 152 1914 oat),
174 1839 311 1915 rogatus,
333 1840 366 1894 ut
387 1831 517 1894 formam
541 1832 687 1895 missaudi
711 1843 742 1896 et
758 1834 1004 1896 commuuioaudi

76 1923 265 1998 proponeret
298 1935 336 1977 ao
360 1913 598 1997 praescriberet,
636 1937 740 1980 mense
768 1917 896 1980 Octobri
933 1917 1004 1978 euni

76 2000 159 2067 1523
181 1999 341 2061 eonsilium
367 1999 450 2079 oepit
470 1997 517 2058 his
529 1998 671 2078 precibus
686 2020 723 2062 ae
744 2001 1003 2082 postulationibus

76 2082 269 2164 obsequendi
304 2080 360 2158 (of.
389 2081 513 2142 Lutheri
535 2080 614 2162 Epp.
637 2084 684 2149 ed.
708 2084 804 2147 Aurif.
846 2080 893 2163 H,
932 2084 1002 2149 133.
1098 2127 1102 2132 ›

63 2167 166 2234 toth.
207 2166 245 2228 de
274 2165 378 2228 Wette
398 2160 445 2246 11,
478 2166 548 2230 428.
580 2167 652 2231 429.
695 2165 905 2229 Seokeudorfli
926 2164 1004 2228 Hist.

78 2250 168 2312 Luth.
198 2252 224 2330 i,
261 2250 370 2324 5136.
404 2254 434 2308 et
460 2247 630 2310 Exordium
662 2252 757 2333 ipsius
796 2249 1007 2311 Formulae
1144 2295 1147 2300 .

80 2335 247 2412 Missae)
277 2340 308 2393 et
335 2350 441 2392 meuse
461 2330 629 2395 Novembri
657 2333 794 2395 eiusdem
828 2334 899 2395 anni
922 2352 1006 2393 eom·

79 2417 195 2498 posuit,
216 2434 322 2477 meuse
345 2413 509 2476 Decembri
544 2412 640 2478 edidit
658 2416 723 2501 (ei.
746 2416 832 2480 Loth.
855 2415 934 2497 Epp.
958 2414 1006 2478 ed.

80 2499 178 2565 Aurif.
201 2498 238 2580 11,
264 2500 348 2564 169¹).
379 2497 417 2559 de
439 2495 543 2561 Wette
562 2495 610 2580 Ii,
643 2502 721 2578 434)
758 2499 910 2579 libellum,
945 2518 1006 2578 quo

82 2584 196 2644 missae
218 2582 369 2646 rationem
391 2580 446 2662 'pro
461 2580 594 2643 eeclesia
605 2581 864 2663 Vittembargeusi
886 2581 1008 2643 ordina·

81 2668 134 2748 vit,
158 2666 299 2746 quamvis
327 2664 402 2726 uulli
429 2682 555 2745 prorsus
576 2665 809 2746 praeiudicans,
845 2685 885 2726 ue
915 2665 1007 2727 aliam

81 2749 227 2830 ampleoti
248 2749 298 2811 vel
319 2748 406 2829 sequi
428 2747 533 2809 lioeret
555 2748 609 2829 (of.
631 2749 799 2812 Exordium
821 2749 915 2831 ipsius
937 2748 1005 2811 libri

82 2840 114 2895 et
135 2831 216 2915 Eup.
239 2831 327 2898 Luth.
350 2830 398 2894 ed.
421 2829 460 2892 de
482 2831 586 2894 Wette
606 2831 646 2914 11,
668 2835 760 2911 436).

168 2917 259 2977 Anno
284 2917 363 2981 1523
391 2910 438 2975 bis
461 2913 560 2976 editus
588 2923 635 2978 est
656 2910 705 2979 hio
727 2912 804 2978 liber
825 2922 887 2977 taur
910 2915 1010 2977 forma
1127 2985 1129 2989 ,

83 3005 202 3081 quarta,
225 3018 317 3079 quam
339 3003 459 3077 octava,
481 3003 513 3059 et
533 3018 615 3060 auno
638 3006 786 3082 sequente
801 2999 912 3061 Paulus
935 2999 1009 3080 Spe·
1143 3038 1146 3045 -

83 3090 168 3144 ratus
191 3102 260 3143 euru
282 3085 312 3144 iu
335 3083 543 3163 germanicum
568 3085 721 3145 transtulit
742 3101 915 3144 sermonem
934 3083 1009 3143 su'is·

85 3175 144 3246 que
169 3165 325 3246 quondam
352 3164 543 3227 auditoribus
564 3163 789 3248 lglavieusibus
822 3167 853 3227 iu
876 3165 1009 3226 Moraris

83 3248 216 3311 Luthero
239 3256 365 3312 auotore
397 3248 588 3311 dedicatum'
613 3250 669 3326 (ef.
692 3249 823 3312 Walohii
844 3247 955 3315 iutrod.
978 3248 1010 3309 iu

83 3333 118 3398 Τ.
141 3331 179 3394 Χ.
202 3332 280 3414 opp.
302 3331 390 3395 Luth.
412 3353 442 3414 p.
466 3335 543 3413 137)
578 3333 634 3395 sub
666 3334 725 3395 hau
757 3332 957 3414 inscriptione
978 3332 1010 3393 iu
1124 3398 1128 3403 ,

84 3416 187 3477 lucem
212 3415 323 3477 edidit:
368 3414 433 3495 (dou
466 3418 551 3497 orote
571 3413 711 3497 birbtiid
745 3413 817 3493 uua
850 3433 889 3495 gu.
916 3415 1011 3495 butten

84 3502 141 3564 out
164 3508 235 3580 gout
248 3499 308 3579 tuo
331 3497 439 3566 dotted
461 3519 494 3581 tu
516 3499 610 3579 geben.
632 3498 787 3571 tiburtiuut
808 3496 919 3578 dutbet.
936 3496 1010 3564 toto

84 3579 423 3748 {fftsst33(bg.3.XmV.
469 3581 618 3663 (Sohdtze
639 3582 774 3665 Ungedr'.
801 3580 900 3644 Briaie
922 3579 1010 3646 Luto.
1082 3637 1084 3644 .

114 3780 207 3822 bothert
221 3791 273 3832 opp.
290 3782 316 3826 V.
330 3780 357 3823 A.
372 3780 400 3822 ad
414 3780 453 3823 ret.
472 3781 587 3832 latratu.
603 3779 652 3823 Vol.
667 3778 716 3824 vll.
826 3747 846 3815 1
