2340 4162
154 234 218 304 560
441 234 636 294 Praefatlonas
654 236 690 292 D.
707 236 743 295 rt
762 235 794 294 L.

155 407 322 471 humanum
348 414 473 488 praeter
504 426 595 468 unam
627 406 773 467 familiam
802 405 913 468 Nohae
947 406 1076 469 deletum

155 499 204 554 est
224 497 255 552 et
276 497 348 552 ante
370 491 523 552 excidium
535 490 771 570 Hierosolymae
785 491 870 570 prins
892 490 966 552 inde
981 492 1076 553 sancti

155 575 277 655 expulsi
307 574 438 635 fuerunt.
479 574 525 635 lta
557 575 637 634 solet
658 573 761 653 Deus,
799 580 830 633 nt
863 575 906 634 ait
935 572 1077 653 loannes,

155 660 239 741 prius
266 657 412 738 colligere
439 658 569 717 triticum
600 658 631 716 in
653 655 796 717 horreum
829 676 939 737 enum,
971 665 1077 738 postea

156 759 231 803 vero
253 741 360 821 paleas
382 740 515 802 abiicere
536 742 567 800 in
590 746 748 800 aeteruum
770 740 884 820 iguem.
929 740 1008 802 Sunt
1028 759 1077 802 au·

155 829 218 888 tern
240 822 347 885 erebra
367 824 428 884 boo
448 830 588 903 tempore
603 823 723 903 piorum
745 821 870 904 funera,
892 830 925 884 et
949 823 1078 884 deterior

155 907 318 969 multitudo
340 914 444 967 manet
466 915 632 986 superstes,
655 907 860 985 contemptrix
871 906 940 979 Dei,
962 925 1078 986 secura,

156 999 277 1052 certans
290 989 467 1068 ambitione,
480 991 618 1066 avaritia,
632 988 736 1049 dedita
750 989 843 1069 luxui,
866 988 954 1070 levis,
970 997 1078 1066 astuta,

154 1075 303 1136 instructa
325 1074 413 1132 novis
433 1078 465 1132 et
483 1073 636 1132 inusitatis
656 1070 821 1151 frondibus,
846 1071 992 1152 mendax,
1015 1091 1078 1153 per·

156 1157 275 1220 fidiora.
319 1155 387 1217 Hoc
419 1157 489 1235 ipso
519 1155 610 1236 signo
640 1154 911 1216 vehementissime
942 1174 1077 1233 moveor,

158 1247 191 1302 nt
209 1240 340 1299 iudicem
362 1238 540 1318 impendere
563 1257 691 1318 magnas
713 1239 904 1299 calamitates
927 1250 959 1299 et
980 1257 1076 1299 rerum

156 1322 356 1383 humanarum
380 1323 582 1398 mutationes,
615 1339 696 1400 quae
724 1321 885 1382 audaciam
914 1322 1076 1383 humanam

157 1405 351 1486 castigabunt
377 1411 409 1465 et
433 1405 591 1466 ferocienti
622 1402 737 1465 mundo
758 1423 862 1465 rursus
883 1405 1003 1466 frenum
1037 1407 1077 1465 iu·

155 1490 272 1551 iioient.
344 1520 368 1535 ·-

240 1571 422 1651 Quanquam
444 1572 538 1651 igitur
560 1568 726 1631 dolendum
748 1577 805 1650 ast,
826 1573 952 1632 interitu
973 1570 1073 1633 docto·

156 1675 222 1716 rum
245 1665 276 1717 et
298 1656 417 1735 piorum
446 1653 553 1715 nudari
587 1653 749 1714 ecclesiam
771 1655 950 1734 praesidiis,
978 1660 1077 1715 lumen

156 1740 231 1821 ipsis
257 1738 379 1819 quidem
407 1736 591 1818 gratulanda
623 1744 672 1798 est
692 1736 771 1798 haec
799 1739 885 1817 quasi
908 1739 1077 1817 emigratio.

157 1823 244 1883 Beati
267 1823 387 1900 mortui,
410 1823 509 1900 inquit
524 1820 690 1900 Scriptura,
713 1822 764 1899 qni
786 1821 817 1880 in
831 1821 969 1882 Domino
992 1821 1077 1881 mori-

157 1912 257 1969 untur.
300 1903 402 1980 Quare
424 1912 455 1964 et
475 1902 631 1965 Urbanum
653 1911 800 1982 uostmm,
823 1905 875 1984 qui
898 1905 929 1965 in
951 1904 1077 1964 serain-

158 1989 321 2051 vocatione
343 1987 401 2048 Dei
423 1993 455 2047 et
474 1985 535 2047 fide
557 1986 668 2047 Christi
687 1986 811 2046 assidue
833 1987 910 2046 vixit
932 1993 963 2046 et
986 1984 1077 2046 fideli·

158 2079 203 2133 ter
236 2072 361 2131 servivit
392 2070 544 2131 ecclesiae
583 2076 616 2130 et
647 2069 849 2149 Evangelium
878 2072 1023 2130 castitate
1049 2076 1078 2133 α

156 2156 271 2237 pietate
293 2173 411 2215 morum
433 2154 563 2232 ornavit,
585 2154 717 2212 sciamus
741 2151 863 2213 beatum
881 2171 956 2212 essa
977 2159 1010 2212 et
1029 2150 1078 2212 ha

156 2240 230 2300 bere
252 2239 345 2298 vitam
367 2243 399 2297 et
419 2236 566 2298 laetitiam
588 2243 744 2295 aeternam
767 2235 798 2294 in
823 2236 973 2296 societate
996 2234 1076 2297 ctri-

158 2323 195 2382 sti
218 2329 250 2382 et
272 2321 422 2382 ecclesiae
445 2319 598 2396 coelestis,
621 2320 732 2397 inqua
752 2336 834 2379 nuno
855 2338 892 2379 ea
916 2336 1021 2379 coram
1038 2316 1078 2378 di·

157 2407 224 2482 scit,
246 2406 343 2465 cernit
365 2410 396 2464 et
416 2401 509 2481 audit,
530 2401 695 2482 dequibus
716 2402 766 2462 bio
787 2402 817 2461 iu
839 2401 976 2462 ecclesia
996 2403 1078 2462 iuxta

157 2488 283 2549 verbum
309 2488 364 2547 Dei
386 2486 538 2548 disseruit.
581 2482 622 2546 Ut
642 2492 734 2545 antea
755 2501 824 2544 cum
842 2485 987 2565 coniuge,
1010 2503 1076 2545 curn

157 2571 260 2635 liberis
283 2572 360 2643 suis,
387 2569 518 2648 denique
540 2569 631 2630 etiam
655 2587 724 2628 cum
747 2568 889 2628 omnibus
913 2567 1080 2629 lectoribus

88 2662 92 2671 '
157 2654 391 2734 colloquebatur
413 2652 451 2713 de
465 2652 554 2712 dictis
568 2654 687 2731 patrum
703 2657 734 2711 et
749 2650 978 2731 prophetarum,
1001 2668 1079 2730 qnae

157 2739 187 2800 in
210 2738 272 2798 hoe
294 2737 424 2816 Dialogo
447 2736 514 2815 pie,
537 2733 653 2794 erudite
674 2741 705 2795 et
727 2737 870 2814 apposite
890 2737 1017 2816 recitat,
1038 2736 1079 2795 ita

129 2834 241 2895 'nune
259 2822 345 2900 ipsos
367 2821 482 2899 primos
505 2818 649 2879 doctores
671 2827 701 2877 et
714 2816 865 2878 Christum
889 2816 967 2878 haee
989 2819 1079 2878 intor-

157 2912 329 2988 pretantem
352 2901 445 2981 audit,
467 2900 582 2982 gaudet
604 2919 689 2960 suam
713 2899 806 2961 fldem
823 2919 997 2982 congruere
1012 2918 1077 2962 oum

157 2990 226 3069 ipsa
249 2986 358 3047 Christi
392 2992 423 3046 et
444 2992 562 3065 patrum
586 3002 678 3062 soce,
707 2986 773 3064 egit
794 2985 910 3066 gratias
934 2983 1003 3046 Deo
1025 3002 1077 3065 pro

159 3070 274 3132 donata
298 3069 375 3147 luce,
397 3075 561 3147 antequam
585 3067 656 3127 hinc
677 3066 862 3148 discesserit,
885 3085 947 3147 qua
968 3069 1078 3149 inipso

157 3162 318 3236 peccatum
341 3152 473 3212 deletum
496 3157 543 3212 est
563 3159 595 3211 et
616 3149 760 3211 inchoata
777 3152 842 3212 vita
862 3158 1002 3214 aeterna.
1035 3150 1080 3211 Ne

159 3237 219 3298 hoc
240 3236 362 3318 quidem
385 3235 517 3296 arbitror
536 3252 609 3295 casu
623 3235 783 3312 accidisse,
806 3232 889 3313 quod
902 3234 1080 3315 paniosate

159 3329 289 3380 mortem
316 3319 398 3380 hunc
420 3319 582 3399 Dialogum
614 3317 652 3378 de
672 3317 897 3378 resurrectione
916 3317 1079 3398 plurimum

159 3401 242 3481 legit,
264 3405 350 3482 quasi
372 3404 433 3463 iam
462 3404 564 3463 animo
586 3401 659 3461 hinc
678 3399 848 3461 discessum
871 3403 1081 3482 praesagiens,

158 3485 283 3565 inquo
318 3486 484 3565 gloriosam
520 3484 630 3546 Christi
671 3483 928 3545 resurrectionem
961 3486 1081 3544 intuens

159 3568 278 3628 sciebat
313 3574 442 3629 mortem
465 3568 612 3629 abolitam
641 3586 710 3629 esse
732 3575 763 3628 et
786 3566 844 3628 sibi
866 3566 948 3627 hano
970 3567 1080 3629 Obrisli

161 3667 267 3711 vocem
291 3650 474 3731 inculcabat,
496 3669 557 3731 qua
572 3650 660 3715 dicit:
680 3651 742 3712 Ero
764 3668 847 3711 mors
870 3656 934 3732 tua,
955 3669 1080 3729 omors,

160 3739 191 3796 et
212 3751 332 3795 morsus
352 3741 432 3816 tuus,
453 3734 581 3799 interne.
622 3772 625 3778 ,
