2348 4162
205 211 267 278 128
449 212 493 269 De
510 227 591 271 servo
610 211 724 270 arbitrio
743 213 776 268 D.
794 213 830 269 Μ.
848 214 878 269 L.

204 389 321 445 tantum
333 385 466 463 patiatur
487 383 526 446 ab
550 389 662 465 agente
683 385 791 465 gratia,
813 404 863 464 an,
886 385 1030 467 quicquid
1053 384 1128 448 boui

206 467 256 528 vel
280 467 351 528 mali
373 467 511 547 facimus,
534 487 620 530 mera
646 465 867 545 necessitatel)
892 468 1039 530 iaciamus
1076 467 1127 531 vel
1153 502 1156 507 ·

205 550 356 631 patiamur
376 551 502 630 potius,
530 550 623 630 quid,
651 568 739 631 rogo,
762 551 819 612 erit
839 555 902 611 tum
924 551 1128 633 religiosum?
1151 576 1154 581 ·

204 633 276 712 quid
298 633 416 713 grave?
439 633 510 713 quid
533 633 608 695 utile
629 632 728 694 scitu?
749 633 954 714 Hocprorsus
977 634 1053 695 nihil
1076 654 1129 696 va·

120 722 123 727 '
203 716 256 797 let,
280 715 421 795 Erasme,
452 722 504 779 bot
531 717 566 799 ‚tr
586 736 620 796 go
643 718 708 782 utet.
752 715 886 778 Difficile
915 723 962 779 est
989 717 1051 778 hoc
1079 719 1128 778 tri-

204 798 296 859 buere
318 799 511 880 ignorantiae
534 806 621 878 tuae,
644 805 678 860 ut
704 801 757 880 qui
777 801 838 860 iam
863 819 960 862 senex
988 806 1019 861 et
1048 803 1132 862 inter

204 881 393 943 Christianos
415 888 554 944 versatus
578 889 608 944 et
629 900 734 945 sacras
760 881 864 944 literas
888 883 937 944 diu
962 882 1127 945 meditatus

204 984 265 1029 non
288 965 435 1045 relinquis
458 965 571 1043 locum,
594 984 656 1046 quo
690 973 720 1026 te
742 985 925 1026 excusemus
973 972 1027 1027 aut
1047 964 1128 1028 hene

155 1076 161 1085 ·
204 1048 243 1108 de
266 1056 296 1109 te
318 1051 498 1128 cogitemus.
551 1047 592 1110 Et
615 1056 716 1109 tamen
739 1048 817 1108 haec
838 1056 980 1129 portenta
1006 1048 1061 1111 tibi
1082 1050 1126 1130 ig-

203 1138 335 1192 noscunt
355 1131 499 1211 Papistae
521 1135 552 1192 et
573 1132 681 1207 ferunt,
704 1152 741 1193 ea
762 1133 875 1211 gratia,
908 1131 990 1212 quod
1017 1133 1048 1192 in
1072 1131 1128 1192 Lu-

202 1213 320 1274 therum
344 1214 461 1293 scribis,
484 1214 600 1294 alioqui
617 1221 647 1275 te
670 1213 810 1275 dentibus
832 1215 1002 1295 laceraturi,
1025 1215 1051 1275 si
1071 1214 1127 1275 Lu-

203 1297 305 1358 therus
327 1296 471 1376 abesset,
505 1305 535 1357 et
567 1297 640 1359 talia
662 1297 820 1362 scriberes.
870 1297 995 1358 Amicus
1026 1297 1127 1376 Plato,

202 1382 318 1440 amicus
340 1379 495 1458 Socrates,
517 1380 572 1441 sed
593 1379 852 1460 praehonoranda
880 1381 1000 1442 veritas.
1043 1378 1126 1443 Nam

202 1470 235 1523 ut
255 1482 363 1544 parum
384 1463 574 1543 intelligeres
597 1465 627 1524 in
651 1461 817 1544 scripturis
852 1470 883 1524 et
904 1465 1018 1544 pietate
1041 1463 1126 1526 Chri·

202 1547 312 1626 stiana,
334 1553 417 1608 certe
438 1547 498 1608 hoc
519 1546 568 1607 vel
590 1545 672 1607 hosti
694 1545 936 1607 Christianorum
967 1546 1125 1608 sciendum

202 1636 278 1706 erat,
300 1628 372 1709 quid
395 1629 559 1690 Christiani
582 1631 789 1690 necessarium
812 1637 842 1690 et
865 1629 964 1706 utile,
998 1629 1124 1709 etquid

201 1732 263 1773 non
286 1713 347 1773 tale
370 1711 528 1775 haherent.
571 1712 616 1772 'Pu
639 1731 712 1773 vero
735 1712 912 1793 Theologus
936 1719 966 1773 et
980 1710 1124 1774 Christia-

201 1814 309 1856 norum
332 1796 499 1876 Magister,
528 1796 770 1875 praescripturus
792 1795 851 1855 illis
888 1796 1016 1856 formam
1041 1794 1124 1856 Chri-

201 1880 375 1955 stianismi,
397 1897 459 1938 non
482 1877 590 1939 saltem
628 1897 713 1939 more
733 1876 875 1959 Sceptico
908 1885 961 1940 tuo
991 1878 1123 1959 dubitas,

202 1960 273 2042 quid
297 1963 502 2022 necessarium
526 1967 557 2021 et
578 1960 651 2021 utile
673 1961 732 2021 illis
754 1962 803 2041 sit,
826 1960 881 2021 sed
903 1961 995 2042 plane
1023 1962 1053 2021 iu
1077 1959 1124 2022 di-

202 2064 321 2105 versum
346 2043 467 2124 laberis,
490 2050 520 2105 et
541 2045 601 2104 iam
624 2051 732 2105 contra
752 2045 908 2124 ingenium
926 2052 1123 2106 tuumasser·

201 2129 285 2188 tione
306 2127 584 2206 inauditaiudicas,
608 2145 645 2187 eo
667 2145 728 2187 non
752 2145 820 2187 esse
833 2127 1019 2207 necessaria,
1043 2144 1123 2207 quae

200 2211 259 2271 nisi
281 2213 455 2271 necessaria
480 2216 511 2271 et
532 2210 657 2289 cognita
679 2216 762 2271 certo
786 2209 911 2290 fuerint,
940 2228 998 2271 neo
1028 2209 1123 2288 Deus,

149 2344 152 2349 .
200 2311 258 2354 nec
281 2293 427 2374 Christus,
449 2312 508 2353 nec
528 2292 741 2373 Evangelium,
765 2311 823 2352 nec
844 2291 937 2372 fides,
960 2311 1019 2353 neo
1040 2293 1123 2373 quic·

185 2395 292 2459 'quam
315 2376 465 2456 reliquum
488 2382 535 2436 est
557 2394 597 2436 ne
618 2372 770 2435 ludaismi‘
790 2375 923 2455 quidem,
952 2376 1046 2437 multo
1071 2376 1124 2436 mi·

200 2479 257 2520 nus
292 2458 524 2521 Christianismi.
591 2458 690 2519 Deum
721 2458 949 2537 immortalem,
982 2458 1122 2537 Erasme,

201 2549 345 2623 quantam
374 2542 555 2622 fenestram,
582 2544 644 2602 imo
675 2547 821 2621 quantum
850 2560 991 2622 campum
1008 2542 1123 2623 aperis

153 2646 157 2652 ·
200 2633 308 2688 contra
331 2632 362 2687 te
383 2624 496 2707 agendi
518 2631 549 2686 et
570 2622 710 2702 dicendi,
742 2625 813 2705 quid
841 2632 871 2684 tu
895 2623 1053 2686 delibero
1078 2644 1122 2685 ar·

200 2708 290 2771 bitrio
312 2709 385 2771 boni
408 2716 460 2769 aut
480 2708 556 2769 recti
578 2705 727 2788 soiberes,
757 2709 808 2786 qui
830 2714 946 2769 tantam
979 2709 1121 2788 ignoran-

200 2795 271 2852 tiam
295 2792 470 2872 Scripturas
493 2799 523 2851 et
543 2790 724 2871 pietatishis
741 2790 839 2850 verbis
863 2792 921 2851 tuis
943 2789 1121 2852 confiteris?

200 2873 260 2936 sed
283 2873 463 2935 contraham
483 2873 554 2935 vela
575 2874 721 2933 neomeis
744 2874 843 2934 verbis
857 2873 917 2934 hoc
934 2873 1003 2935 ioco
1018 2870 1120 2953 (quod

198 2957 276 3018 infra
297 2957 375 3018 torte
402 2957 544 3037 faciam),
575 2956 630 3017 sed
662 2957 721 3015 tuis
751 2956 851 3017 verbis
890 2975 981 3036 agam
1009 2963 1120 3018 tecum.

197 3040 310 3101 Forma
325 3039 547 3101 Christianismi
559 3059 578 3099 a
592 3036 651 3120 te²)
674 3038 829 3120 descripta
844 3040 923 3100 inter
937 3045 1040 3100 cetera
1061 3038 1122 3100 hoo

198 3122 300 3203 habet,
323 3130 356 3183 ut
377 3124 455 3187 totis,
473 3122 584 3183 viribus
606 3123 766 3203 enitamur,
788 3121 935 3182 adeamus
951 3120 1120 3183 remedium

200 3207 425 3288 poenitentiae,
448 3225 485 3266 ac
509 3206 633 3267 Domini
660 3205 902 3266 misericordiam
925 3203 1024 3266 modis
1056 3224 1119 3266 om·

200 3290 289 3350 nibus
312 3290 493 3371 ambiamus,
516 3291 583 3350 sine
605 3306 667 3367 qua
687 3307 745 3348 nec
768 3288 1058 3349 voluutashumana
1080 3287 1120 3349 ei·

197 3371 278 3433 fioax
301 3382 347 3433 est
378 3390 438 3433 nec
469 3380 614 3450 conatus,
647 3372 719 3431 item
750 3372 864 3431 nemini
895 3370 1118 3453 desperandam

197 3475 267 3517 esse
283 3457 405 3516 veniam
427 3474 446 3516 a
468 3455 537 3517 Deo
560 3461 669 3516 natura
690 3454 939 3518 clementissimo.

271 3657 297 3720 1)
317 3656 346 3707 ln
366 3652 478 3709 aulen.
491 3652 694 3709 tantummodo:
714 3653 805 3709 coacti
823 3652 967 3709 iaciamus.
994 3655 1029 3719 2)
1049 3652 1117 3709 lhid.

197 3723 241 3779 hic
258 3724 286 3779 in
306 3725 430 3795 margine
448 3725 560 3795 legitur:
580 3726 719 3780 Erasmus.
