2348 4162
65 3818 128 3904 h

488 160 498 199 r

192 263 257 330 618
486 260 679 319 Praefatiouss
696 259 730 319 D.
748 259 785 314 lt.
803 259 831 314 b

193 453 329 510 eernere,
352 445 437 494 utrae
455 431 679 513 caeremoniae,
701 449 803 492 mores
825 434 856 492 et
878 431 965 510 leges
987 429 1116 491 siutme-

193 517 287 579 liores
306 524 360 581 aut
382 515 565 593 deteriores,
598 515 653 575 sed
686 535 794 577 ornnes
814 515 846 575 iu
869 533 962 575 uuam
987 532 1116 574 massam

196 607 342 663 contusas
365 599 462 659 dictat
481 597 519 657 ad
542 598 689 659 iustitiam
711 618 770 659 neu
792 617 861 658 esse
884 599 977 672 satis,
1005 597 1117 656 neniis

193 703 263 745 esse
286 702 374 765 opus.
416 681 502 741 Haec
525 681 582 740 nisi
606 682 775 760 discamus,
809 680 978 762 periculum
1002 687 1058 758 est,
1082 699 1117 739 ue

194 767 316 849 plurimi
339 786 378 827 ex
407 765 519 826 nostris
541 763 633 825 Turci
654 764 745 844 fiant,
766 764 882 843 alioqui
904 763 1060 844 proclives
1081 761 1115 822 ad

195 850 291 915 multo
314 851 414 911 miuus
436 849 597 928 speciosos
620 867 749 912 errores,

278 933 317 992 Et
353 932 493 1012 quamvis
524 929 576 990 hic
607 938 697 992 autor
716 932 885 991 Turcorum
923 928 1058 991 absurda
1091 935 1117 988 et

195 1017 295 1098 turpia
317 1017 391 1076 satis
415 1015 569 1094 exagitet,
601 1013 713 1075 deiude
735 1033 841 1074 eorum
864 1014 1009 1094 speciosa
1031 1031 1115 1074 acuu-

196 1098 265 1159 dala
292 1097 419 1180 (quibus
443 1105 473 1157 et
505 1098 573 1177 ipse
608 1105 709 1157 motus
746 1095 912 1176 aliquando
936 1096 1042 1176 lapsus
1065 1102 1116 1174 est,

196 1183 238 1243 uti
261 1183 389 1255 fatetur)
416 1181 492 1240 satis
513 1178 644 1240 candide
666 1187 698 1243 et
720 1187 804 1240 recte
825 1179 980 1255 confutet,
1018 1185 1115 1240 tumen

194 1264 333 1327 videmus
354 1263 409 1325 illo
449 1270 587 1342 tempore
620 1282 682 1324 non
716 1265 759 1324 itu
788 1262 923 1324 valuisse
943 1263 975 1321 iu
998 1262 1116 1343 publico

195 1353 299 1409 nostra
323 1364 442 1412 summa
463 1346 618 1426 praesidia
640 1352 671 1406 et
687 1345 901 1408 robustissima
922 1364 1019 1424 arma,
1044 1364 1117 1424 quae

195 1439 265 1491 aaut·
287 1429 406 1491 articuli
428 1428 466 1489 ds
488 1427 628 1507 Christo,
659 1430 776 1491 scilicet
809 1428 893 1507 quod
917 1428 1057 1491 Christus
1084 1429 1118 1488 ait

193 1512 274 1573 filius
298 1513 365 1593 Dei,
389 1518 525 1572 mortuus
546 1531 603 1593 pro
627 1513 740 1574 nostris
752 1514 900 1594 peccatis,
920 1513 1117 1573 resuscitatur

196 1594 234 1657 ad
259 1597 352 1658 vitam
376 1601 529 1671 nostrum,
561 1595 643 1675 quod
667 1595 727 1657 fide
748 1597 779 1656 in
802 1595 887 1655 illum
910 1596 982 1656 iusti
1005 1600 1039 1656 et
1054 1613 1117 1675 pec

195 1680 271 1739 uatis
295 1679 430 1740 remissis
454 1678 532 1739 salvi
554 1698 659 1738 sumus
683 1686 740 1739 etc.
782 1678 869 1739 Haec
883 1685 955 1739 sunt
977 1679 1117 1757 tonitrua,

196 1780 276 1840 quae
299 1762 459 1822 destruunt
479 1780 540 1821 uou
563 1761 657 1822 modo
680 1761 897 1836 mahometum,
920 1760 978 1822 sed
999 1767 1031 1822 et
1052 1779 1117 1842 por·

196 1851 243 1907 tas
264 1845 368 1924 inleri3
398 1843 554 1905 blahomat
576 1845 658 1904 enim
676 1852 775 1924 negat
796 1845 951 1906 Christum
975 1863 1045 1905 esse
1067 1842 1117 1904 tili-

195 1947 246 1989 um
270 1928 338 2008 Dei,
360 1933 453 2008 negat
473 1928 573 2007 ipsum
597 1933 749 1988 mortuum
771 1929 953 2007 pronostris
975 1928 1117 2008 peccatis,

195 2019 288 2090 negat
310 2013 410 2091 ipsum
432 2011 638 2071 resurrexisse
661 2010 814 2072 advitam
837 2019 993 2088 nostram,
1029 2016 1119 2091 negat

195 2092 256 2155 lide
277 2095 307 2154 iu
330 2094 415 2153 illum
437 2094 551 2155 remitti
572 2101 705 2174 paccata
728 2101 760 2155 et
779 2112 837 2157 uos
859 2093 1035 2169 iustificari,
1067 2113 1117 2153 ne·

195 2183 249 2257 gat
275 2178 373 2256 ipsum
409 2175 539 2235 iudicem
572 2183 734 2238 venturum
761 2196 853 2257 super
874 2178 963 2238 vivos
985 2185 1018 2238 et
1040 2195 1116 2236 mor·

197 2266 276 2338 tuos,
299 2260 370 2320 licet
391 2260 645 2319 resurrectionem
678 2268 865 2321 mortuorum
888 2267 918 2320 et
941 2261 1022 2320 diem
1046 2259 1116 2319 iudi-

196 2344 233 2402 cii
258 2343 372 2423 credat,
395 2349 488 2422 negat
501 2341 645 2420 Spiritum
660 2350 810 2423 sanctum,
835 2350 928 2424 negat
950 2344 1016 2403 eius
1030 2343 1118 2405 dona.

195 2425 250 2486 His
273 2433 304 2486 et
325 2425 473 2485 similibus
505 2425 642 2485 articulis
672 2432 719 2486 eat
741 2427 907 2488 munienda
930 2426 1118 2487 conscientia

195 2515 304 2570 contra
334 2509 545 2568 caeremonias
567 2509 752 2588 Mahurneti,
784 2511 830 2570 his
854 2508 1005 2571 machinis
1029 2509 1118 2570 Alko-

196 2610 287 2652 tanus
311 2593 375 2653 eius
399 2590 604 2651 confutandus
626 2598 682 2652 est.

203 2733 207 2738 .
277 2674 356 2735 Nam
379 2676 404 2733 si
427 2675 488 2734 iam
519 2673 617 2735 dictos
641 2675 786 2736 articulos
810 2677 877 2754 quis
899 2683 1010 2755 neget,
1049 2672 1118 2755 quid

194 2756 237 2817 illi
259 2757 374 2836 prosit,
412 2758 504 2817 etiam
538 2758 562 2816 si
588 2757 768 2837 augelorum
793 2759 977 2839 religionem
1000 2757 1118 2834 habeat

194 2840 285 2901 etiem
306 2834 341 2900 'si
375 2839 421 2900 bis
458 2841 497 2899 sit
518 2840 685 2901 Turcorum
718 2841 903 2920 religiosus?
948 2841 1065 2902 Contra
1095 2841 1118 2900 ai

195 2923 261 3001 quis
283 2921 341 2983 hoa
364 2922 510 2983 articulos
532 2929 646 2996 teneat,
670 2923 741 3003 quid
763 2923 807 2984 illi
825 2932 947 3004 noceat,
972 2926 998 2984 si
1023 2941 1117 3003 nequa

194 3011 256 3064 tam
279 3004 374 3064 multa
395 3006 524 3086 ieiunet,
559 3013 641 3082 oret,
663 3007 786 3086 vigilet,
817 3007 987 3084 abstineat,
1021 3025 1117 3086 neque

194 3087 285 3167 victu,
308 3089 436 3168 vestitu,
458 3096 563 3168 gestu,
587 3109 618 3148 re
641 3089 783 3150 familiari
804 3095 866 3150 tam
891 3090 1050 3150 modestus
1072 3091 1116 3149 sit.

194 3167 263 3231 Sint
283 3169 389 3248 Turul,
418 3171 479 3231 sint
501 3171 644 3250 Papistae
665 3173 713 3234 his
736 3172 826 3233 rebus
849 3174 939 3250 clari,
977 3181 1011 3234 at
1032 3171 1117 3233 simul

193 3272 265 3313 vera
286 3252 346 3313 fide
367 3255 459 3314 vacui
492 3262 521 3315 et
545 3256 630 3321 iuxta
653 3255 720 3316 aliis
744 3256 919 3316 criminibus
937 3257 1118 3337 turpissimis

194 3335 311 3416 oppleti
334 3343 420 3412 suut,
455 3343 611 3398 eteorum
634 3337 704 3399 Deo
737 3339 961 3401 abominabiles
984 3345 1017 3399 et
1039 3337 1116 3418 apud

192 3418 333 3479 homines
355 3419 495 3481 odibiles.
539 3420 599 3482 sed
626 3423 715 3481 venia
731 3422 801 3482 huic
812 3421 915 3482 danda
938 3429 986 3483 est
1009 3422 1118 3499 autori,

192 3503 242 3580 qui
265 3503 419 3563 communi
457 3504 531 3564 vitio
565 3504 661 3567 seculi
699 3507 815 3566 maiora
846 3525 907 3565 non
931 3506 1054 3586 attigit,
1090 3510 1118 3564 et

192 3602 270 3662 quae
293 3585 394 3663 attigit
416 3586 487 3647 stilo
509 3587 622 3648 usitato
647 3588 691 3647 aui
716 3589 864 3668 temporis
878 3588 1034 3667 formavit,
1059 3588 1117 3648 lau·

190 3666 310 3728 dandus
331 3686 405 3728 vero
428 3668 468 3730 ob
490 3670 641 3749 insignem
664 3670 780 3748 uelum,
810 3671 977 3733 candorem
1001 3680 1034 3731 et
1056 3670 1115 3731 dili·

187 3751 343 3834 gentiam,
377 3751 485 3831 quibua
507 3760 654 3832 quantum
686 3754 784 3833 potuit
805 3755 959 3835 praestitit
981 3752 1118 3817 fideliter.
