2348 4162
102 202 105 209 Ι
201 245 264 317 170
324 340 330 349 ι
442 250 882 311 praemonueratis

285 426 395 486 Denso
415 425 506 506 igitur
527 429 660 486 vestram
674 425 887 488 affirmativam
911 425 1126 508 probaveritis,

202 515 318 570 stamus
339 510 370 569 in
392 513 498 570 nostra
521 510 676 588 negativa,
698 516 728 571 et
749 509 805 570 sub
820 509 922 571 indiae
943 510 1035 571 etiam
1058 515 1126 572 toto

201 592 255 654 illo
279 593 374 655 ohoro
397 593 594 666 Sanctorum,
627 612 717 672 quem
749 599 782 653 tu
804 595 920 668 iaetus,
949 593 998 655 vei
1022 594 1125 674 potius

201 682 268 738 toto
303 675 417 737 mundo
447 675 595 737 audemus
618 681 648 736 et
669 677 851 757 gloriamur,
878 676 909 737 id
935 676 1019 758 quod
1049 677 1126 738 nihil

201 767 257 840 est,
280 760 432 839 neuquid
461 760 500 820 sit
523 761 683 820 monstrari
722 767 806 823 oerto
829 766 949 840 potest,
978 764 1126 840 oportere

201 863 258 904 uos
280 862 342 905 nou
375 842 551 923 admittere,
588 849 679 922 atque
708 863 765 904 vos
794 862 902 905 omnes
932 862 1003 905 esse
1024 844 1125 905 inore·

200 927 284 991 dibili
307 928 557 1007 praesumptione
581 926 630 987 vel
651 927 779 1001 insania,
802 928 853 1006 qui
875 947 894 987 a
916 925 1005 991 nobis
1027 924 1058 987 id
1081 928 1126 1008 ip-

201 1031 267 1072 snm
292 1012 422 1091 exigatis
445 1010 572 1089 admitti,
595 1010 679 1070 nulla
690 1029 793 1089 eausa,
815 1011 873 1070 nisi
887 1010 1037 1089 quiavos
1049 1008 1127 1071 mul·

83 1152 87 1157 .
200 1103 259 1171 tos,
282 1113 423 1173 magnos,
447 1095 600 1172 antiquos,
622 1091 653 1154 id
676 1093 759 1172 quod
781 1093 855 1154 nihil
878 1113 948 1154 esse
969 1093 1028 1172 ipsi
1050 1093 1126 1154 iate-

201 1179 284 1248 mini,
307 1197 445 1238 asserere
468 1177 608 1256 delectat,
631 1178 718 1255 quasi
741 1194 790 1238 res
812 1178 852 1238 sit
872 1177 1126 1241 Christianisma·

202 1261 303 1341 gistris
335 1259 449 1341 digua,
479 1261 622 1321 miserum
645 1261 792 1340 populum
814 1263 845 1321 in
868 1279 901 1321 re
923 1259 1067 1340 pietatis,
1086 1279 1126 1322 eo

204 1344 285 1423 quod
308 1343 383 1404 nihil
406 1351 468 1424 est,
497 1363 534 1404 aa
563 1344 587 1402 si
612 1345 715 1424 magni
744 1344 782 1404 ad
812 1344 941 1405 satutem
977 1343 1128 1405 momenti

201 1429 288 1504 foret,
311 1427 429 1497 ludere.
471 1427 530 1488 Ubi
553 1446 634 1487 nuno
661 1433 708 1488 est
728 1426 803 1487 illud
826 1426 1015 1488 Graecorum
1037 1427 1124 1506 inga-

103 1517 104 1520 ’
201 1512 322 1572 niorum
348 1529 489 1590 aonmen,
513 1509 596 1589 quod
619 1509 767 1571 haetenus
790 1510 899 1571 saltem
919 1508 1002 1571 bella
1023 1509 1130 1589 aliqua

201 1596 304 1674 speeie
325 1593 462 1675 fingebat
484 1593 672 1669 mendam'o,
699 1593 750 1654 hio
771 1599 879 1674 aperto
903 1598 934 1653 et
955 1591 1040 1653 nudo
1064 1611 1128 1655 ser·

202 1697 294 1738 mone
317 1677 482 1738 mentitur?
524 1676 583 1738 Ubi
612 1676 709 1738 latina
729 1677 785 1739 illa
816 1677 965 1738 industria
991 1695 1128 1757 groseas

201 1767 349 1841 aequata,
371 1780 450 1839 quae
472 1761 517 1821 sio
537 1759 616 1821 ludit
645 1765 676 1823 et
696 1759 810 1822 luditur
841 1758 993 1821 vocabulo
1025 1759 1128 1822 vanis-

202 1844 303 1906 simo?
346 1843 406 1904 Sed
430 1844 474 1904 sio
497 1844 686 1922 nontingit1)
715 1842 957 1922 imprudentibus
987 1841 1039 1903 vel
1059 1863 1128 1903 ma·

202 1928 293 2006 tignis
315 1925 480 1999 lectoribus
502 1926 660 2005 librorum,
683 1925 754 1986 dum
777 1946 830 2000 ea,
853 1932 1025 2006 quaesunt
1048 1925 1130 1987 inflr-

206 2010 319 2070 mitatis
343 2011 373 2070 in
396 2009 535 2071 Patribus
558 2016 589 2071 et
610 2009 751 2089 Sanctis,
777 2010 893 2072 faeiunt
927 2009 1031 2070 omnia
1060 2027 1129 2069 esse

201 2112 340 2153 summae
362 2094 550 2170 autoritatis,
579 2099 613 2154 ut
635 2093 726 2172 eulpa
746 2094 806 2153 ista
826 2111 890 2154 non
913 2092 954 2153 sit
973 2097 1127 2167 autorum,

201 2176 253 2236 sed
278 2175 437 2241 leotorum.
477 2177 524 2237 Ao
547 2178 571 2235 si
594 2178 661 2255 quis
684 2177 888 2239 sanotimonia
910 2181 941 2236 et
962 2176 1128 2237 autoritate

203 2259 233 2321 S.
258 2260 338 2320 Petri
367 2261 459 2320 nixus
488 2259 681 2320 contenderit
711 2261 830 2334 omnia,
861 2278 941 2337 quae
968 2257 998 2324 S.
1020 2258 1127 2325 Petrus

47 2340 50 2347 ’
75 2398 80 2405 ,
200 2361 335 2422 unquam
358 2343 443 2423 dixit,
466 2361 535 2403 esse
556 2362 652 2420 vera,
676 2350 707 2402 ut
729 2344 820 2404 etiam
842 2340 918 2403 iliud
939 2340 1126 2421 persuadeat

201 2445 271 2487 esse
293 2446 417 2500 verum,
441 2424 523 2505 quod
556 2424 662 2489 Matth.
686 2429 725 2491 16
759 2445 798 2486 ex
826 2426 926 2486 earnis
953 2424 1127 2485 infirmitate

201 2511 297 2569 suasit
319 2510 461 2585 Christo,
497 2528 536 2569 ne
558 2514 732 2587 pateretur,
762 2514 813 2569 eut
833 2507 936 2586 iliud,
967 2506 1019 2569 ubi
1041 2507 1128 2568 iussit

206 2592 359 2654 Christum
385 2593 470 2653 exire
492 2612 511 2652 a
534 2611 567 2652 se
590 2591 628 2652 de
650 2593 730 2671 navi,
754 2598 785 2653 et
807 2590 985 2661 multaalia,
1008 2591 1040 2652 in
1064 2591 1126 2671 qui-

202 2675 259 2737 bus
282 2676 320 2737 ab
342 2677 411 2754 ipso
435 2674 554 2736 Christo
576 2675 818 2755 reprehenditur.

282 2759 403 2819 Similes
426 2764 516 2836 sunt,
540 2759 592 2837 qui
614 2758 765 2819 eiusmodi
787 2763 876 2833 suut,
905 2755 991 2836 iliis,
1014 2758 1068 2836 qui
1088 2756 1124 2817 ri-

200 2841 292 2901 dendi
315 2843 414 2921 gratia
436 2842 587 2920 garriunt,
616 2859 680 2902 non
703 2861 771 2903 esse
794 2841 899 2902 omnia
919 2859 1016 2919 vora,
1047 2858 1125 2922 quae

199 2926 321 2984 suntin
345 2923 527 3002 Evangelio,
552 2930 583 2985 et
604 2924 839 3002 apprehendunt
866 2922 942 2984 illud
963 2922 1073 2985 Iohan.
1093 2923 1123 2996 8,

201 3008 250 3068 ubi
272 3004 379 3068 Iudaei
402 3006 510 3068 dieunt
536 3006 575 3066 ad
597 3006 764 3068 Christum:
796 3007 908 3069 Nonne
941 3005 1022 3067 hene
1056 3005 1125 3067 dioi-

200 3098 267 3150 mus
289 3108 363 3167 nos,
386 3090 469 3169 quod
492 3089 700 3151 Samaritanus
734 3111 767 3151 es
801 3096 831 3151 et
853 3089 1051 3150 daemonium
1072 3089 1124 3150 ha·

198 3172 273 3234 bes?
296 3175 343 3234 vei
366 3173 464 3238 iliud:
495 3173 578 3234 Reus
598 3179 644 3233 est
678 3175 805 3252 mortis,
838 3172 886 3233 vel
910 3171 1001 3233 iilud:
1035 3171 1122 3233 Huno

197 3258 369 3317 invenimus
393 3256 619 3318 subvertentem
643 3263 766 3335 gentem
799 3262 935 3317 nostram
971 3261 1002 3317 et
1022 3253 1122 3335 prohi-

199 3340 320 3400 bentem
344 3339 456 3401 tributa
479 3339 544 3400 dari
566 3340 700 3402 Caesari.
743 3339 829 3403 Idem
853 3339 977 3418 faoiunt,
1001 3336 1120 3398 diverso

199 3423 321 3502 quidem
343 3422 414 3494 fine,
436 3442 495 3483 neo
516 3423 685 3504 voluntate,
708 3430 742 3483 ut
761 3423 823 3498 illi,
845 3420 900 3483 sed
923 3422 1076 3483 oaeeitats
1091 3425 1120 3480 et

198 3507 375 3587 ignorantia
408 3505 496 3567 liberi
518 3504 633 3566 arbitrii
656 3512 847 3582 assertores,
880 3506 931 3585 qui
966 3524 1007 3566 ex
1028 3503 1119 3566 Patri·

203 3676 321 3684 *—

273 3780 304 3851 1)
325 3782 358 3837 In
377 3780 420 3838 ed.
440 3783 525 3840 1526:
546 3780 673 3850 oontigit,
690 3779 719 3835 in
738 3779 783 3838 ed.
803 3781 887 3840 1525:
905 3779 1052 3851 oonfingit
