2348 4162
274 264 313 321 ad
328 265 365 322 D.
381 267 526 322 Ermmum
543 265 769 324 Rotarodamurn.
925 268 985 335 195

61 439 243 516 perpetuum
253 433 345 511 fidem
357 434 501 516 placitam
511 455 650 516 servare,
662 437 805 517 apposuit
814 435 868 498 tibi
881 438 986 519 iguem

61 525 91 579 at
110 537 245 599 aquarn,
276 518 314 579 ad
338 520 420 599 quod
443 520 576 581 uolueris
599 523 721 600 porrige
744 539 866 581 manum
890 531 984 584 tuam.

59 600 143 663 Auta
164 601 322 663 hominem
336 607 400 663 vita
421 605 453 664 et
475 622 570 683 mors,
592 601 706 666 bonum
720 603 888 687 etmalum,
901 604 984 684 quod

58 682 211 765 placuerit
232 685 271 767 ai,
294 684 415 746 dabitur
435 686 487 747 illi.
598 698 612 723 ·

140 800 230 863 Licet
250 821 396 865 recusare
418 805 534 884 possim
557 803 717 865 iurehuuc
738 803 858 882 librum,
880 810 984 867 tamen

56 886 182 948 interim
203 886 330 967 recipio,
352 906 392 947 ne
415 905 483 947 cum
506 888 623 947 iactura
644 888 791 968 temporis
815 908 864 949 me
886 888 986 950 invol-

58 988 130 1030 ram
153 968 354 1049 disputationi
376 970 415 1030 da
437 972 569 1050 receptis
582 970 667 1030 libris
689 973 719 1031 in
732 971 860 1032 Conone
873 971 986 1033 Ebrae-

58 1070 169 1128 orum,
200 1071 291 1132 quern
320 1059 351 1112 tu
380 1051 540 1114 nonnihil
565 1054 686 1114 mordes
722 1072 760 1115 ac
779 1055 879 1131 rides,
913 1053 984 1115 dum

56 1133 225 1217 proverbia
241 1134 416 1197 Salomonis
441 1143 471 1195 et
493 1136 652 1197 Canticum
669 1143 719 1216 (ut
740 1148 909 1198 scommate
922 1158 984 1199 am-

58 1218 153 1300 biguo
177 1227 290 1290 rocas)
321 1221 502 1280 amatorium
526 1238 686 1299 comparas
711 1239 779 1281 oum
804 1221 887 1281 libris
910 1221 984 1283 duo·

57 1300 116 1363 bus
137 1300 252 1380 Esrae,
273 1300 395 1381 Iudith,
429 1303 557 1363 historia
582 1303 741 1364 Susannae
771 1312 800 1363 ct
822 1304 984 1383 Draconis,

55 1383 187 1464 Esther,
210 1387 349 1465 quamvis
372 1386 452 1446 hunc
474 1387 607 1446 habeant
629 1388 658 1445 in
683 1386 831 1462 Oenone,
860 1388 985 1467 dignior

57 1468 204 1531 omnibus
225 1487 276 1529 ma
296 1469 407 1549 iudice,
431 1470 481 1549 qui
504 1479 591 1530 extra
612 1469 770 1530 Cononem
790 1467 962 1535 haberetur.

141 1584 374 1666 Respondsrem
403 1604 477 1647 vero
506 1585 638 1647 breviter
666 1587 723 1647 tuis
745 1588 840 1667 ipsius
863 1587 982 1648 verbis:

57 1668 218 1750 Scriptura
240 1669 388 1731 hocloco
412 1670 542 1731 obscura
566 1676 614 1730 est
635 1675 667 1729 et
677 1669 831 1749 ambigna,
853 1669 925 1730 ideo
942 1671 985 1731 ni·

56 1753 101 1815 bil
124 1753 200 1814 certi
228 1754 354 1834 probat,
383 1771 440 1814 nos
462 1762 563 1812 autem
594 1771 662 1813 cum
693 1756 722 1812 in
753 1754 896 1833 negativa
925 1760 984 1815 ate·

58 1854 149 1914 mus,
176 1837 328 1916 exigimus
358 1855 377 1897 a
398 1836 485 1898 vobis
509 1837 612 1897 locum
635 1836 785 1916 produci,
819 1838 868 1915 qui
892 1836 982 1896 claris

55 1919 161 1981 verbis
186 1921 373 1997 convincat,
401 1919 473 1999 quid
505 1921 545 1981 sit
572 1931 602 1980 et
627 1919 698 2000 quid
722 1920 821 2000 possit
856 1919 983 1980 liberum

25 2012 30 2019 '
56 2004 225 2066 arbitrium.
267 2001 336 2065 Hoc
357 2003 474 2063 iacietis
497 2003 575 2066 lorte
598 2004 637 2064 ad
660 2001 813 2064 calendas
836 2021 984 2083 graecas3

55 2087 199 2168 quamvis
229 2094 275 2164 tu,
312 2095 346 2146 ut
372 2085 454 2146 hano
483 2087 699 2148 necessitatem
729 2086 849 2166 fugias,
887 2089 984 2148 multa

57 2169 142 2231 bona
163 2169 258 2231 verba
279 2170 391 2250 perdia,
414 2169 485 2229 dum
508 2188 600 2250 super
626 2171 735 2230 aristas
758 2170 885 2245 incedis,
908 2170 983 2230 reci-

56 2260 128 2315 tans
149 2261 197 2314 tot
211 2254 381 2333 opiniones
409 2251 448 2312 de
470 2252 566 2312 libero
589 2256 714 2313 arbitrio
731 2299 740 2332 ,
756 2262 804 2312 'ut
825 2253 983 2335 Pelagium

56 2355 160 2418 paene
182 2336 277 2396 facias
299 2336 537 2416 Evangelicum,
559 2338 631 2396 item
655 2336 886 2429 quadruplicem
915 2353 985 2416 gra·

55 2423 133 2481 tiam
155 2419 256 2500 lingis,
278 2428 311 2480 ut
332 2422 423 2479 etiam
446 2420 638 2500 philosophis
662 2417 814 2498 quandam
839 2418 929 2478 fidem
953 2424 984 2478 st

56 2504 218 2565 caritatem
241 2503 380 2580 tribuas3
416 2504 488 2562 item
519 2503 667 2581 triplicem
691 2502 772 2561 illam
803 2501 903 2580 legem
931 2520 984 2561 na·

56 2593 163 2668 turae,
195 2603 344 2665 operum,
373 2582 464 2663 fidei,
496 2583 629 2646 fabulam
654 2586 774 2646 scilicet
795 2603 930 2659 novam,
953 2589 986 2643 ut

57 2670 228 2732 convenire
250 2669 450 2730 vehementer
471 2687 592 2728 asseras
621 2667 875 2749 philosophorum
900 2684 986 2746 prae-

57 2759 151 2833 cepta
180 2750 374 2832 Evangelicis
403 2754 584 2832 praeceptis.
637 2750 714 2810 Tum
745 2750 819 2810 illud
850 2749 929 2812 Psal.
951 2748 985 2811 4:

58 2836 220 2917 Signatum
242 2846 290 2896 est
311 2855 476 2916 supernos
500 2836 603 2895 lumen
625 2836 726 2895 vultus
749 2834 812 2910 tui,
844 2833 985 2914 Domine,

57 2922 110 3001 qui
134 2918 174 2980 de
195 2920 374 2998 cognitione
394 2920 490 2998 ipsius
514 2918 614 2978 vultus
640 2918 713 2996 Dei,
736 2916 765 2977 id
786 2923 842 2998 eat,
865 2915 926 2976 fide
943 2915 986 2976 lo·

58 3004 172 3083 quitur,
197 3000 235 3062 ad
258 3003 413 3063 rationem
437 3011 636 3062 excaecatam
659 3001 805 3080 applicas.
850 2999 937 3074 Quae
959 2999 984 3060 si

58 3088 128 3169 quis
151 3084 341 3146 Christianus
364 3087 468 3146 omnia
489 3087 647 3164 conferat,
676 3093 804 3163 cogetur
825 3083 986 3164 auspicari,

58 3177 89 3233 ts
110 3169 219 3230 ludere
240 3177 271 3230 et
292 3167 391 3230 ridere
413 3169 653 3230 Christianorum
684 3167 831 3247 dogmata
860 3172 891 3226 et
919 3165 985 3226 reli·

57 3256 196 3335 gionsm.
238 3250 320 3315 Nam
345 3260 459 3314 tantam
482 3254 686 3332 ignorantiam
711 3254 738 3311 ei
761 3250 911 3328 tribuere,
934 3248 985 3328 qui

57 3342 103 3399 sic
125 3345 233 3398 nostra
254 3338 357 3397 omnia
370 3337 577 3417 perlustravit,
599 3342 684 3395 tanta
701 3333 858 3414 diligentia
882 3338 985 3392 etme-

58 3422 159 3483 moria
181 3423 385 3500 conservavit,
409 3420 481 3479 mihi
504 3419 595 3499 plane
611 3429 658 3477 est
671 3416 892 3477 difficillimum.
923 3413 984 3474 sed

57 3506 180 3567 interim
204 3504 365 3564 abstinebo
378 3502 532 3563 indicasse
545 3508 719 3577 contentus,
743 3499 843 3561 donec
859 3499 983 3560 occasio

58 3606 129 3653 sesa
143 3586 267 3668 dignior
284 3587 437 3653 obtulerit.
473 3584 655 3666 Quanquam
672 3592 702 3644 te
714 3602 780 3664 oro,
793 3583 834 3643 mi
848 3583 985 3661 Erasms,

58 3692 99 3734 na
121 3673 168 3733 sic
190 3689 248 3731 nos
271 3679 386 3753 tentes,
409 3669 493 3731 velut
515 3689 592 3730 unus
621 3668 761 3745 illorum,
788 3667 838 3747 qui
867 3666 986 3727 dicunt:

59 3757 136 3836 Quis
157 3756 243 3819 videt
270 3758 351 3819 nos?
378 3775 479 3838 neque
500 3763 598 3818 tutum
629 3760 677 3815 est
697 3753 728 3814 in
750 3773 784 3814 rs
806 3757 892 3813 tanta
921 3771 987 3813 rer·

712 3857 776 3926 13*
