2348 4162
133 252 197 321 482
353 206 377 239 ἢ
407 249 509 323 capita
525 246 592 309 fidoi
608 247 778 309 christianae

135 429 184 485 sto
207 421 321 484 donata
342 420 383 482 ad
406 420 563 503 ligandum
585 427 616 483 et
638 420 820 484 solvendum
834 425 975 502 peccata,
996 437 1054 481 non

133 507 232 567 solum
256 505 417 568 manifesta
440 514 471 566 et
483 514 558 567 nota
571 513 710 587 peccata,
732 505 786 566 sed
810 506 903 566 etiam
929 503 1055 581 occulta,

133 609 214 669 quae
234 590 318 649 solus
340 589 423 649 Deus
445 590 600 671 perspicit,
622 591 701 650 sicut
722 590 870 670 scriptum
893 593 957 648 est:
985 586 1055 662 Quis

133 674 232 750 novit,
255 681 401 752 quantum
424 671 604 753 delinquat?
646 672 687 732 Et
708 674 774 753 ipse
797 671 912 733 Paulus
935 670 1054 733 Romi

133 757 343 836 conqueritur,
374 755 457 834 qnod
480 774 571 816 carue
598 758 711 816 serviat
731 755 793 836 legi
815 755 947 834 peccati.
990 752 1054 813 Nou

133 840 213 899 enirn
238 847 284 898 est
316 847 467 916 nostrum,
504 838 558 899 sed
586 839 681 899 solius
705 838 763 898 Dei
790 837 948 918 iudicare,
981 854 1055 916 quaa

132 923 193 981 sint
216 929 360 1002 peccata,
384 929 498 1000 quanta
519 923 593 999 sint,
617 928 648 981 et
669 927 746 1001 quot
766 922 842 1001 sint,
866 921 949 981 sicut
969 920 1055 999 scrip·

133 1011 196 1064 tum
219 1012 279 1065 est:
323 1004 369 1063 Ne
403 1007 497 1064 intres
529 1006 559 1064 iu
595 1004 740 1064 iudicium
774 1022 843 1064 cum
873 1021 966 1064 servo
996 1010 1054 1081 tuo,

132 1089 277 1166 quoniam
301 1106 362 1147 non
385 1086 596 1148 iustificabitur
626 1089 656 1147 in
686 1093 856 1168 conspectu
880 1089 936 1148 tuo
960 1086 1053 1148 omnia

132 1171 248 1233 vivens.
291 1170 329 1229 Et
352 1168 463 1229 Paulus
498 1175 524 1234 1.
548 1170 619 1232 Gor.
641 1171 661 1233 4
683 1173 740 1230 ait:
770 1169 853 1230 Nihil
883 1169 959 1229 mihi
987 1187 1052 1229 con-

132 1255 213 1313 scius
236 1272 315 1330 sum,
338 1252 393 1312 sed
415 1273 477 1313 uon
500 1253 569 1314 ideo
592 1273 660 1312 sum
683 1252 876 1314 iustificatna.

455 1380 502 1440 Da
525 1381 731 1443 consessione.

215 1497 291 1557 (lum
325 1496 478 1558 absolutio
516 1517 571 1558 ssu
604 1499 650 1558 vis
674 1498 805 1558 clavium
828 1498 859 1558 iu
883 1496 1051 1577 Evangelio

130 1600 186 1661 per
209 1581 359 1641 Christum
386 1581 525 1641 instituta
555 1582 646 1641 etiam
668 1580 787 1642 adferat
808 1581 1049 1642 consolationem

132 1663 278 1725 adversus
294 1670 431 1744 'peccata
453 1670 483 1723 et
505 1663 602 1723 malas
620 1665 836 1742 conscientias,
859 1682 1050 1747 nequaquam

132 1745 224 1806 debet
245 1746 362 1807 aboleri
376 1748 405 1806 in
419 1746 559 1826 eeclesia,
582 1748 762 1827 praesertim
778 1753 907 1828 propter
929 1746 1050 1828 pavidas

131 1830 353 1910 conscientias,
389 1836 420 1889 ct
441 1838 474 1890 ut
500 1828 622 1890 effrenis
644 1831 784 1890 iuventus
808 1832 1007 1892 examinetur
1026 1834 1052 1889 et

130 1912 304 1972 instituatur
325 1914 356 1972 iu
379 1911 519 1972 doctrina
534 1912 716 1974 Christiana.
739 1912 941 1975 Enumeratio
955 1920 1049 1973 autem

132 1994 313 2056 delictorum
337 1994 428 2055 debet
452 1997 697 2075 uniouiqucesso
719 1996 824 2074 libera,
846 2003 881 2057 ut
897 2000 1051 2058 enumerat

130 2097 177 2156 ea,
200 2096 278 2156 quae
301 2077 382 2139 velit.
427 2077 580 2152 Quamdiu
616 2080 697 2139 euim
721 2078 884 2140 haeremus
908 2081 940 2139 in
954 2097 1050 2153 carne,

130 2179 191 2220 nou
215 2162 406 2238 mentiemur,
429 2163 454 2220 si
468 2161 649 2221 dixerimus:
672 2162 745 2223 Sum
765 2163 858 2223 miser
881 2162 977 2224 homo
994 2162 1049 2243 ple·

129 2263 186 2302 nus
208 2253 422 2323 peccatorum,
454 2244 544 2305 Rom.
566 2249 603 2308 7:
635 2243 741 2306 Sentio
773 2245 863 2305 aliam
901 2245 1004 2326 legem
1024 2245 1048 2304 io

130 2327 273 2386 membris
308 2329 383 2387 meis
413 2335 471 2388 etc.
516 2328 635 2387 Etenim
667 2346 735 2388 cum
758 2329 878 2408 privata
901 2327 1048 2389 absolutio

128 2409 341 2490 proficiscatur
369 2431 386 2470 a
409 2416 564 2490 potestate
587 2411 738 2491 clavium,
774 2430 834 2471 non
870 2410 967 2472 debet
987 2429 1050 2472 cou-

128 2494 239 2574 temni,
269 2492 323 2553 sed
346 2493 465 2573 plurimi
489 2492 571 2573 lieri,
601 2494 715 2554 utalia
738 2495 842 2554 omnia
864 2494 1051 2556 Christianae

128 2576 279 2636 ecelesiae
310 2574 422 2645 officia.
465 2575 505 2635 Et
537 2578 567 2636 in
590 2575 637 2636 his
660 2577 767 2654 rebus,
791 2596 871 2656 quae
895 2577 934 2638 ad
960 2584 1051 2637 exter·

127 2678 199 2718 num
234 2659 359 2719 verbum
393 2658 564 2738 pertinent,
599 2658 724 2720 tirmiter
763 2660 963 2720 statuendum
1001 2665 1049 2735 est,

128 2741 226 2801 Deum
261 2743 374 2802 nemini
398 2762 484 2801 suum
518 2743 657 2822 spiritum
697 2750 749 2802 aut
786 2744 918 2823 gratiam
944 2742 1049 2825 largiri,

127 2826 185 2884 nisi
208 2825 417 2885 intercedente
439 2832 491 2884 aut
513 2825 719 2905 praecedente
742 2835 871 2886 externo
894 2826 1001 2904 verbo,
1022 2830 1050 2884 ut

127 2908 216 2968 nobis
238 2927 402 2968 caveamus
426 2907 464 2967 ab
488 2907 702 2987 enthusiastis,
724 2907 784 2969 hoo
807 2914 871 2987 est,
901 2928 920 2969 a
943 2908 1050 2989 spiriti·

127 2989 192 3066 bus,
216 2992 266 3069 qui
290 2991 459 3070 gloriantur
481 3011 514 3050 se
532 2991 649 3070 absque
671 2993 765 3053 verbo
789 2998 905 3053 etanta
927 2992 1048 3053 verbum

126 3071 241 3134 habere
264 3076 418 3153 spiritum,
443 3080 472 3133 et
494 3081 603 3154 postea
625 3074 812 3154 Scripturam
836 3081 868 3135 et
890 3080 1046 3135 externum

126 3156 252 3215 verbum
275 3156 420 3234 iudicant,
444 3157 681 3236 interpretantur
704 3164 735 3218 et
757 3165 905 3236 torquent
925 3177 984 3239 pro
997 3174 1048 3218 suo

96 3286 99 3293 .
125 3238 266 3318 arbitria,
290 3241 368 3300 siout
388 3240 461 3300 fecit
481 3237 689 3321 Monetarius,
713 3249 745 3301 et
769 3240 871 3302 adhuc
892 3241 989 3302 hodie
1009 3240 1048 3301 ia·

125 3322 209 3382 ciunt
230 3322 363 3403 plurimi,
387 3324 438 3402 qui
460 3323 540 3383 inter
561 3325 699 3403 spiritum
723 3331 754 3384 et
775 3324 898 3384 literam
913 3322 1048 3385 acerrimi

123 3405 241 3465 iudices
275 3424 344 3465 esse
366 3405 474 3466 volunt
496 3425 597 3486 neque
619 3408 734 3485 sciunt,
764 3406 836 3486 quid
870 3406 976 3468 dicant
1004 3412 1049 3467 aut

124 3487 254 3551 tradunt.
298 3488 375 3548 Num
413 3496 443 3549 et
464 3497 597 3569 papatus
620 3497 667 3550 est
690 3509 789 3551 merus
813 3490 1048 3567 enthusiasmos,

123 3572 236 3649 inquo
262 3572 514 3652 papagloriatur
551 3574 655 3634 omnia
694 3575 761 3633 iura
790 3592 861 3634 esse
884 3575 916 3634 in
939 3573 1046 3635 scrinio

124 3654 258 3732 pectoris
281 3655 327 3713 sui
339 3701 348 3734 ,
382 3660 414 3714 et
441 3655 584 3734 quioquid
609 3674 678 3715 cnm
701 3655 834 3716 ecclesia
857 3674 915 3718 sua
937 3657 1046 3718 iudicat

123 3741 155 3797 et
176 3735 269 3816 iubet,
291 3735 322 3796 id
345 3755 414 3798 esse
436 3739 574 3820 spiritum
598 3744 629 3800 et
644 3740 768 3820 iustum,
790 3739 914 3803 etiamsi
934 3744 1046 3825 pugnat
