2348 4162
280 233 317 290 ad
334 233 369 291 D.
385 234 530 291 Erasmnm
549 235 773 295 Rotarodamum.
926 234 989 302 257

65 398 145 466 Nam
171 421 239 465 oum
264 424 322 486 per
342 424 410 466 sese
432 406 493 466 sint
514 410 613 468 aversi
636 408 704 487 ipsa
721 412 849 467 naturae
864 425 987 487 eorrup-

66 487 160 568 tione,
183 493 248 548 tum
272 488 366 548 multo
388 490 485 570 magis
509 495 686 551 avertuntur
708 496 739 551 et
758 490 880 571 peiores
901 490 988 572 flunt,
1026 493 1029 498 ’

66 569 136 629 dum
158 570 295 651 ipsorum
319 573 473 634 aversioni
494 574 644 633 resistitur
665 579 717 633 aut
734 572 909 636 detrahitur.
933 571 987 636 Sia

65 652 218 714 Pharaoni
249 656 344 737 impio
368 663 526 736 erepturus
550 656 741 736 tyrannidem
764 657 893 717 irritavit
916 676 984 717 eum

65 742 95 796 et
116 738 218 818 magis
239 738 394 799 induravit
406 746 438 800 et
452 741 633 819 aggravavit
649 758 703 800 eor
715 740 793 819 eius,
816 738 886 799 dum
900 739 985 800 illum

65 820 268 900 perverbum
291 822 385 901 Mosi,
419 823 502 883 velut
522 842 650 902 regnum
673 823 802 885 ablaturi
839 829 868 883 et
890 841 986 903 popu-

65 903 126 964 lum
143 898 221 965 Euae
239 905 393 986 tyrannidi
410 906 602 985 subtraoturi,
625 908 746 988 invasit,
769 911 799 967 et
821 906 901 965 intus
925 907 986 984 spi-

64 986 152 1047 ritum
176 1006 240 1048 non
269 986 367 1069 dedit,
397 988 451 1048 sed
479 990 574 1069 ipsius
604 991 728 1070 impiam
760 990 986 1069 corruptionem

64 1071 203 1150 permisit
224 1069 339 1134 Satana
361 1078 509 1152 regnante
537 1091 734 1153 succensere,
770 1074 985 1152 intumescere,

64 1152 164 1216 iurare
186 1161 218 1216 et
237 1154 407 1236 proaedere
429 1174 497 1215 num
521 1157 683 1217 securitate
712 1155 843 1237 quadam
868 1161 899 1217 et
914 1174 986 1217 oon·

64 1242 122 1297 tem
148 1243 192 1300 tu.

124 1256 217 1382 pNon
234 1321 327 1401 igitur
339 1322 492 1401 quispiam
505 1323 629 1403 oogitet,
652 1323 761 1401 Deum,
785 1340 855 1382 oum
878 1321 986 1383 dieitur

63 1403 205 1464 indurare
227 1411 280 1464 aut
296 1404 409 1465 malum
427 1407 457 1464 in
475 1402 563 1467 nobis
586 1405 706 1485 operari
730 1404 891 1482 (indurare
904 1406 984 1466 enirn

64 1492 109 1548 est
129 1486 246 1548 malum
268 1485 408 1569 lasere),
441 1489 485 1548 sie
507 1489 631 1567 faeere,
664 1489 751 1568 quasi
779 1486 819 1548 de
847 1506 930 1548 novo
952 1489 983 1547 in
1086 1534 1089 1539 ,
1135 1532 1138 1537 -

63 1569 151 1633 nobis
183 1569 296 1632 malum
319 1578 418 1651 oreet,
448 1580 485 1631 ao
508 1572 533 1631 si
555 1570 653 1652 fingas
682 1570 849 1650 malignum
871 1589 983 1650 oaupo·

63 1672 142 1733 nem,
166 1655 218 1734 qui
239 1655 306 1735 ipse
328 1654 426 1714 malus
447 1655 478 1714 in
502 1673 556 1714 vas
579 1674 642 1715 non
665 1654 781 1714 malum
803 1652 908 1714 fundat
930 1659 984 1714 aut

63 1741 214 1818 temperat
234 1757 402 1817 venenum,
432 1738 500 1818 ipso
522 1757 597 1798 vase
619 1737 691 1797 nihil
713 1737 861 1815 faciente,
892 1755 983 1816 quam

63 1818 142 1900 quod
168 1820 297 1901 resipiat
308 1821 356 1882 vel
368 1821 502 1901 patiatur
518 1821 731 1901 temperatoris
750 1820 980 1900 malignitatem.

62 1903 111 1985 βία
131 1904 216 1963 enim
238 1902 355 1985 fingere
376 1905 517 1966 videntur
538 1903 693 1965 hominem
708 1923 763 1984 per
785 1922 853 1964 sese
867 1903 981 1964 bonum

63 1993 199 2048 autnon
222 1987 336 2048 malum
358 1989 422 2067 pati
445 2007 463 2047 a
486 1987 551 2047 Deo
574 1987 687 2048 malurn
710 2005 805 2068 opus,
835 1985 905 2047 dum
929 2007 982 2047 au-

63 2068 147 2131 diunt
171 2088 191 2130 a
212 2070 300 2132 nobis
323 2069 393 2151 diei,
414 2070 515 2133 Deum
537 2072 567 2130 in
590 2072 679 2133 nobis
703 2071 822 2149 operari
844 2070 927 2131 bona
950 2076 983 2131 et

63 2153 159 2233 mala,
183 2171 302 2233 nosque
326 2174 409 2214 mera
430 2155 615 2215 necessitate
638 2156 761 2234 passiva
782 2153 888 2213 sublini
913 2153 980 2214 Deo

62 2238 218 2318 operanti,
247 2254 310 2298 non
333 2239 407 2311 satis
430 2238 623 2319 cogitantes,
648 2256 743 2317 quam
765 2238 919 2317 inquietus
942 2238 982 2296 sit

61 2329 147 2382 notor
180 2320 264 2382 Deus
291 2322 323 2381 in
357 2321 499 2383 omnibus
531 2321 676 2380 oreaturis
709 2321 770 2380 suis
804 2319 981 2398 nullamque

62 2405 142 2465 sinat
173 2403 283 2464 feriari.
327 2402 387 2464 Sed
416 2405 459 2465 its
484 2405 617 2483 nogitet,
651 2404 701 2483 qni
731 2409 885 2481 uteunque
908 2403 982 2462 talia

62 2486 146 2549 volet
173 2486 345 2567 intelligere
373 2489 403 2547 in
431 2486 537 2562 nobis,
572 2486 690 2566 idest,
726 2505 782 2566 per
804 2503 860 2546 nos
882 2485 981 2545 Deum

61 2571 182 2651 operari
206 2569 296 2650 mala,
318 2589 380 2631 non
404 2571 493 2650 eulpa
515 2569 589 2646 Dei,
611 2568 665 2629 sed
689 2570 762 2629 vitio
785 2575 908 2645 nostro,
932 2569 983 2648 qui

62 2671 128 2714 oum
155 2654 250 2713 simus
274 2661 382 2715 natura
405 2653 487 2732 mali,
510 2652 594 2713 Deus
616 2671 689 2713 vaso
713 2651 830 2732 bonus,
854 2670 911 2711 nos
933 2670 981 2711 ao·

61 2738 145 2799 tione
181 2755 237 2797 ana
263 2756 319 2816 pro
348 2743 458 2797 natura
480 2736 722 2817 omnipotentiae
753 2754 828 2795 suae
850 2736 983 2816 rapiens,

61 2820 261 2881 aliteriaoere
273 2838 333 2881 non
347 2821 455 2901 possit,
479 2839 570 2900 quam
583 2818 665 2899 quod
687 2820 754 2899 ipse
777 2818 875 2879 bonus
898 2817 997 2878 malo-

59 2904 263 2973 instrumento
285 2904 397 2964 malurn
421 2903 529 2983 faeiat,
560 2902 634 2963 lieet
655 2903 715 2963 hoe
738 2903 819 2963 malo
846 2920 902 2982 pro
925 2920 983 2963 sua

60 2988 212 3068 sapientia
241 2992 342 3048 utatur
374 2988 453 3048 bene
475 2985 513 3046 ad
536 2986 665 3066 gloriam
688 3005 774 3046 suam
798 2992 829 3047 et
850 2985 980 3046 salutem
1049 3063 1053 3069 Ι

37 3077 210 3132 .nostram.
1058 3132 1062 3137 ,

142 3153 195 3215 Sio
216 3153 351 3216 Satanae
373 3153 561 3214 voluntatem
585 3148 696 3212 malam
719 3152 896 3231 inveniens,
919 3160 982 3212 non

61 3242 162 3298 antem
186 3255 304 3317 ereans,
327 3235 381 3296 sed
404 3236 564 3298 deserente
579 3237 645 3296 Deo
659 3242 690 3296 et
700 3241 850 3315 peooante
865 3233 983 3295 Salano

60 3319 172 3381 malam
185 3319 307 3381 -faotam
330 3321 435 3400 arripit
457 3318 634 3400 operando,
657 3326 688 3379 et
708 3325 813 3379 movet
835 3335 982 3397 quorsum

62 3402 133 3484 vult,
156 3403 229 3464 lieet
248 3403 301 3464 illa
324 3403 465 3464 voluntas
488 3402 568 3463 mala
591 3420 660 3462 esse
683 3420 744 3462 non
769 3401 898 3481 desinat,
921 3399 983 3461 hoo

59 3486 127 3566 ipso
150 3496 235 3548 motu
249 3486 319 3549 Dei.
341 3485 410 3548 Hos
424 3487 527 3547 modo¹
541 3485 618 3545 dixit
627 3484 727 3545 David
751 3485 779 3547 2.
796 3481 931 3547 Samuel.
945 3486 982 3547 16

61 3567 98 3630 de
114 3568 211 3632 Simei
220 3567 268 3654 1);
292 3569 365 3632 Sine
378 3569 474 3651 illum,
498 3575 530 3630 ut
543 3568 714 3647 maledioat,
738 3567 888 3629 Dominus
901 3566 983 3626 enim

128 3778 160 3847 1)
182 3776 214 3832 In
233 3776 276 3833 ed.
297 3775 366 3834 1525
386 3782 414 3831 et
433 3776 517 3834 1526:
541 3775 559 3830 2
577 3774 652 3843 Bag.
672 3771 708 3828 de
726 3771 816 3830 Simei.

84 3885 174 3927 aunon
189 3895 246 3936 opp.
260 3885 286 3927 v.
302 3885 327 3925 a
344 3883 373 3924 aa
386 3883 427 3923 rer.
442 3882 493 3923 unu
508 3883 522 3924 r.
537 3893 560 3932 p.
574 3881 623 3924 vor.
640 3881 690 3923 vn.
823 3850 857 3913 lt
