2348 4162
284 223 325 300 ad
339 241 375 329 Β.
393 242 538 301 amenum
554 204 779 302 Rotarodamum.
915 252 917 257 ’
930 241 993 311 201

73 410 166 495 plana
185 411 321 491 videret,
355 433 446 476 unam
468 433 537 476 esse
559 415 648 477 trium
672 415 849 495 opinionum
873 421 993 477 oenten-

74 496 158 566 tam,
181 514 259 574 quas
296 496 432 559 diversas
457 505 487 559 et
519 507 692 579 pugnantes
717 497 799 562 lacit.
842 497 994 578 Numqui

74 579 178 640 amisit
201 578 371 641 libertatem
397 588 428 643 et
463 583 581 661 angitur
616 583 732 643 servire
770 589 899 663 peceato
939 600 996 643 neo

73 669 178 744 potent
198 663 280 724 valle
309 664 438 737 bonum,
475 666 545 745 quid
570 665 608 726 da
630 666 682 726 illo
705 667 818 724 rectius
839 663 993 735 inferetur,

74 763 164 822 qaam
188 750 364 809 neeessario
386 747 515 817 illum¹)
539 768 668 829 peecare
691 748 739 809 vel
759 748 870 808 malum
894 746 993 809 vellel

74 826 124 891 Sia
146 831 230 890 enim
254 838 285 890 et
306 829 469 911 Sopbiatae
492 820 710 893 concluderent
732 851 785 912 per
807 849 879 891 euna
902 830 994 910 ayllo-

74 911 201 992 giamoa.
245 911 348 990 Quare
381 914 509 976 diatriba
540 916 701 976 infeliciter
727 915 816 975 nimie
840 911 994 974 conflicta·

74 999 118 1056 tur
139 1003 251 1057 oontra
284 996 360 1057 duas
394 1006 582 1079 postremas,
619 999 688 1059 dum
722 1000 851 1079 primam
875 995 994 1077 probat,

74 1094 151 1156 quae
189 1078 297 1140 eadem
333 1088 379 1141 est
407 1082 572 1156 cumillis,
606 1082 714 1143 iterum
739 1100 823 1141 more
846 1098 902 1140 auo
925 1098 994 1139 aeae

74 1159 249 1322 mainil?
284 1170 316 1224 et
343 1172 449 1225 nostra
481 1165 641 1245 probando
672 1166 703 1225 in
727 1183 787 1226 uno
821 1164 994 1244 eodemque

72 1245 201 1306 artiouo
249 1289 258 1307 .

154 1324 323 1389 Veniamus
345 1349 428 1390 nuno
449 1329 487 1390 ad
510 1329 612 1391 locum
630 1329 850 1397 aeclesiastici.
873 1335 903 1388 et
925 1348 993 1389 eum
1016 1380 1018 1385 .

72 1411 139 1491 ipso
162 1429 288 1491 quoque
310 1431 526 1491 comparemur
550 1415 678 1493 primam
696 1414 778 1473 illam
802 1412 992 1488 probabilem

74 1487 262 1574 opinionem.
306 1495 419 1574 Opinio
458 1497 545 1557 dicit:
569 1496 707 1556 Liberum
743 1496 898 1557 arbitrium
931 1513 994 1556 non

73 1595 165 1656 ponae
189 1577 268 1638 velie
290 1577 414 1638 bonum.
439 1578 526 1640 loeus
549 1587 649 1640 autem
667 1579 874 1640 Eoeleaiastiei
900 1577 994 1638 addu-

74 1660 150 1721 citur
170 1658 211 1721 ad
233 1661 443 1741 probandum:
466 1663 605 1724 Liberum
627 1662 782 1725 arbitrium
797 1660 910 1735 aliquid
927 1679 994 1721 esee

73 1749 101 1804 et
121 1761 228 1823 ponae.
273 1744 363 1805 Aliud
396 1746 486 1826 igitur
508 1747 613 1807 statuit
635 1746 739 1826 opinio
762 1765 817 1825 per
838 1743 994 1805 Ecclesia-

73 1825 180 1887 rtienm
204 1825 426 1904 confirmanda,
450 1829 540 1891 etad
563 1828 646 1890 aliud
670 1828 820 1908 allegatur
843 1827 994 1887 Ecclesia·

73 1910 166 1969 rtioua
197 1908 456 1992 ooolirmandum,
492 1907 637 1991 ¹tanquam
669 1912 694 1972 ai
722 1914 789 1992 quis
811 1909 993 1993 probaturus

72 1991 119 2067 rit,
131 1991 286 2054 Christum
310 2014 378 2055 esee
391 1994 545 2067 Messinm,
569 1995 701 2056 adducat
722 1995 835 2064 lucum,
859 1994 908 2073 qui
926 2013 994 2074 pro·

72 2072 131 2150 bet,
146 2074 276 2137 Pilatum
301 2078 396 2139 fuisse
409 2078 582 2140 Praesidem
600 2078 706 2160 Syriae
731 2088 783 2140 aut
804 2077 885 2138 aliud
908 2079 994 2156 quip-

73 2159 173 2239 piam,
208 2158 290 2238 quod
325 2160 371 2221 dia
401 2161 451 2221 dia
480 2181 579 2241 paeon
603 2162 777 2226 conveniat.
821 2160 872 2221 Sio
894 2166 925 2221 et
945 2160 996 2220 hio
1101 2175 1106 2185 ·

72 2239 221 2322 probatur
241 2241 370 2305 liberum
395 2244 566 2325 arbitrium,
589 2252 623 2306 ut
644 2253 773 2322 taceam,
797 2243 879 2324 quod
903 2262 996 2322 supra

74 2324 181 2405 exegi,
209 2324 283 2386 nihil
307 2327 389 2389 clare
411 2338 558 2407 certoque
581 2328 657 2406 diei,
680 2333 732 2389 a'ut
749 2327 888 2407 probari,
923 2325 993 2405 quid

73 2408 119 2481 rit,
143 2407 216 2487 quid
240 2409 337 2489 poenit
359 2409 487 2472 liberum
512 2410 678 2475 arbitrium.
707 2409 768 2472 Sed
791 2410 915 2492 dignum
939 2415 995 2490 eat,

72 2496 169 2553 totum
195 2511 263 2552 eum
287 2491 388 2553 locum
412 2492 581 2575 pervidere.

153 2572 259 2639 Primo
283 2574 372 2637 dicit:
395 2576 479 2639 Deua
503 2575 661 2639 constituit
679 2575 835 2635 hominem
848 2573 887 2635 ab
898 2574 995 2638 initio.

74 2655 131 2719 Hie
154 2655 194 2718 de
216 2659 374 2720 creatione
395 2658 528 2721 hominis
545 2659 687 2739 loquitur,
710 2677 769 2719 neo
790 2657 891 2718 adbuo
912 2657 996 2737 quid·

72 2757 162 2821 quam
188 2741 235 2801 vel
259 2740 415 2804 delibero
439 2743 575 2821 arbitrio,
599 2741 647 2803 vel
670 2741 709 2802 de
722 2744 895 2821 praeceptis
912 2740 994 2804 dicit.

153 2822 316 2904 Sequitur:
337 2823 379 2887 Et
399 2827 519 2906 reliquit
542 2846 610 2888 eum
633 2826 664 2886 in
688 2845 779 2885 manu
795 2823 913 2888 coneilii
938 2823 994 2887 sui.

72 2904 152 2983 Quid
176 2906 250 2969 hio?
279 2927 319 2968 an
353 2907 403 2969 hio
424 2908 554 2971 liberum
578 2909 733 2971 arbitrium
757 2906 929 2971 astruitur?
954 2905 1007 2968 At.

71 3007 109 3051 ne
141 2990 194 3052 hio
221 2990 344 3071 quidem
367 2991 401 3052 fit
423 2995 538 3054 mentio
561 2994 599 3054 de
629 2993 818 3074 praeceptis,
851 3010 907 3072 pro
931 2991 995 3070 qui·

71 3069 127 3133 bua
162 3072 291 3135 liberum
327 3073 483 3137 arbitrium
507 3077 653 3158 exigitur,
683 3095 742 3138 neo
762 3075 927 3156 quidquam
957 3073 996 3135 de

71 3153 130 3217 bno
151 3175 185 3216 re
216 3155 329 3240 legitur
349 3158 380 3219 in
403 3161 558 3222 creatione
581 3161 725 3223 hominia.
768 3158 799 3221 st
823 3161 914 3239 igitur
937 3156 993 3218 ali-

72 3238 142 3319 quid
166 3241 241 3319 (per
263 3260 385 3301 manum
408 3241 545 3327 consilii)
568 3243 757 3324 intelligitur,
778 3241 808 3301 id
831 3242 932 3322 potius
950 3241 994 3301 in-

71 3321 233 3402 telligitur,
256 3324 338 3403 quod
361 3324 439 3388 Gen.
462 3330 479 3391 1
504 3332 536 3388 et
558 3329 592 3390 2:
616 3326 717 3389 Homo
740 3327 923 3386 constitutus
948 3329 996 3384 eat

71 3402 222 3469 Dominus
244 3426 361 3490 rerum,
394 3417 427 3471 ut
447 3411 478 3471 in
505 3410 565 3472 illis
587 3408 681 3472 libere
704 3409 927 3488 dominaretur,
961 3412 995 3467 ut

140 3691 174 3753 1)
195 3689 281 3748 Ibida
300 3707 383 3762 quam
411 3709 467 3749 non
498 3693 552 3748 nini
577 3693 661 3750 illurn.
699 3692 732 3763 2)
752 3693 786 3750 In
804 3690 848 3765 ed,
879 3692 947 3761 1525
966 3696 994 3759 at

75 3762 157 3822 taam
175 3762 204 3820 in
222 3778 279 3821 uno
297 3764 451 3837 eademque
469 3765 593 3822 ardoulo
637 3806 640 3811 -
