<?xml version="1.0" encoding="UTF-8"?>
<!DOCTYPE html PUBLIC "-//W3C//DTD XHTML 1.0 Transitional//EN"
    "http://www.w3.org/TR/xhtml1/DTD/xhtml1-transitional.dtd">
<html xmlns="http://www.w3.org/1999/xhtml" xml:lang="en" lang="en">
 <head>
  <title>
</title>
<meta http-equiv="Content-Type" content="text/html;charset=utf-8" />
  <meta name='ocr-system' content='tesseract 3.04.00' />
  <meta name='ocr-capabilities' content='ocr_page ocr_carea ocr_par ocr_line ocrx_word'/>
</head>
<body>
  <div class='ocr_page' id='page_1' title='image "./dmartinilutheri02luthgoog_0478.png"; bbox 0 0 2348 4162; ppageno 0'>
   <div class='ocr_carea' id='block_1_1' title="bbox 264 238 1038 319">
    <p class='ocr_par' dir='ltr' id='par_1_1' title="bbox 264 238 1038 319">
     <span class='ocr_line' id='line_1_1' title="bbox 264 238 1038 319; baseline 0.006 -16"><span class='ocrx_word' id='word_1_1' title='bbox 264 254 294 317; x_wconf 40' lang='lat' dir='ltr'>c..</span> <span class='ocrx_word' id='word_1_2' title='bbox 306 259 372 319; x_wconf 86' lang='lat' dir='ltr'>pap.</span> <span class='ocrx_word' id='word_1_3' title='bbox 391 252 420 305; x_wconf 89' lang='lat' dir='ltr'>st</span> <span class='ocrx_word' id='word_1_4' title='bbox 438 253 509 319; x_wconf 85' lang='lat' dir='ltr'>port</span> <span class='ocrx_word' id='word_1_5' title='bbox 529 238 577 304; x_wconf 84' lang='lat' dir='ltr'>ini.</span> <span class='ocrx_word' id='word_1_6' title='bbox 598 254 685 306; x_wconf 90' lang='lat' dir='ltr'>const.</span> <span class='ocrx_word' id='word_1_7' title='bbox 705 246 866 307; x_wconf 78' lang='lat' dir='ltr'>asserenda.</span> <span class='ocrx_word' id='word_1_8' title='bbox 974 241 1038 316; x_wconf 80' lang='grc'>465</span> 
     </span>
    </p>
   </div>
   <div class='ocr_carea' id='block_1_2' title="bbox 113 416 1039 830">
    <p class='ocr_par' dir='ltr' id='par_1_2' title="bbox 113 416 1039 830">
     <span class='ocr_line' id='line_1_2' title="bbox 114 416 1038 500; baseline 0.002 -21"><span class='ocrx_word' id='word_1_9' title='bbox 114 418 151 479; x_wconf 83' lang='lat' dir='ltr'>lis</span> <span class='ocrx_word' id='word_1_10' title='bbox 173 417 275 499; x_wconf 88' lang='lat' dir='ltr'>piane,</span> <span class='ocrx_word' id='word_1_11' title='bbox 298 437 389 498; x_wconf 87' lang='lat' dir='ltr'>qnam</span> <span class='ocrx_word' id='word_1_12' title='bbox 403 417 527 478; x_wconf 85' lang='lat' dir='ltr'>verbnm</span> <span class='ocrx_word' id='word_1_13' title='bbox 545 416 603 478; x_wconf 89' lang='lat' dir='ltr'>Dei</span> <span class='ocrx_word' id='word_1_14' title='bbox 625 437 726 497; x_wconf 90' lang='lat' dir='ltr'>neque</span> <span class='ocrx_word' id='word_1_15' title='bbox 746 419 913 500; x_wconf 88' lang='lat' dir='ltr'>praecepit,</span> <span class='ocrx_word' id='word_1_16' title='bbox 937 437 1038 500; x_wconf 90' lang='lat' dir='ltr'>neque</span> 
     </span>
     <span class='ocr_line' id='line_1_3' title="bbox 113 499 1039 583; baseline 0.001 -21"><span class='ocrx_word' id='word_1_17' title='bbox 113 500 276 565; x_wconf 84' lang='lat' dir='ltr'>consuluit.</span> <span class='ocrx_word' id='word_1_18' title='bbox 326 499 385 562; x_wconf 82' lang='lat' dir='ltr'>Sed</span> <span class='ocrx_word' id='word_1_19' title='bbox 421 500 495 561; x_wconf 88' lang='lat' dir='ltr'>iilud</span> <span class='ocrx_word' id='word_1_20' title='bbox 518 501 684 580; x_wconf 88' lang='lat' dir='ltr'>pessimum</span> <span class='ocrx_word' id='word_1_21' title='bbox 712 509 775 579; x_wconf 90' lang='lat' dir='ltr'>est,</span> <span class='ocrx_word' id='word_1_22' title='bbox 808 503 1039 583; x_wconf 90' lang='lat' dir='ltr'>quodpropter</span> 
     </span>
     <span class='ocr_line' id='line_1_4' title="bbox 113 584 1037 667; baseline 0.001 -22"><span class='ocrx_word' id='word_1_23' title='bbox 113 585 257 664; x_wconf 90' lang='lat' dir='ltr'>reliquias</span> <span class='ocrx_word' id='word_1_24' title='bbox 280 584 461 646; x_wconf 80' lang='lat' dir='ltr'>Sanctorum</span> <span class='ocrx_word' id='word_1_25' title='bbox 490 590 632 665; x_wconf 82' lang='lat' dir='ltr'><strong>tanquam</strong></span> <span class='ocrx_word' id='word_1_26' title='bbox 662 593 788 665; x_wconf 91' lang='lat' dir='ltr'>propter</span> <span class='ocrx_word' id='word_1_27' title='bbox 821 587 934 646; x_wconf 93' lang='lat' dir='ltr'>bonum</span> <span class='ocrx_word' id='word_1_28' title='bbox 959 605 1037 667; x_wconf 90' lang='lat' dir='ltr'>opus</span> 
     </span>
     <span class='ocr_line' id='line_1_5' title="bbox 114 666 1037 750; baseline 0 -21"><span class='ocrx_word' id='word_1_29' title='bbox 114 676 144 729; x_wconf 82' lang='lat' dir='ltr'>ct</span> <span class='ocrx_word' id='word_1_30' title='bbox 166 667 297 746; x_wconf 89' lang='lat' dir='ltr'>cultum,</span> <span class='ocrx_word' id='word_1_31' title='bbox 333 673 366 728; x_wconf 93' lang='lat' dir='ltr'>ut</span> <span class='ocrx_word' id='word_1_32' title='bbox 386 667 527 749; x_wconf 80' lang='lat' dir='ltr'>Missam,</span> <span class='ocrx_word' id='word_1_33' title='bbox 560 666 625 728; x_wconf 87' lang='lat' dir='ltr'>dari</span> <span class='ocrx_word' id='word_1_34' title='bbox 652 666 805 729; x_wconf 88' lang='lat' dir='ltr'>finxerunt</span> <span class='ocrx_word' id='word_1_35' title='bbox 830 668 1037 750; x_wconf 86' lang='lat' dir='ltr'>indulgentias</span> 
     </span>
     <span class='ocr_line' id='line_1_6' title="bbox 113 749 609 830; baseline -0.006 -17"><span class='ocrx_word' id='word_1_36' title='bbox 113 756 150 813; x_wconf 77' lang='lat' dir='ltr'>et‘</span> <span class='ocrx_word' id='word_1_37' title='bbox 164 749 389 813; x_wconf 88' lang='lat' dir='ltr'>remissionem·</span> <span class='ocrx_word' id='word_1_38' title='bbox 401 758 609 830; x_wconf 89' lang='lat' dir='ltr'>peccatorum.</span> 
     </span>
    </p>
   </div>
   <div class='ocr_carea' id='block_1_3' title="bbox 112 884 1037 1549">
    <p class='ocr_par' dir='ltr' id='par_1_3' title="bbox 112 884 1037 1549">
     <span class='ocr_line' id='line_1_7' title="bbox 196 884 1037 967; baseline 0 -20"><span class='ocrx_word' id='word_1_39' title='bbox 196 884 302 947; x_wconf 81' lang='lat' dir='ltr'>Sexto.</span> <span class='ocrx_word' id='word_1_40' title='bbox 346 885 412 945; x_wconf 90' lang='lat' dir='ltr'>Huc</span> <span class='ocrx_word' id='word_1_41' title='bbox 434 886 587 966; x_wconf 81' lang='lat' dir='ltr'>pertinent</span> <span class='ocrx_word' id='word_1_42' title='bbox 606 884 825 965; x_wconf 81' lang='lat' dir='ltr'>indulgentiae,</span> <span class='ocrx_word' id='word_1_43' title='bbox 859 905 939 967; x_wconf 88' lang='lat' dir='ltr'>quae</span> <span class='ocrx_word' id='word_1_44' title='bbox 960 887 1037 948; x_wconf 85' lang='lat' dir='ltr'>vivis</span> 
     </span>
     <span class='ocr_line' id='line_1_8' title="bbox 113 968 1036 1051; baseline -0.002 -20"><span class='ocrx_word' id='word_1_45' title='bbox 113 976 144 1031; x_wconf 90' lang='lat' dir='ltr'>et</span> <span class='ocrx_word' id='word_1_46' title='bbox 165 969 293 1030; x_wconf 82' lang='lat' dir='ltr'>mortuis</span> <span class='ocrx_word' id='word_1_47' title='bbox 326 974 397 1029; x_wconf 91' lang='lat' dir='ltr'>suut</span> <span class='ocrx_word' id='word_1_48' title='bbox 427 968 559 1029; x_wconf 90' lang='lat' dir='ltr'>donatae</span> <span class='ocrx_word' id='word_1_49' title='bbox 591 968 662 1050; x_wconf 84' lang='lat' dir='ltr'>(sed</span> <span class='ocrx_word' id='word_1_50' title='bbox 691 976 817 1049; x_wconf 87' lang='lat' dir='ltr'>propter</span> <span class='ocrx_word' id='word_1_51' title='bbox 846 969 1036 1051; x_wconf 88' lang='lat' dir='ltr'>pecuniam),</span> 
     </span>
     <span class='ocr_line' id='line_1_9' title="bbox 113 1050 1037 1133; baseline 0 -19"><span class='ocrx_word' id='word_1_52' title='bbox 113 1054 142 1114; x_wconf 93' lang='lat' dir='ltr'>in</span> <span class='ocrx_word' id='word_1_53' title='bbox 171 1052 282 1131; x_wconf 89' lang='lat' dir='ltr'>quibus</span> <span class='ocrx_word' id='word_1_54' title='bbox 310 1050 480 1131; x_wconf 77' lang='lat' dir='ltr'>sacrilegus</span> <span class='ocrx_word' id='word_1_55' title='bbox 509 1053 566 1112; x_wconf 86' lang='lat' dir='ltr'>iste</span> <span class='ocrx_word' id='word_1_56' title='bbox 598 1051 689 1111; x_wconf 87' lang='lat' dir='ltr'>ludas</span> <span class='ocrx_word' id='word_1_57' title='bbox 724 1059 777 1112; x_wconf 91' lang='lat' dir='ltr'>aut</span> <span class='ocrx_word' id='word_1_58' title='bbox 813 1072 895 1133; x_wconf 87' lang='lat' dir='ltr'>papa</span> <span class='ocrx_word' id='word_1_59' title='bbox 929 1054 1037 1114; x_wconf 89' lang='lat' dir='ltr'>merita</span> 
     </span>
     <span class='ocr_line' id='line_1_10' title="bbox 114 1133 1036 1214; baseline 0.001 -18"><span class='ocrx_word' id='word_1_60' title='bbox 114 1135 226 1197; x_wconf 83' lang='lat' dir='ltr'>Christi</span> <span class='ocrx_word' id='word_1_61' title='bbox 249 1154 308 1195; x_wconf 89' lang='lat' dir='ltr'>una</span> <span class='ocrx_word' id='word_1_62' title='bbox 331 1153 398 1195; x_wconf 90' lang='lat' dir='ltr'>cnm</span> <span class='ocrx_word' id='word_1_63' title='bbox 424 1133 584 1214; x_wconf 83' lang='lat' dir='ltr'>superfluis</span> <span class='ocrx_word' id='word_1_64' title='bbox 619 1136 732 1194; x_wconf 90' lang='lat' dir='ltr'>meritis</span> <span class='ocrx_word' id='word_1_65' title='bbox 756 1138 891 1197; x_wconf 90' lang='lat' dir='ltr'>omnium</span> <span class='ocrx_word' id='word_1_66' title='bbox 915 1144 1036 1197; x_wconf 86' lang='lat' dir='ltr'>sancto·</span> 
     </span>
     <span class='ocr_line' id='line_1_11' title="bbox 112 1217 1036 1293; baseline 0 -14"><span class='ocrx_word' id='word_1_67' title='bbox 112 1238 178 1281; x_wconf 88' lang='lat' dir='ltr'>rum</span> <span class='ocrx_word' id='word_1_68' title='bbox 201 1226 232 1279; x_wconf 94' lang='lat' dir='ltr'>et</span> <span class='ocrx_word' id='word_1_69' title='bbox 248 1219 339 1279; x_wconf 86' lang='lat' dir='ltr'>totius</span> <span class='ocrx_word' id='word_1_70' title='bbox 358 1217 506 1277; x_wconf 88' lang='lat' dir='ltr'>ecciesiae</span> <span class='ocrx_word' id='word_1_71' title='bbox 529 1217 641 1281; x_wconf 83' lang='lat' dir='ltr'>vendit.</span> <span class='ocrx_word' id='word_1_72' title='bbox 678 1217 780 1293; x_wconf 80' lang='lat' dir='ltr'>Quare</span> <span class='ocrx_word' id='word_1_73' title='bbox 796 1222 899 1279; x_wconf 90' lang='lat' dir='ltr'>omnia</span> <span class='ocrx_word' id='word_1_74' title='bbox 913 1221 1036 1280; x_wconf 87' lang='lat' dir='ltr'>minime</span> 
     </span>
     <span class='ocr_line' id='line_1_12' title="bbox 112 1300 1036 1381; baseline 0 -18"><span class='ocrx_word' id='word_1_75' title='bbox 112 1308 184 1363; x_wconf 90' lang='lat' dir='ltr'>sunt</span> <span class='ocrx_word' id='word_1_76' title='bbox 205 1300 375 1364; x_wconf 78' lang='lat' dir='ltr'>toleranda.</span> <span class='ocrx_word' id='word_1_77' title='bbox 419 1300 487 1361; x_wconf 86' lang='lat' dir='ltr'>Nou</span> <span class='ocrx_word' id='word_1_78' title='bbox 511 1301 591 1360; x_wconf 91' lang='lat' dir='ltr'>euim</span> <span class='ocrx_word' id='word_1_79' title='bbox 615 1301 713 1361; x_wconf 91' lang='lat' dir='ltr'>solum</span> <span class='ocrx_word' id='word_1_80' title='bbox 736 1309 841 1363; x_wconf 88' lang='lat' dir='ltr'>carent</span> <span class='ocrx_word' id='word_1_81' title='bbox 862 1303 956 1364; x_wconf 88' lang='lat' dir='ltr'>verbo</span> <span class='ocrx_word' id='word_1_82' title='bbox 969 1305 1036 1381; x_wconf 88' lang='lat' dir='ltr'>Dei,</span> 
     </span>
     <span class='ocr_line' id='line_1_13' title="bbox 112 1382 1034 1463; baseline -0.001 -17"><span class='ocrx_word' id='word_1_83' title='bbox 112 1392 143 1446; x_wconf 91' lang='lat' dir='ltr'>et</span> <span class='ocrx_word' id='word_1_84' title='bbox 164 1383 279 1445; x_wconf 87' lang='lat' dir='ltr'>nuliam</span> <span class='ocrx_word' id='word_1_85' title='bbox 300 1382 415 1449; x_wconf 92' lang='lat' dir='ltr'>habent</span> <span class='ocrx_word' id='word_1_86' title='bbox 445 1385 659 1443; x_wconf 88' lang='lat' dir='ltr'>necessitatem</span> <span class='ocrx_word' id='word_1_87' title='bbox 690 1391 742 1444; x_wconf 91' lang='lat' dir='ltr'>aut</span> <span class='ocrx_word' id='word_1_88' title='bbox 765 1386 957 1463; x_wconf 88' lang='lat' dir='ltr'>mandatum,</span> <span class='ocrx_word' id='word_1_89' title='bbox 980 1385 1034 1447; x_wconf 87' lang='lat' dir='ltr'>sed</span> 
     </span>
     <span class='ocr_line' id='line_1_14' title="bbox 112 1466 1034 1549; baseline -0.001 -19"><span class='ocrx_word' id='word_1_90' title='bbox 112 1470 204 1530; x_wconf 88' lang='lat' dir='ltr'>etiam</span> <span class='ocrx_word' id='word_1_91' title='bbox 235 1475 375 1549; x_wconf 83' lang='lat' dir='ltr'>puguant</span> <span class='ocrx_word' id='word_1_92' title='bbox 406 1486 473 1526; x_wconf 92' lang='lat' dir='ltr'>cum</span> <span class='ocrx_word' id='word_1_93' title='bbox 497 1467 598 1546; x_wconf 92' lang='lat' dir='ltr'>primo</span> <span class='ocrx_word' id='word_1_94' title='bbox 627 1466 766 1528; x_wconf 87' lang='lat' dir='ltr'>articulo.</span> <span class='ocrx_word' id='word_1_95' title='bbox 815 1468 924 1529; x_wconf 78' lang='lat' dir='ltr'>Christi</span> <span class='ocrx_word' id='word_1_96' title='bbox 954 1471 1034 1529; x_wconf 88' lang='lat' dir='ltr'>enim</span> 
     </span>
    </p>
   </div>
   <div class='ocr_carea' id='block_1_4' title="bbox 112 1549 1154 1630">
    <p class='ocr_par' dir='ltr' id='par_1_4' title="bbox 112 1549 1154 1630">
     <span class='ocr_line' id='line_1_15' title="bbox 112 1549 1154 1630; baseline 0 -18"><span class='ocrx_word' id='word_1_97' title='bbox 112 1552 253 1613; x_wconf 90' lang='lat' dir='ltr'>meritum</span> <span class='ocrx_word' id='word_1_98' title='bbox 277 1569 339 1610; x_wconf 92' lang='lat' dir='ltr'>rrcu</span> <span class='ocrx_word' id='word_1_99' title='bbox 358 1551 469 1610; x_wconf 88' lang='lat' dir='ltr'>nostris</span> <span class='ocrx_word' id='word_1_100' title='bbox 495 1549 639 1630; x_wconf 88' lang='lat' dir='ltr'>operibus</span> <span class='ocrx_word' id='word_1_101' title='bbox 661 1557 713 1610; x_wconf 92' lang='lat' dir='ltr'>aut</span> <span class='ocrx_word' id='word_1_102' title='bbox 734 1553 876 1626; x_wconf 87' lang='lat' dir='ltr'>nummis,</span> <span class='ocrx_word' id='word_1_103' title='bbox 898 1552 952 1611; x_wconf 90' lang='lat' dir='ltr'>sed</span> <span class='ocrx_word' id='word_1_104' title='bbox 975 1551 1036 1612; x_wconf 81' lang='lat' dir='ltr'>fide</span> <span class='ocrx_word' id='word_1_105' title='bbox 1151 1558 1154 1563; x_wconf 86' lang='lat'>&#39;</span> 
     </span>
    </p>
   </div>
   <div class='ocr_carea' id='block_1_5' title="bbox 110 1633 1034 1880">
    <p class='ocr_par' dir='ltr' id='par_1_5' title="bbox 110 1633 1034 1880">
     <span class='ocr_line' id='line_1_16' title="bbox 110 1633 1034 1716; baseline -0.003 -19"><span class='ocrx_word' id='word_1_106' title='bbox 110 1653 166 1716; x_wconf 88' lang='lat' dir='ltr'>per</span> <span class='ocrx_word' id='word_1_107' title='bbox 189 1634 317 1715; x_wconf 87' lang='lat' dir='ltr'>gratiam</span> <span class='ocrx_word' id='word_1_108' title='bbox 334 1633 450 1712; x_wconf 89' lang='lat' dir='ltr'>absque</span> <span class='ocrx_word' id='word_1_109' title='bbox 473 1634 555 1694; x_wconf 87' lang='lat' dir='ltr'>omui</span> <span class='ocrx_word' id='word_1_110' title='bbox 573 1635 703 1712; x_wconf 90' lang='lat' dir='ltr'>pecunia</span> <span class='ocrx_word' id='word_1_111' title='bbox 732 1642 762 1692; x_wconf 92' lang='lat' dir='ltr'>et</span> <span class='ocrx_word' id='word_1_112' title='bbox 784 1635 896 1693; x_wconf 88' lang='lat' dir='ltr'>nostris</span> <span class='ocrx_word' id='word_1_113' title='bbox 920 1635 1034 1694; x_wconf 88' lang='lat' dir='ltr'>meritis</span> 
     </span>
     <span class='ocr_line' id='line_1_17' title="bbox 111 1717 1032 1797; baseline -0.001 -18"><span class='ocrx_word' id='word_1_114' title='bbox 111 1718 346 1797; x_wconf 72' lang='lat' dir='ltr'>consequimur,</span> <span class='ocrx_word' id='word_1_115' title='bbox 380 1735 441 1776; x_wconf 90' lang='lat' dir='ltr'>uon</span> <span class='ocrx_word' id='word_1_116' title='bbox 477 1736 532 1796; x_wconf 93' lang='lat' dir='ltr'>per</span> <span class='ocrx_word' id='word_1_117' title='bbox 567 1735 667 1797; x_wconf 88' lang='lat' dir='ltr'>papae</span> <span class='ocrx_word' id='word_1_118' title='bbox 700 1719 887 1795; x_wconf 77' lang='lat' dir='ltr'>potentiam,</span> <span class='ocrx_word' id='word_1_119' title='bbox 920 1717 974 1777; x_wconf 86' lang='lat' dir='ltr'>aad</span> <span class='ocrx_word' id='word_1_120' title='bbox 1002 1718 1032 1778; x_wconf 93' lang='lat' dir='ltr'>iu</span> 
     </span>
     <span class='ocr_line' id='line_1_18' title="bbox 110 1799 780 1880; baseline -0.003 -18"><span class='ocrx_word' id='word_1_121' title='bbox 110 1800 283 1880; x_wconf 80' lang='lat' dir='ltr'>Evangelio</span> <span class='ocrx_word' id='word_1_122' title='bbox 306 1808 358 1861; x_wconf 92' lang='lat' dir='ltr'>aut</span> <span class='ocrx_word' id='word_1_123' title='bbox 381 1799 474 1860; x_wconf 86' lang='lat' dir='ltr'>verbo</span> <span class='ocrx_word' id='word_1_124' title='bbox 497 1799 554 1859; x_wconf 90' lang='lat' dir='ltr'>Dei</span> <span class='ocrx_word' id='word_1_125' title='bbox 577 1801 780 1879; x_wconf 88' lang='lat' dir='ltr'>propositum.</span> 
     </span>
    </p>
   </div>
   <div class='ocr_carea' id='block_1_6' title="bbox 327 1998 810 2062">
    <p class='ocr_par' dir='ltr' id='par_1_6' title="bbox 327 1998 810 2062">
     <span class='ocr_line' id='line_1_19' title="bbox 327 1998 810 2062; baseline 0.002 -2"><span class='ocrx_word' id='word_1_126' title='bbox 327 2000 376 2061; x_wconf 90' lang='lat' dir='ltr'>De</span> <span class='ocrx_word' id='word_1_127' title='bbox 397 1998 595 2062; x_wconf 86' lang='lat' dir='ltr'>invocatione</span> <span class='ocrx_word' id='word_1_128' title='bbox 617 1999 810 2062; x_wconf 82' lang='lat' dir='ltr'>Sanctorum.</span> 
     </span>
    </p>
   </div>
   <div class='ocr_carea' id='block_1_7' title="bbox 108 2162 1034 3831">
    <p class='ocr_par' dir='ltr' id='par_1_7' title="bbox 108 2162 1034 3831">
     <span class='ocr_line' id='line_1_20' title="bbox 192 2162 1032 2228; baseline -0.005 -1"><span class='ocrx_word' id='word_1_129' title='bbox 192 2162 355 2228; x_wconf 84' lang='lat' dir='ltr'>Invocatio</span> <span class='ocrx_word' id='word_1_130' title='bbox 377 2165 558 2227; x_wconf 80' lang='lat' dir='ltr'>Sanctorum</span> <span class='ocrx_word' id='word_1_131' title='bbox 591 2167 681 2226; x_wconf 90' lang='lat' dir='ltr'>ctiam</span> <span class='ocrx_word' id='word_1_132' title='bbox 709 2172 756 2225; x_wconf 90' lang='lat' dir='ltr'>est</span> <span class='ocrx_word' id='word_1_133' title='bbox 785 2164 1032 2225; x_wconf 76' lang='lat' dir='ltr'>antichristianus</span> 
     </span>
     <span class='ocr_line' id='line_1_21' title="bbox 109 2247 1033 2329; baseline -0.005 -18"><span class='ocrx_word' id='word_1_134' title='bbox 109 2249 225 2311; x_wconf 83' lang='lat' dir='ltr'>abusus</span> <span class='ocrx_word' id='word_1_135' title='bbox 264 2268 404 2329; x_wconf 86' lang='lat' dir='ltr'>pugnans</span> <span class='ocrx_word' id='word_1_136' title='bbox 437 2268 504 2308; x_wconf 88' lang='lat' dir='ltr'>cum</span> <span class='ocrx_word' id='word_1_137' title='bbox 534 2250 683 2328; x_wconf 87' lang='lat' dir='ltr'>superiori</span> <span class='ocrx_word' id='word_1_138' title='bbox 715 2247 842 2309; x_wconf 85' lang='lat' dir='ltr'>articulo</span> <span class='ocrx_word' id='word_1_139' title='bbox 873 2247 1033 2327; x_wconf 86' lang='lat' dir='ltr'>principaii</span> 
     </span>
     <span class='ocr_line' id='line_1_22' title="bbox 109 2329 1032 2417; baseline -0.005 -23"><span class='ocrx_word' id='word_1_140' title='bbox 109 2339 142 2394; x_wconf 89' lang='lat' dir='ltr'>et</span> <span class='ocrx_word' id='word_1_141' title='bbox 163 2330 308 2393; x_wconf 90' lang='lat' dir='ltr'>obscurat</span> <span class='ocrx_word' id='word_1_142' title='bbox 329 2332 536 2417; x_wconf 77' lang='lat' dir='ltr'>cognitionem</span> <span class='ocrx_word' id='word_1_143' title='bbox 560 2331 679 2392; x_wconf 81' lang='lat' dir='ltr'>Christi.</span> <span class='ocrx_word' id='word_1_144' title='bbox 723 2330 846 2391; x_wconf 84' lang='lat' dir='ltr'>Nullum</span> <span class='ocrx_word' id='word_1_145' title='bbox 870 2338 972 2390; x_wconf 85' lang='lat' dir='ltr'>exstat</span> <span class='ocrx_word' id='word_1_146' title='bbox 994 2329 1032 2389; x_wconf 90' lang='lat' dir='ltr'>dc</span> 
     </span>
     <span class='ocr_line' id='line_1_23' title="bbox 108 2412 1031 2495; baseline -0.005 -19"><span class='ocrx_word' id='word_1_147' title='bbox 108 2416 169 2476; x_wconf 84' lang='lat' dir='ltr'>hec</span> <span class='ocrx_word' id='word_1_148' title='bbox 190 2422 400 2495; x_wconf 91' lang='lat' dir='ltr'>praeceptum,</span> <span class='ocrx_word' id='word_1_149' title='bbox 439 2422 492 2474; x_wconf 87' lang='lat' dir='ltr'>aut</span> <span class='ocrx_word' id='word_1_150' title='bbox 518 2415 693 2493; x_wconf 83' lang='lat' dir='ltr'>consitium,</span> <span class='ocrx_word' id='word_1_151' title='bbox 731 2423 784 2473; x_wconf 91' lang='lat' dir='ltr'>aut</span> <span class='ocrx_word' id='word_1_152' title='bbox 804 2412 976 2495; x_wconf 85' lang='lat' dir='ltr'>exemplum</span> <span class='ocrx_word' id='word_1_153' title='bbox 1001 2413 1031 2471; x_wconf 94' lang='lat' dir='ltr'>in</span> 
     </span>
     <span class='ocr_line' id='line_1_24' title="bbox 109 2495 1031 2575; baseline -0.007 -15"><span class='ocrx_word' id='word_1_154' title='bbox 109 2500 206 2560; x_wconf 81' lang='lat' dir='ltr'>sacris</span> <span class='ocrx_word' id='word_1_155' title='bbox 228 2499 333 2559; x_wconf 88' lang='lat' dir='ltr'>literis.</span> <span class='ocrx_word' id='word_1_156' title='bbox 365 2499 404 2558; x_wconf 81' lang='lat' dir='ltr'>Et</span> <span class='ocrx_word' id='word_1_157' title='bbox 426 2498 520 2557; x_wconf 92' lang='lat' dir='ltr'>multo</span> <span class='ocrx_word' id='word_1_158' title='bbox 543 2497 671 2557; x_wconf 84' lang='lat' dir='ltr'>meliora</span> <span class='ocrx_word' id='word_1_159' title='bbox 694 2495 861 2556; x_wconf 86' lang='lat' dir='ltr'>offeruntur</span> <span class='ocrx_word' id='word_1_160' title='bbox 882 2515 937 2575; x_wconf 91' lang='lat' dir='ltr'>per</span> <span class='ocrx_word' id='word_1_161' title='bbox 949 2496 1031 2556; x_wconf 83' lang='lat' dir='ltr'>Obri-</span> 
     </span>
     <span class='ocr_line' id='line_1_25' title="bbox 109 2578 1031 2661; baseline -0.005 -18"><span class='ocrx_word' id='word_1_162' title='bbox 109 2590 206 2661; x_wconf 84' lang='lat' dir='ltr'>stum,</span> <span class='ocrx_word' id='word_1_163' title='bbox 229 2583 348 2642; x_wconf 86' lang='lat' dir='ltr'>etiamsi</span> <span class='ocrx_word' id='word_1_164' title='bbox 371 2582 527 2642; x_wconf 78' lang='lat' dir='ltr'>invocatio</span> <span class='ocrx_word' id='word_1_165' title='bbox 550 2580 730 2640; x_wconf 86' lang='lat' dir='ltr'>Sanctorum</span> <span class='ocrx_word' id='word_1_166' title='bbox 762 2578 926 2639; x_wconf 88' lang='lat' dir='ltr'>admodum</span> <span class='ocrx_word' id='word_1_167' title='bbox 950 2580 1031 2638; x_wconf 86' lang='lat' dir='ltr'>bona</span> 
     </span>
     <span class='ocr_line' id='line_1_26' title="bbox 109 2661 1031 2742; baseline -0.005 -15"><span class='ocrx_word' id='word_1_168' title='bbox 109 2673 204 2742; x_wconf 88' lang='lat' dir='ltr'>esset,</span> <span class='ocrx_word' id='word_1_169' title='bbox 226 2671 333 2726; x_wconf 92' lang='lat' dir='ltr'>utnon</span> <span class='ocrx_word' id='word_1_170' title='bbox 351 2672 407 2725; x_wconf 90' lang='lat' dir='ltr'>est.</span> <span class='ocrx_word' id='word_1_171' title='bbox 440 2664 632 2742; x_wconf 74' lang='lat' dir='ltr'>Quamquam</span> <span class='ocrx_word' id='word_1_172' title='bbox 650 2671 752 2723; x_wconf 89' lang='lat' dir='ltr'>autem</span> <span class='ocrx_word' id='word_1_173' title='bbox 772 2662 873 2741; x_wconf 83' lang='lat' dir='ltr'>angeli</span> <span class='ocrx_word' id='word_1_174' title='bbox 895 2664 924 2721; x_wconf 94' lang='lat' dir='ltr'>in</span> <span class='ocrx_word' id='word_1_175' title='bbox 942 2661 1031 2722; x_wconf 88' lang='lat' dir='ltr'>coelo</span> 
     </span>
     <span class='ocr_line' id='line_1_27' title="bbox 109 2745 1032 2830; baseline -0.005 -22"><span class='ocrx_word' id='word_1_176' title='bbox 109 2767 167 2830; x_wconf 92' lang='lat' dir='ltr'>pro</span> <span class='ocrx_word' id='word_1_177' title='bbox 196 2747 285 2810; x_wconf 83' lang='lat' dir='ltr'>uobis</span> <span class='ocrx_word' id='word_1_178' title='bbox 318 2758 408 2808; x_wconf 90' lang='lat' dir='ltr'>orant</span> <span class='ocrx_word' id='word_1_179' title='bbox 436 2746 709 2830; x_wconf 87' lang='lat' dir='ltr'>(quemadmodum</span> <span class='ocrx_word' id='word_1_180' title='bbox 740 2752 770 2805; x_wconf 88' lang='lat' dir='ltr'>et</span> <span class='ocrx_word' id='word_1_181' title='bbox 802 2746 870 2829; x_wconf 84' lang='lat' dir='ltr'>ipse</span> <span class='ocrx_word' id='word_1_182' title='bbox 897 2745 1032 2804; x_wconf 79' lang='lat' dir='ltr'>Christus</span> 
     </span>
     <span class='ocr_line' id='line_1_28' title="bbox 108 2827 1032 2911; baseline -0.005 -18"><span class='ocrx_word' id='word_1_183' title='bbox 108 2832 219 2911; x_wconf 76' lang='lat' dir='ltr'>fecit),</span> <span class='ocrx_word' id='word_1_184' title='bbox 241 2833 313 2891; x_wconf 87' lang='lat' dir='ltr'>item</span> <span class='ocrx_word' id='word_1_185' title='bbox 336 2831 441 2893; x_wconf 81' lang='lat' dir='ltr'>Sancti</span> <span class='ocrx_word' id='word_1_186' title='bbox 463 2830 513 2890; x_wconf 92' lang='lat' dir='ltr'>hic</span> <span class='ocrx_word' id='word_1_187' title='bbox 535 2831 564 2890; x_wconf 91' lang='lat' dir='ltr'>in</span> <span class='ocrx_word' id='word_1_188' title='bbox 595 2831 692 2907; x_wconf 85' lang='lat' dir='ltr'>terris,</span> <span class='ocrx_word' id='word_1_189' title='bbox 714 2834 767 2889; x_wconf 87' lang='lat' dir='ltr'>aut</span> <span class='ocrx_word' id='word_1_190' title='bbox 789 2828 918 2888; x_wconf 84' lang='lat' dir='ltr'>fortasse</span> <span class='ocrx_word' id='word_1_191' title='bbox 939 2827 1032 2888; x_wconf 85' lang='lat' dir='ltr'>etiam</span> 
     </span>
     <span class='ocr_line' id='line_1_29' title="bbox 108 2910 1033 2992; baseline -0.005 -17"><span class='ocrx_word' id='word_1_192' title='bbox 108 2916 140 2975; x_wconf 92' lang='lat' dir='ltr'>in</span> <span class='ocrx_word' id='word_1_193' title='bbox 153 2916 253 2991; x_wconf 86' lang='lat' dir='ltr'>coelo,</span> <span class='ocrx_word' id='word_1_194' title='bbox 277 2922 381 2975; x_wconf 90' lang='lat' dir='ltr'>tamen</span> <span class='ocrx_word' id='word_1_195' title='bbox 403 2915 475 2974; x_wconf 90' lang='lat' dir='ltr'>hinc</span> <span class='ocrx_word' id='word_1_196' title='bbox 496 2914 721 2992; x_wconf 82' lang='lat' dir='ltr'>consequitur,</span> <span class='ocrx_word' id='word_1_197' title='bbox 744 2911 826 2992; x_wconf 91' lang='lat' dir='ltr'>quod</span> <span class='ocrx_word' id='word_1_198' title='bbox 850 2910 979 2990; x_wconf 85' lang='lat' dir='ltr'>angelos</span> <span class='ocrx_word' id='word_1_199' title='bbox 1001 2916 1033 2971; x_wconf 94' lang='lat' dir='ltr'>et</span> 
     </span>
     <span class='ocr_line' id='line_1_30' title="bbox 109 2993 1032 3077; baseline -0.008 -18"><span class='ocrx_word' id='word_1_200' title='bbox 109 2998 242 3059; x_wconf 82' lang='lat' dir='ltr'>Sanctcs</span> <span class='ocrx_word' id='word_1_201' title='bbox 271 2998 432 3077; x_wconf 86' lang='lat' dir='ltr'>iuvocare,</span> <span class='ocrx_word' id='word_1_202' title='bbox 464 2996 611 3076; x_wconf 86' lang='lat' dir='ltr'>adorare,</span> <span class='ocrx_word' id='word_1_203' title='bbox 646 2995 706 3055; x_wconf 85' lang='lat' dir='ltr'>illis</span> <span class='ocrx_word' id='word_1_204' title='bbox 740 2996 892 3070; x_wconf 89' lang='lat' dir='ltr'>ieiunare,</span> <span class='ocrx_word' id='word_1_205' title='bbox 920 2993 1032 3072; x_wconf 86' lang='lat' dir='ltr'>feriari,</span> 
     </span>
     <span class='ocr_line' id='line_1_31' title="bbox 108 3077 1031 3158; baseline -0.007 -16"><span class='ocrx_word' id='word_1_206' title='bbox 108 3081 220 3142; x_wconf 81' lang='lat' dir='ltr'>Missas</span> <span class='ocrx_word' id='word_1_207' title='bbox 242 3080 412 3158; x_wconf 87' lang='lat' dir='ltr'>celebrare,</span> <span class='ocrx_word' id='word_1_208' title='bbox 434 3077 625 3154; x_wconf 83' lang='lat' dir='ltr'>sacrificare,</span> <span class='ocrx_word' id='word_1_209' title='bbox 648 3079 780 3157; x_wconf 88' lang='lat' dir='ltr'>denique</span> <span class='ocrx_word' id='word_1_210' title='bbox 801 3077 931 3156; x_wconf 85' lang='lat' dir='ltr'>templa,</span> <span class='ocrx_word' id='word_1_211' title='bbox 953 3095 1031 3155; x_wconf 87' lang='lat' dir='ltr'>aras,</span> 
     </span>
     <span class='ocr_line' id='line_1_32' title="bbox 108 3158 1032 3241; baseline -0.009 -14"><span class='ocrx_word' id='word_1_212' title='bbox 108 3171 142 3227; x_wconf 87' lang='lat' dir='ltr'>ct</span> <span class='ocrx_word' id='word_1_213' title='bbox 162 3164 284 3226; x_wconf 90' lang='lat' dir='ltr'>divinos</span> <span class='ocrx_word' id='word_1_214' title='bbox 307 3162 406 3224; x_wconf 87' lang='lat' dir='ltr'>ciritus</span> <span class='ocrx_word' id='word_1_215' title='bbox 428 3165 605 3241; x_wconf 85' lang='lat' dir='ltr'>instituere,</span> <span class='ocrx_word' id='word_1_216' title='bbox 639 3180 676 3222; x_wconf 89' lang='lat' dir='ltr'>ac</span> <span class='ocrx_word' id='word_1_217' title='bbox 707 3162 808 3222; x_wconf 84' lang='lat' dir='ltr'>multis</span> <span class='ocrx_word' id='word_1_218' title='bbox 841 3161 908 3220; x_wconf 89' lang='lat' dir='ltr'>al&#39;&#39;s</span> <span class='ocrx_word' id='word_1_219' title='bbox 932 3158 1032 3220; x_wconf 89' lang='lat' dir='ltr'>modis</span> 
     </span>
     <span class='ocr_line' id='line_1_33' title="bbox 108 3180 1033 3327; baseline -0.01 -17"><span class='ocrx_word' id='word_1_220' title='bbox 108 3250 235 3326; x_wconf 86' lang='lat' dir='ltr'>servire,</span> <span class='ocrx_word' id='word_1_221' title='bbox 256 3268 372 3327; x_wconf 90' lang='lat' dir='ltr'>eosque</span> <span class='ocrx_word' id='word_1_222' title='bbox 394 3245 508 3309; x_wconf 88' lang='lat' dir='ltr'>habere</span> <span class='ocrx_word' id='word_1_223' title='bbox 530 3265 586 3327; x_wconf 91' lang='lat' dir='ltr'>pro</span> <span class='ocrx_word' id='word_1_224' title='bbox 609 3246 765 3326; x_wconf 91' lang='lat' dir='ltr'>patronis,</span> <span class='ocrx_word' id='word_1_225' title='bbox 798 3250 829 3305; x_wconf 89' lang='lat' dir='ltr'>et</span> <span class='ocrx_word' id='word_1_226' title='bbox 852 3180 1033 3303; x_wconf 54' lang='lat' dir='ltr'>‹dstribuere</span> 
     </span>
     <span class='ocr_line' id='line_1_34' title="bbox 108 3326 1034 3411; baseline -0.008 -18"><span class='ocrx_word' id='word_1_227' title='bbox 108 3332 280 3394; x_wconf 88' lang='lat' dir='ltr'>interillos</span> <span class='ocrx_word' id='word_1_228' title='bbox 303 3332 484 3392; x_wconf 85' lang='lat' dir='ltr'>auxiliorum</span> <span class='ocrx_word' id='word_1_229' title='bbox 507 3349 638 3411; x_wconf 83' lang='lat' dir='ltr'>genera,</span> <span class='ocrx_word' id='word_1_230' title='bbox 672 3337 702 3391; x_wconf 89' lang='lat' dir='ltr'>et</span> <span class='ocrx_word' id='word_1_231' title='bbox 729 3326 857 3408; x_wconf 85' lang='lat' dir='ltr'>singulis</span> <span class='ocrx_word' id='word_1_232' title='bbox 879 3326 1034 3405; x_wconf 86' lang='lat' dir='ltr'>peculiare</span> 
     </span>
     <span class='ocr_line' id='line_1_35' title="bbox 108 3409 1032 3489; baseline -0.008 -12"><span class='ocrx_word' id='word_1_233' title='bbox 108 3416 276 3477; x_wconf 85' lang='lat' dir='ltr'>attribuere</span> <span class='ocrx_word' id='word_1_234' title='bbox 296 3415 477 3488; x_wconf 80' lang='lat' dir='ltr'>debeamus,</span> <span class='ocrx_word' id='word_1_235' title='bbox 501 3423 533 3475; x_wconf 92' lang='lat' dir='ltr'>ut</span> <span class='ocrx_word' id='word_1_236' title='bbox 560 3413 673 3473; x_wconf 88' lang='lat' dir='ltr'>docent</span> <span class='ocrx_word' id='word_1_237' title='bbox 694 3418 725 3472; x_wconf 89' lang='lat' dir='ltr'>et</span> <span class='ocrx_word' id='word_1_238' title='bbox 745 3412 861 3472; x_wconf 85' lang='lat' dir='ltr'>faciunt</span> <span class='ocrx_word' id='word_1_239' title='bbox 882 3409 1032 3489; x_wconf 85' lang='lat' dir='ltr'>papistae.</span> 
     </span>
     <span class='ocr_line' id='line_1_36' title="bbox 108 3491 1033 3574; baseline -0.009 -15"><span class='ocrx_word' id='word_1_240' title='bbox 108 3498 168 3559; x_wconf 80' lang='lat' dir='ltr'>Est</span> <span class='ocrx_word' id='word_1_241' title='bbox 188 3500 269 3559; x_wconf 89' lang='lat' dir='ltr'>euim</span> <span class='ocrx_word' id='word_1_242' title='bbox 292 3517 375 3558; x_wconf 90' lang='lat' dir='ltr'>mera</span> <span class='ocrx_word' id='word_1_243' title='bbox 396 3497 550 3574; x_wconf 87' lang='lat' dir='ltr'>idolatria,</span> <span class='ocrx_word' id='word_1_244' title='bbox 583 3516 651 3558; x_wconf 90' lang='lat' dir='ltr'>eum</span> <span class='ocrx_word' id='word_1_245' title='bbox 675 3494 744 3557; x_wconf 89' lang='lat' dir='ltr'>taiis</span> <span class='ocrx_word' id='word_1_246' title='bbox 766 3495 867 3554; x_wconf 89' lang='lat' dir='ltr'>honor</span> <span class='ocrx_word' id='word_1_247' title='bbox 888 3491 1033 3552; x_wconf 87' lang='lat' dir='ltr'>debeatur</span> 
     </span>
     <span class='ocr_line' id='line_1_37' title="bbox 108 3578 1032 3660; baseline -0.011 -16"><span class='ocrx_word' id='word_1_248' title='bbox 108 3581 170 3645; x_wconf 86' lang='lat' dir='ltr'>soli</span> <span class='ocrx_word' id='word_1_249' title='bbox 192 3583 270 3646; x_wconf 89' lang='lat' dir='ltr'>Dec.</span> <span class='ocrx_word' id='word_1_250' title='bbox 324 3581 415 3641; x_wconf 87' lang='lat' dir='ltr'>Potes</span> <span class='ocrx_word' id='word_1_251' title='bbox 438 3579 560 3660; x_wconf 89' lang='lat' dir='ltr'>quidem</span> <span class='ocrx_word' id='word_1_252' title='bbox 590 3586 622 3640; x_wconf 93' lang='lat' dir='ltr'>ut</span> <span class='ocrx_word' id='word_1_253' title='bbox 643 3580 832 3641; x_wconf 76' lang='lat' dir='ltr'>Christianus</span> <span class='ocrx_word' id='word_1_254' title='bbox 856 3578 888 3636; x_wconf 88' lang='lat' dir='ltr'>et</span> <span class='ocrx_word' id='word_1_255' title='bbox 909 3582 1032 3635; x_wconf 88' lang='lat' dir='ltr'>sauctus</span> 
     </span>
     <span class='ocr_line' id='line_1_38' title="bbox 108 3657 1032 3746; baseline -0.011 -19"><span class='ocrx_word' id='word_1_256' title='bbox 108 3668 141 3728; x_wconf 91' lang='lat' dir='ltr'>iu</span> <span class='ocrx_word' id='word_1_257' title='bbox 166 3667 254 3727; x_wconf 87' lang='lat' dir='ltr'>terris</span> <span class='ocrx_word' id='word_1_258' title='bbox 276 3683 331 3746; x_wconf 88' lang='lat' dir='ltr'>pro</span> <span class='ocrx_word' id='word_1_259' title='bbox 355 3684 404 3725; x_wconf 91' lang='lat' dir='ltr'>me</span> <span class='ocrx_word' id='word_1_260' title='bbox 425 3682 529 3741; x_wconf 89' lang='lat' dir='ltr'>orare,</span> <span class='ocrx_word' id='word_1_261' title='bbox 552 3681 614 3723; x_wconf 91' lang='lat' dir='ltr'>non</span> <span class='ocrx_word' id='word_1_262' title='bbox 638 3665 668 3723; x_wconf 91' lang='lat' dir='ltr'>iu</span> <span class='ocrx_word' id='word_1_263' title='bbox 690 3680 753 3723; x_wconf 93' lang='lat' dir='ltr'>uno</span> <span class='ocrx_word' id='word_1_264' title='bbox 774 3666 902 3739; x_wconf 87' lang='lat' dir='ltr'>tantum,</span> <span class='ocrx_word' id='word_1_265' title='bbox 925 3657 1032 3719; x_wconf 88' lang='lat' dir='ltr'>sedin</span> 
     </span>
     <span class='ocr_line' id='line_1_39' title="bbox 109 3741 1034 3831; baseline -0.011 -19"><span class='ocrx_word' id='word_1_266' title='bbox 109 3749 394 3831; x_wconf 89' lang='lat' dir='ltr'>cunctispericulis,</span> <span class='ocrx_word' id='word_1_267' title='bbox 418 3753 616 3809; x_wconf 87' lang='lat' dir='ltr'>veruntamen</span> <span class='ocrx_word' id='word_1_268' title='bbox 639 3766 701 3806; x_wconf 92' lang='lat' dir='ltr'>uon</span> <span class='ocrx_word' id='word_1_269' title='bbox 723 3764 757 3806; x_wconf 92' lang='lat' dir='ltr'>es</span> <span class='ocrx_word' id='word_1_270' title='bbox 777 3744 849 3806; x_wconf 89' lang='lat' dir='ltr'>idco</span> <span class='ocrx_word' id='word_1_271' title='bbox 872 3743 944 3803; x_wconf 91' lang='lat' dir='ltr'>mibi</span> <span class='ocrx_word' id='word_1_272' title='bbox 958 3741 1034 3803; x_wconf 89' lang='lat' dir='ltr'>ado-</span> 
     </span>
    </p>
   </div>
   <div class='ocr_carea' id='block_1_8' title="bbox 136 3828 899 3913">
    <p class='ocr_par' dir='ltr' id='par_1_8' title="bbox 136 3828 899 3913">
     <span class='ocr_line' id='line_1_40' title="bbox 136 3828 899 3913; baseline -0.016 -7"><span class='ocrx_word' id='word_1_273' title='bbox 136 3865 228 3906; x_wconf 84' lang='lat' dir='ltr'>Lutbart</span> <span class='ocrx_word' id='word_1_274' title='bbox 245 3873 297 3913; x_wconf 81' lang='lat' dir='ltr'>opp.</span> <span class='ocrx_word' id='word_1_275' title='bbox 311 3863 338 3906; x_wconf 89' lang='lat' dir='ltr'>V.</span> <span class='ocrx_word' id='word_1_276' title='bbox 353 3863 381 3906; x_wconf 78' lang='lat' dir='ltr'>A.</span> <span class='ocrx_word' id='word_1_277' title='bbox 396 3863 423 3901; x_wconf 84' lang='lat' dir='ltr'>ad</span> <span class='ocrx_word' id='word_1_278' title='bbox 452 3861 494 3905; x_wconf 83' lang='lat' dir='ltr'>rct.</span> <span class='ocrx_word' id='word_1_279' title='bbox 512 3860 562 3899; x_wconf 82' lang='lat' dir='ltr'>hist.</span> <span class='ocrx_word' id='word_1_280' title='bbox 576 3861 590 3899; x_wconf 83' lang='lat' dir='ltr'>t.</span> <span class='ocrx_word' id='word_1_281' title='bbox 605 3870 626 3908; x_wconf 86' lang='lat' dir='ltr'>p.</span> <span class='ocrx_word' id='word_1_282' title='bbox 645 3859 694 3899; x_wconf 87' lang='lat' dir='ltr'>Vol.</span> <span class='ocrx_word' id='word_1_283' title='bbox 711 3858 757 3899; x_wconf 86' lang='lat' dir='ltr'>Vil&#39;</span> <span class='ocrx_word' id='word_1_284' title='bbox 859 3828 899 3894; x_wconf 79' lang='lat'>30</span> 
     </span>
    </p>
   </div>
   <div class='ocr_carea' id='block_1_9' title="bbox 0 0 1178 4162">
    <p class='ocr_par' dir='ltr' id='par_1_9' title="bbox 0 0 1178 4162">
     <span class='ocr_line' id='line_1_41' title="bbox 0 0 1178 4162; baseline 0 1"><span class='ocrx_word' id='word_1_285' title='bbox 0 0 1178 4162; x_wconf 95' lang='lat' dir='ltr'> </span> 
     </span>
    </p>
   </div>
  </div>
 </body>
</html>
