2348 4162
181 234 226 302 92
458 238 585 293 (loncin
603 238 640 292 D
658 239 692 294 Μ.
710 238 823 294 Lnthsri

101 450 104 455 .
180 399 235 458 etsi
258 399 338 465 enim
361 399 444 460 Deus
467 420 590 485 semper
611 401 675 462 vult
697 401 862 482 propagari
894 348 1003 460 hanc
995 416 1095 479 rpaam

181 481 349 548 doctrinam
359 482 535 563 Evangelii,
558 503 648 563 qnam
662 493 733 545 tnnc
745 489 924 565 sparserunt
954 481 1101 561 aposloli,

181 570 366 625 tamennon
391 564 455 626 vult
476 565 504 625 id
542 567 607 627 lieri
635 570 724 628 novis
753 566 906 627 miraculis
934 565 1037 645 palam
1060 563 1101 624 de

181 647 270 707 caclo
292 648 391 727 editis,
413 649 466 709 sed
490 651 564 710 satia
586 652 612 709 ei
635 648 702 728 fuit,
725 653 770 710 his
796 649 914 710 duabus
932 648 1101 708 manifestis

73 742 79 751 ·
181 738 211 790 et
233 732 408 810 conspicuis
430 732 668 795 revelationibus
686 733 724 794 de
746 733 835 794 coelo
859 750 996 793 sonasse
1034 729 1101 790 lter

64 870 67 882 ,
179 813 227 873 his
252 816 343 874 eliam
368 818 593 876 annummerari
616 822 719 896 potest
739 817 792 877 illa
813 814 994 876 admiranda
1014 832 1103 874 reve-

172 895 264 977 ·latio,
287 916 348 977 qna
370 917 403 957 se
425 904 489 958 tota
512 899 654 966 divinitas
677 900 779 979 palam
803 897 947 974 ostendit,
969 901 1103 958 sonante

179 998 257 1040 vnce
278 982 392 1040 aeterni
415 982 509 1060 patris
533 982 570 1042 de
593 982 714 1043 Christo
738 982 818 1056 tilio
841 1001 909 1043 cum
932 945 1102 1061 baptizare-

178 1064 279 1123 turin
302 1060 451 1143 Iordane,
473 1066 544 1124 item
568 1067 689 1126 cumin
714 1071 830 1126 monte
851 1084 919 1124 curn
944 1081 981 1123 eo
1005 1061 1103 1124 collo-

180 1148 310 1224 querent
310 1166 344 1205 nr
296 1146 460 1206 tMoses
484 1157 513 1206 et
536 1149 628 1228 Elias,
652 1148 706 1209 sed
719 1146 796 1209 haec
817 1167 879 1208 nou
902 1167 920 1208 a
942 1152 1008 1207 tota
1027 1146 1103 1206 mul-

92 1266 96 1274 ·
180 1227 319 1331 titudine,
343 1229 396 1289 aed
420 1231 615 1310 paucioribus
639 1232 767 1293 testibus
793 1237 961 1311 conspecta
980 1236 1060 1291 aunt.

264 1345 305 1405 nt
325 1347 405 1407 hanc
427 1349 628 1427 posteriorem
652 1349 842 1413 manifestam
866 1345 1029 1437 Evangelii
1056 1346 1103 1406 r'e

123 1486 126 1492 .
181 1428 366 1489 velationem
390 1429 461 1490 ideo
484 1429 548 1490 fieri
572 1434 723 1511 oportuit,
756 1432 826 1511 quia
849 1432 940 1490 antea
972 1446 1049 1488 voce
1073 1434 1106 1488 et

180 1513 301 1591 scriptis
316 1544 318 1549 v
334 1513 552 1592 prophetarum
575 1514 766 1594 praedictum
789 1518 870 1591 erat,
899 1513 996 1572 Deum
1019 1530 1103 1591 apar-

181 1613 282 1655 snrnm
307 1613 376 1660 esse
398 1597 427 1655 in
458 1603 554 1656 totum
579 1597 683 1657 orbem
716 1605 861 1658 terrarum
885 1596 966 1655 hanc
986 1613 1102 1655 novam

180 1678 278 1738 lucem
302 1680 460 1739 doctrinae
482 1679 521 1739 de
545 1679 676 1744 Christo.
714 1680 808 1740 Nune
837 1686 1000 1761 postquam
1022 1676 1103 1737 haec

179 1761 300 1839 prolata
322 1769 352 1822 et
373 1769 427 1842 pat
415 1762 527 1822 telacta
549 1771 604 1844 est,
628 1782 689 1823 non
712 1763 777 1823 vult
790 1765 872 1825 Deus
888 1762 1016 1840 aliqua
1020 1777 1103 1821 nova

180 1845 368 1905 revelatione
389 1844 490 1924 palam
515 1845 554 1905 de
576 1811 665 1907 obelo
688 1845 788 1943 loqui,
821 1852 873 1905 ant
895 1843 978 1905 aliud
1000 1862 1100 1922 genus

180 1926 337 1988 doctrinae
371 1927 498 1988 tradere
555 1927 616 1990 Sed
651 1929 701 1988 hia
723 1930 779 1989 erit
811 1930 897 2007 quasi
932 1927 1038 1987 tertius
1073 1933 1105 1986 et

141 2044 144 2049 ·
179 2020 351 2091 postremus
375 2014 480 2089 aelus,
514 2030 589 2081 cum¹
606 2011 766 2072 manifesto
796 2012 934 2077 ‚adventu
963 2008 1007 2081 ad,
1025 2007 1105 2069 iudi}

180 2095 258 2154 cium
290 2113 324 2154 se
361 2092 462 2174 palam
500 2094 642 2154 ostendet
673 2095 925 2175 conspiciendum
960 2091 1104 2154 omnibus

180 2177 351 2256 creaturis,
374 2178 405 2236 in
428 2177 528 2256 gloria
552 2184 581 2238 et
605 2179 766 2238 maiestate
790 2178 914 2253 divina,
952 2175 1003 2236 nbi
1038 2193 1104 2236 non

180 2260 237 2319 erit
258 2278 336 2339 opus
359 2261 527 2321 ministerio
550 2262 635 2322 vocis
658 2280 712 2321 eeu
729 2260 897 2334 doctrinae,
921 2258 974 2319 sed
997 2256 1101 2337 palam

180 2343 316 2402 omnium
339 2341 435 2402 oculis
457 2352 487 2402 et
509 2344 649 2415 sensibus
674 2346 815 2425 exposita
838 2349 926 2403 erunt
947 2341 1062 2402 omnia.

172 2448 175 2455 ’
265 2457 456 2538 Magnopere
478 2479 551 2522 vero
568 2444 701 2529 ¹pracesse
723 2468 770 2521 est
791 2461 870 2520 haec
904 2459 965 2519 duo
987 2477 1105 2538 genera

181 2540 339 2602 doctrinae
362 2541 516 2621 coelestis,
534 2543 682 2605 'videlicet
706 2544 804 2623 legem
834 2552 869 2617 et¹
885 2541 1103 2623 Evangelium,

19 2668 24 2676 ·
71 2650 76 2656 ·
179 2632 323 2686 accurate
345 2631 376 2685 et
397 2632 481 2687 recte
503 2626 658 2700 discerni..
687 2627 887 2706 Nequaquam
921 2627 1001 2685 enim
1032 2642 1105 2684 con-

180 2715 293 2789 gruunt
313 2709 392 2768 inter
414 2728 457 2787 se,
481 2728 539 2769 nec
562 2711 754 2770 commisceri
772 2718 802 2770 et
824 2708 969 2769 conlundi
992 2725 1026 2768 se
1049 2726 1104 2785 pa·

137 2854 156 2865 ‚¹
180 2793 293 2852 liuntur
327 2793 393 2851 sinc
424 2793 605 2870 corruptela.
649 2793 689 2853 Et
718 2800 750 2853 ut
785 2800 868 2852 recte
903 2790 1105 2867 discernatur,

181 2874 251 2953 qnid
275 2876 313 2934 sit
335 2874 397 2952 lex,
421 2875 492 2952 quid
507 2875 719 2954 Evangelium,
743 2896 781 2936 ex
803 2875 958 2954 Scriptura
981 2891 1106 2940 aumen-

181 2956 252 3016 dum
275 2963 322 3016 est
343 2956 496 3018 iudicium.
541 2958 627 3019 Haec
661 2959 795 3019 ostendit
830 2959 1021 3037 legem-essa
1045 2955 1102 3015 Dei

181 3058 289 3100 vocem
313 3058 367 3099 eeu
389 3042 570 3101 sententiam
591 3041 841 3119 immutabilem,
864 3040 1104 3120 praecipientem

172 3123 287 3203 quales
310 3140 367 3181 nos
390 3142 468 3200 esse,
492 3121 527 3184 et
543 3124 642 3203 qnidf
640 3144 739 3201 acere,
762 3124 833 3203 quid
849 3125 989 3185 omittere
1011 3140 1105 3202 opor·

180 3209 264 3282 leat,
300 3224 353 3266 seu
386 3208 541 3285 requirens
579 3207 781 3271 obedientiam
819 3206 984 3287 perfectam
1026 3224 1102 3285 erga
1132 3241 1137 3247 -

181 3289 289 3368 Deum,
314 3290 400 3349 iuxta
422 3308 467 3369 ea,
491 3308 570 3369 quae
593 3293 623 3350 in
638 3290 790 3370 decalogo
804 3290 1046 3369 praecipiuntur,
1067 3305 1106 3375 aa

182 3372 370 3432 denuncians
392 3375 579 3433 aeternam
571 3394 648 3435 uam
672 3382 702 3433 et
724 3392 841 3452 poenas
860 3380 1013 3433 aeternas
1038 3367 1102 3432 nnn

91 3532 95 3538 ι
182 3454 474 3552 obtemperantibus.
522 3456 629 3535 ltaque
651 3456 728 3535 legis
752 3456 893 3516 doctrina
915 3461 981 3525 tota
1003 3454 1079 3514 est
1071 3473 1102 3513 ιιι

181 3539 344 3599 exactione
367 3546 491 3600 nostrae
513 3540 706 3600 obedientiae
729 3547 770 3602 et
792 3539 831 3600 de
853 3545 959 3600 nostra
981 3537 1055 3597 vita?
1067 3554 1105 3597 ac

181 3621 316 3683 moribus
338 3623 547 3686 concionatur.
601 3622 680 3683 Nam
712 3624 790 3702 legis
824 3641 886 3683 vox
922 3621 1000 3681 haec
1035 3625 1104 3681 est:

180 3703 249 3767 Hoc
277 3705 393 3787 facias,
426 3706 486 3769 lroc
518 3726 556 3767 ne
586 3707 701 3786 facias,
735 3707 796 3768 hoc
818 3706 871 3768 tibi
905 3710 1104 3786 praeceptum
