2348 4162
518 250 555 310 A.
575 252 654 313 raas.
981 246 1044 317 otii

122 416 257 498 demque
279 434 412 497 corpore
432 417 584 479 ecclesiae
598 412 960 499 (scilicetderivativae),
982 432 1043 495 quo

121 501 208 562 velut
230 501 400 562 certissimo
423 500 595 562 discordiae
616 500 758 581 prodigio
786 499 880 561 finem
903 496 1044 561 antichri-

121 585 163 645 sti
184 584 365 666 propediem
389 583 520 645 futurum
534 585 616 646 Deus
626 583 743 665 absque
765 583 857 645 dubio
870 582 1044 663 significare

121 667 229 728 voluit.
274 666 364 744 Quod
400 686 468 727 cum
491 687 583 729 nemo
606 675 678 728 tunc
698 669 896 749 intelligeret
929 666 1045 747 placuit

120 751 189 813 Deo
212 752 301 812 iuxta
322 751 442 830 signum
465 757 528 812 tam
543 753 664 832 insigne
686 758 717 812 et
730 750 930 812 memorabile
952 751 1044 810 etiam

120 833 248 895 verbum
272 834 511 895 manifestarium
534 835 676 912 adiicere,
700 833 817 895 scilicet
849 835 937 894 huius
960 839 1045 894 auto-

120 936 186 979 rem
226 922 257 978 et
289 917 402 978 similes
435 920 481 978 sui
507 918 619 979 multos
643 920 767 1000 egregia
788 918 993 979 sanctimonia
1014 920 1046 978 et

121 999 294 1062 eruditione
316 1002 413 1081 viros,
447 1002 535 1062 sicuti
559 1002 638 1063 solet
661 1002 822 1062 ecclesiam
845 1008 877 1063 et
897 1000 1045 1082 populum

121 1103 211 1145 suum
234 1103 296 1145 non
318 1084 491 1165 relinquere
512 1104 614 1165 neque
634 1085 799 1167 repellere,
832 1085 904 1165 quin
928 1083 1047 1163 aliquot

124 1166 210 1228 Elias
234 1175 265 1228 et
285 1167 408 1229 Eliseos
430 1176 483 1230 aut
504 1169 582 1229 alios
605 1169 772 1250 prophetae
795 1168 834 1229 ad
859 1188 912 1229 eoa
936 1168 1047 1247 mittat,

123 1269 299 1331 quanquam
322 1270 361 1310 ne
382 1252 426 1311 sic
448 1252 570 1332 quidem
592 1252 766 1333 intelligant
787 1260 840 1313 aut
857 1249 1047 1313 animadver-

122 1340 189 1395 tant
211 1335 296 1414 impii
319 1336 413 1415 (quae
434 1340 482 1395 est
502 1335 669 1396 Pharaonis
693 1336 746 1396 illa
767 1336 941 1416 caecitas),
975 1332 1047 1413 quid

122 1418 255 1479 minetur
276 1424 328 1478 aut
351 1419 510 1499 promittat
530 1419 624 1498 Deus,
646 1419 728 1498 quod
751 1427 782 1479 et
802 1417 1047 1479 Constantiensis

122 1501 246 1563 concilli
266 1502 340 1560 satis
364 1501 531 1563 declaravit
552 1502 715 1562 etinctum
739 1509 770 1563 et
792 1508 928 1563 eventus.

207 1583 294 1644 Hanc
315 1585 534 1665 praefationem
557 1585 628 1646 ideo
650 1585 762 1646 factam
786 1603 805 1646 a
826 1585 915 1646 nobis
937 1582 1048 1644 intelli·

123 1687 191 1749 gas,
214 1669 332 1748 optime
353 1668 463 1748 lector,
499 1675 532 1729 ut
553 1669 619 1730 orbi
640 1677 746 1729 notum
769 1669 955 1746 laceremus,
989 1684 1047 1727 nos

122 1769 187 1811 non
210 1769 280 1812 esse
302 1752 428 1831 primos,
451 1753 501 1831 qui
523 1757 668 1833 papatum
692 1770 748 1832 pro
771 1751 939 1813 antichristi
951 1767 1047 1830 reguo

120 1835 373 1915 interpretentur:
416 1853 485 1895 curu
517 1835 578 1896 hoc
609 1835 690 1896 idem
721 1841 792 1896 ante
813 1854 871 1896 nos
894 1839 940 1895 tot
961 1832 1048 1894 annia

123 1924 170 1978 tot
193 1926 223 1978 et
245 1919 319 1978 tanti
348 1918 404 1977 viri
429 1921 577 1996 (quorum
598 1937 732 1998 magnus
762 1921 811 1985 est
831 1936 973 1978 numerus
996 1933 1048 1976 eo·

122 2018 252 2080 rumque
275 2007 306 2061 et
327 2007 453 2061 aeterna
476 2003 643 2078 memoria)
677 2003 739 2062 sint
765 2008 826 2062 tarn
855 2001 938 2061 clare
960 2018 1048 2079 aper·

125 2092 218 2162 teque
240 2084 343 2144 conati
364 2083 457 2163 idque
479 2085 595 2161 ingenti
617 2085 723 2167 spiritu
745 2091 775 2145 et
798 2086 920 2161 virtute,
944 2088 977 2144 ut
998 2082 1048 2161 qui

123 2167 228 2228 furore
249 2167 419 2247 papisticae
434 2166 603 2249 tyrannidis
619 2170 708 2229 etiarn
733 2169 763 2229 in
777 2175 931 2229 extremos
944 2164 1049 2226 mundi

124 2249 202 2311 fines
234 2248 373 2330 propulsi
402 2256 433 2310 et
456 2253 647 2312 atrocissima
669 2258 823 2313 tormenta
844 2250 982 2332 perpessi
1004 2249 1048 2309 ni·

123 2332 290 2394 hilominus
313 2333 430 2393 sortiter
452 2340 483 2397 et
504 2333 636 2394 fideliter
659 2336 857 2415 perstiterunt
878 2335 908 2394 in
931 2331 1049 2392 conies-

126 2417 216 2477 sione
237 2417 385 2491 veritatis,
407 2421 449 2492 ut,
473 2433 649 2495 quanquam
671 2436 728 2477 noa
751 2419 844 2477 simus
860 2417 921 2477 hoc
942 2414 1048 2475 seculo

123 2498 187 2560 illis
209 2498 303 2579 longe
325 2496 507 2559 eruditiores
525 2507 557 2558 et
567 2498 735 2580 liberiores,
755 2499 931 2580 pudendum
946 2505 1049 2558 tamen

124 2583 180 2657 sit,
214 2580 351 2661 quadiu
373 2587 459 2641 tanta
493 2579 633 2642 barbarie
671 2591 701 2643 et
735 2585 911 2664 captivitate
934 2581 1050 2642 detenti
1132 2598 1140 2615 ·

125 2664 216 2725 nohis
238 2671 325 2725 tanto
348 2665 456 2745 spiritu
479 2672 508 2725 et
530 2664 707 2726 fortitudine
727 2665 839 2727 fuerint
860 2666 1002 2727 fortiores
1019 2670 1050 2725 et

126 2746 318 2809 audaciores.
360 2749 438 2809 Nam
461 2754 495 2808 ut
514 2747 565 2808 hic
585 2755 673 2811 autor
700 2767 756 2829 pro
778 2768 834 2809 suo
857 2748 962 2810 seculo
984 2748 1049 2807 lue-

126 2832 164 2891 rit
202 2832 311 2906 (sicuti
332 2829 481 2912 arbitror)
511 2832 589 2892 inter
611 2829 744 2911 primos,
774 2833 824 2912 qui
846 2831 1049 2892 eruditionem

126 2921 158 2975 et
190 2914 424 2975 sanctimoniam
456 2913 670 2976 ardentissime
704 2916 906 2994 quaesierint,
945 2920 1049 2975 tamen

125 2997 201 3058 vitio
223 2998 370 3077 temporis
392 3004 424 3058 et
444 3017 541 3078 ragno
557 2998 696 3079 caliginis
719 2997 883 3079 impeditus
897 3018 936 3060 sa
948 3015 1050 3077 neque

128 3081 175 3141 sic
196 3099 271 3160 pure
294 3080 387 3160 loqui,
410 3082 568 3161 nequesic
587 3082 679 3162 plene
692 3084 806 3143 sentire
828 3083 936 3163 potuit,
958 3098 1050 3161 quam

126 3162 189 3224 hoc
210 3163 315 3224 seculo
338 3170 445 3226 nostro
467 3163 621 3244 loquimur
643 3172 674 3226 et
694 3167 852 3242 sentimus,
874 3184 986 3246 papam
1004 3169 1050 3225 ta·

128 3266 199 3310 men
223 3244 330 3330 (sicuti
353 3247 418 3328 est)
443 3247 653 3310 antichristum
676 3256 707 3310 et
727 3256 811 3310 recte
833 3255 864 3310 et
886 3267 959 3309 vere
981 3265 1050 3327 pro·

127 3331 261 3407 nunciat,
283 3330 376 3409 idque
399 3330 570 3393 indubitata
597 3331 658 3392 fide
680 3338 772 3412 atque
794 3332 983 3394 conscientia
1006 3349 1051 3391 ar·

127 3414 344 3494 gumentisque
365 3412 561 3491 fidelissimis,
585 3416 670 3477 testis
694 3417 850 3476 sciliceta
872 3416 939 3476 Deo
961 3432 1050 3494 prae-

128 3496 289 3558 ordinatus
322 3502 368 3557 tot
404 3498 493 3557 annis
515 3505 587 3558 ante
619 3517 677 3558 nos
699 3518 755 3578 pro
783 3505 888 3560 nostra
911 3498 1051 3558 doctrina

126 3579 348 3657 confirmanda,
371 3598 462 3660 quam
485 3599 567 3641 nunc
589 3580 690 3641 faeces
711 3581 783 3642 illac
806 3583 935 3643 miserae
949 3580 1051 3664 (velut

126 3669 282 3724 exuemus
305 3663 417 3725 halitus
440 3663 626 3738 antichristi)
647 3666 830 3726 exstinctam
848 3666 1051 3746 voluntmag·

126 3765 169 3808 no
193 3751 225 3808 et
244 3747 360 3829 inulto,
382 3746 437 3809 aed
457 3748 543 3809 irrito
565 3753 597 3809 et
618 3765 699 3809 rano
723 3749 862 3814 consilio.
904 3748 983 3810 Nam
1005 3766 1051 3810 re·
