2348 4162
282 236 321 292 ad
340 239 369 293 D.
388 238 532 294 Erasmum
550 239 776 297 Roterodsmum.
934 241 995 308 133

46 423 49 428 ·
68 408 126 468 nisi
147 407 268 485 soieris‚
290 405 362 486 quid
384 409 484 487 possit
506 409 648 470 voluntas
662 410 805 488 humana,
827 411 898 490 quid
912 411 994 472 Deus

67 489 161 551 lsaiat
182 509 222 551 an
244 491 421 551 neeessario
445 492 617 571 praesciat?

97 584 101 591 '
150 573 265 635 Nonne
286 579 317 634 et
338 572 477 634 rhetores
501 576 543 634 tui
568 574 690 653 docent,
714 575 752 635 de
775 594 869 636 eausa
892 576 995 656 aliqua

69 656 223 718 dicturum
247 662 394 734 oportere
417 656 528 737 dicere,
549 659 699 738 primum,
723 677 760 718 an
785 660 850 738 sit,
872 659 994 741 deinde,
1105 714 1109 721 .

68 739 143 819 quid
168 740 222 808 sit,
246 757 326 818 quae
348 739 413 799 eius
435 747 559 820 partes,
582 759 662 821 quae
685 742 858 820 contraria,
881 740 994 821 affinia,

65 822 181 882 similia
202 826 262 885 eto.
297 821 343 881 Tu
365 841 439 883 vero
463 824 606 884 miserum
616 823 689 884 illud
703 843 757 903 per
779 843 849 885 sese
863 823 995 899 liberum

64 904 225 966 arbitrium
247 904 297 965 hie
320 906 463 965 omnibus
486 906 618 987 spolias,
647 913 678 966 et
699 907 812 967 unllam
837 908 993 987 quaestio·

62 1007 136 1048 nem
162 987 201 1048 de
224 986 393 1067 eodeflnis,
415 988 473 1048 nisi
496 1009 587 1049 unam
602 988 685 1050 illam
708 991 847 1070 primam,
865 990 992 1069 seilicet,

63 1091 103 1132 an
126 1071 188 1147 sit,
213 1069 305 1149 idque
328 1073 516 1150 argumentis
538 1071 669 1149 talibus,
703 1072 843 1152 qualibus
876 1070 992 1135 videbi·

63 1172 156 1229 mus,
183 1159 218 1213 ut
238 1153 420 1232 ineptiorem
452 1154 560 1216 librum
591 1154 628 1215 de
650 1153 747 1216 libero
771 1154 894 1217 arbitrio
928 1173 991 1217 non

62 1235 217 1312 viderim,
256 1241 388 1315 excepta
419 1238 565 1300 orationis
601 1238 765 1317 elegantia.
826 1236 992 1318 Sophistae

62 1338 139 1381 saue
164 1318 272 1378 melius
289 1318 345 1378 bio
366 1318 476 1380 saltem
500 1319 752 1396 dialeotioautur‚
776 1322 899 1399 quaudo
922 1321 991 1382 rhe-

62 1402 188 1463 torieari
210 1401 363 1479 nesoiunt,
386 1404 437 1480 qui
459 1402 586 1463 liberum
601 1402 756 1463 arbitrium
780 1406 919 1484 aggressi
941 1404 992 1465 de·

62 1484 176 1545 flniunt
197 1502 305 1545 omnes
321 1486 519 1563 quaestiones
537 1487 613 1564 eius,
636 1505 675 1546 an
691 1488 739 1563 sit,
762 1486 833 1566 quid
847 1489 894 1567 sit,
918 1486 990 1565 quid

59 1568 167 1645 faeiat,
188 1564 347 1646 quomodo
369 1566 483 1629 habeat
507 1574 574 1650 eta,
598 1568 671 1628 lieet
699 1578 730 1629 et
751 1570 810 1648 ipsi
834 1588 897 1630 non
928 1568 990 1630 effi·

60 1651 147 1710 aiunt
168 1648 251 1728 quod
274 1654 404 1733 tentant.
438 1650 565 1731 Urgebo
586 1651 679 1731 igitur
699 1650 760 1711 hoo
782 1650 886 1712 libello
896 1654 936 1714 se
958 1653 989 1713 et

61 1731 226 1813 Sophistas
241 1750 360 1814 omnes,
384 1732 484 1794 donea
505 1734 591 1794 liberi
616 1733 730 1795 arbitrii
747 1733 827 1794 vires
850 1741 881 1795 et
893 1752 990 1814 opera

59 1815 135 1876 mihi
159 1813 322 1892 definiatis,
344 1820 376 1876 et
397 1816 442 1876 sia
464 1815 580 1898 urgebo
606 1814 747 1898 (Christo
765 1817 931 1897 propitio),
955 1823 989 1877 ut

60 1916 187 1978 sperem
209 1917 260 1957 me
295 1896 472 1959 adacturum
500 1906 531 1961 te
558 1898 597 1960 ad
632 1899 853 1979 poeniteutiam
888 1898 988 1960 editae

59 1979 208 2042 diatribes
228 1989 310 2045 tuae.
599 1982 613 2003 ⁸

143 2062 202 2123 Est
223 2063 326 2142 itaque
348 2069 380 2123 et
400 2062 461 2122 boa
487 2063 635 2143 imprimis
658 2067 866 2127 necessarium
889 2070 921 2124 et
941 2082 988 2123 sa·

57 2146 161 2207 lutare
183 2144 367 2223 Christiano,
390 2163 504 2223 nosse,
539 2146 622 2226 quod
645 2146 727 2207 Deus
760 2148 833 2209 nihil
855 2147 988 2228 praescit

59 2228 296 2309 eondngenter‚
332 2227 385 2287 sed
428 2228 509 2307 quod
555 2229 659 2290 omnia
690 2228 935 2292 incommutabili
957 2236 988 2289 et

59 2316 189 2372 aeterna
209 2308 422 2389 infallibilique
444 2310 603 2372 voluntate
633 2318 664 2372 et
685 2314 844 2391 praevidet
866 2319 898 2373 et
918 2330 988 2391 pro·

59 2394 160 2475 ponit,
183 2401 214 2452 et
234 2394 314 2456 fauit.
361 2393 429 2454 Hou
450 2393 577 2454 fulmine
603 2395 746 2455 sternitur
768 2402 800 2456 et
821 2395 987 2456 conteritur

58 2478 184 2557 penitus
205 2473 335 2538 liberum
357 2474 523 2539 arbitrium.
565 2473 643 2538 Ideo
678 2479 727 2555 qui
750 2477 878 2539 liberum
910 2475 987 2537 arbi·

58 2560 151 2619 trium
175 2559 282 2621 volunt
303 2565 453 2619 assertum
465 2605 474 2638 ,
498 2557 611 2620 debent
631 2558 692 2619 hoo
714 2559 828 2621 fulmen
861 2558 910 2619 vel
934 2576 987 2619 ne·

58 2660 136 2722 gare
160 2641 208 2701 vel
234 2641 436 2720 dissimulare,
458 2646 511 2701 aut
533 2641 594 2701 alia
616 2642 734 2702 ratione
758 2661 775 2702 a
798 2662 832 2702 sa
853 2640 987 2721 abigere.

59 2725 237 2804 Antequam
258 2743 332 2784 vero
361 2723 392 2783 id
421 2742 490 2783 mea
518 2722 727 2803 disputatione
760 2730 791 2785 et
812 2723 987 2804 Soripturae

58 2808 226 2869 autoritate
247 2805 376 2884 firmem,
399 2807 482 2886 prius
508 2807 566 2866 tuis
588 2806 689 2867 verbis
711 2808 811 2886 ipsum
834 2805 984 2870 tractabo.

58 2887 177 2952 Nonne
199 2897 231 2950 tu
255 2909 298 2966 es,
321 2891 363 2949 mi
384 2888 523 2970 Erasme,
547 2891 598 2969 qui
621 2891 776 2950 asseruisti
799 2890 891 2970 paulo
914 2895 986 2949 aute

59 2972 161 3033 Deum
183 2980 294 3033 natura
313 2972 443 3051 iustum,
477 2979 586 3031 natura
616 2970 911 3034 clementissimum?
954 2970 986 3032 Si

57 3055 120 3115 boa
143 3073 247 3115 verum
271 3062 327 3132 est,
349 3073 453 3115 noune
475 3056 624 3134 sequitur,
648 3054 730 3134 quod
753 3053 986 3116 incommutabi-

58 3137 131 3197 liter
163 3139 203 3198 sit
223 3139 321 3197 iustus
350 3146 381 3197 et
403 3137 561 3197 clemens?
595 3146 628 3196 ut
650 3138 910 3216 quemadmodum
934 3156 985 3197 na·

59 3227 130 3280 tura
152 3222 217 3281 eius
240 3239 303 3280 uon
327 3225 459 3280 mutatur
481 3220 511 3278 iu
534 3227 702 3298 aeternum,
718 3223 762 3282 ita
778 3239 836 3280 neo
858 3221 922 3280 eius
944 3220 987 3279 iu-

58 3303 144 3363 stitia
165 3310 196 3363 et
219 3302 392 3363 elementia.
436 3301 527 3377 Quod
549 3309 651 3363 autem
674 3303 712 3362 de
734 3304 849 3363 iustitia
872 3313 902 3362 et
924 3303 984 3361 ale·

59 3384 177 3446 mentia
198 3384 316 3465 dieitur,
340 3386 432 3447 etiam
443 3385 481 3445 de
493 3385 631 3460 seientia,
653 3387 815 3465 sapientia,
837 3384 985 3462 bonitate,

58 3466 241 3548 voluntate,
277 3471 309 3529 et
330 3467 397 3528 aliis
427 3466 538 3528 divinis
573 3466 663 3527 rebus
694 3467 753 3529 diei
777 3474 909 3547 oportet.
953 3465 985 3527 Si

57 3551 152 3631 igitur
172 3551 251 3612 haee
271 3549 425 3631 religiose,
448 3551 497 3630 pie
519 3557 550 3610 et
570 3548 731 3611 salubriter
753 3551 791 3611 de
815 3550 881 3610 Deo
904 3567 985 3610 asse·

58 3639 177 3711 rantur,
199 3635 233 3695 ut
255 3638 287 3693 tu
310 3632 427 3712 soribis,
450 3633 522 3712 quid
545 3631 657 3692 aooidit
680 3631 757 3711 tibi,
787 3638 821 3692 ut
848 3631 900 3693 tibi
926 3633 985 3711 ipsi

59 3714 216 3779 dissidens
237 3714 454 3796 irreligiosum,
477 3716 630 3776 undosum
653 3734 813 3776 aovanum
836 3733 918 3777 uuus
939 3733 985 3775 as-
