2348 4162
205 231 265 296 106
496 235 600 299 concio
621 237 652 289 D.
672 236 707 291 Μ.
727 237 837 292 Lutheri

201 413 280 475 quae
301 395 344 455 illi
367 394 482 477 populo
506 400 558 453 aut
579 394 693 453 sanctis
715 393 745 453 in
767 393 823 456 illo
851 399 943 456 coetu
975 392 1120 457 facienda

202 478 322 539 luerunt
343 480 429 539 iuxta
450 497 535 538 suam
560 479 764 554 vocationem,
787 485 817 537 et
839 497 885 553 ee,
900 497 979 558 quae
1000 477 1039 538 ad
1064 495 1121 538 no·

201 567 294 620 stram
318 563 511 622 vocationem
535 561 700 639 pertinent..
726 559 818 622 Deus.
833 560 953 621 loeutus
976 569 1024 623 est
1037 558 1119 622 Mosi

202 643 240 703 de
263 644 478 705 constituenda
505 642 632 723 politia,
668 644 757 704 iussit
778 644 925 724 populum
964 661 1120 723 occupare

201 735 311 787 terram
325 728 460 806 Canaan,
484 727 619 807 expulsis
634 726 786 788 veteribus
808 727 928 807 incolis,
951 727 1038 787 iuxta
1051 744 1121 806 pro-

203 811 379 871 missionem
404 811 505 871 datam
529 809 683 873 Abrahae.
700 817 731 871 et
752 811 900 891 posteris:
929 808 996 869 Tibi
1019 814 1051 870 et
1072 829 1120 869 se·

200 893 273 953 mini
295 903 347 954 tuo
370 893 584 955 dabo-terram
607 893 702 973 hanc;
724 893 777 954 sed
800 893 871 954 hino
887 911 949 953 nou
971 893 1119 972 sequitur,

199 994 280 1054 nos,
313 979 363 1056 qui
392 994 473 1037 nuno
506 996 610 1037 sumus
637 976 792 1057 ecclesia,
826 975 938 1037 debere
965 992 1120 1055 occupare

199 1078 296 1140 regna
323 1066 375 1119 aut
403 1060 535 1122 ditiones
562 1059 701 1123 aliorum.
754 1057 825 1121 Non
862 1059 945 1120 euim
970 1057 1120 1119 habemus

198 1141 353 1223 peculiare
372 1142 430 1204 Dei
453 1141 639 1224 mandatum,
664 1151 695 1204 ut
715 1142 758 1202 illi
781 1141 961 1223 habuerunt,
984 1159 1042 1202 nec
1064 1160 1120 1201 no·

200 1225 247 1286 bis
269 1229 421 1306 promissa
442 1235 513 1288 sunt
541 1234 624 1287 certa
644 1227 772 1307 imperia
809 1231 861 1285 aut
893 1229 996 1286 certae
1018 1224 1119 1303 sedes,

198 1305 284 1371 Deus
306 1308 402 1370 multa
424 1308 544 1371 locutus
567 1317 614 1369 est
635 1327 703 1369 curn
726 1307 872 1389 patribus,
895 1325 975 1388 quae
998 1307 1037 1367 ad
1060 1325 1119 1368 nos

200 1390 274 1451 nihil
296 1393 458 1471 pertinent.
505 1392 648 1454 Locutus
663 1398 710 1453 est
729 1390 835 1467 Adae,
866 1409 924 1451 nec
949 1389 1021 1450 ideo
1045 1389 1119 1451 mihi

200 1473 308 1535 eadem
332 1476 437 1536 omnia
458 1474 599 1536 iacienda
618 1482 670 1536 aut
695 1473 841 1555 patienda
863 1479 942 1548 sunt,
964 1491 1044 1554 quae
1065 1473 1119 1552 iiii,

199 1576 237 1618 ac
256 1576 296 1618 ne
326 1566 434 1638 potero
458 1558 590 1637 quidem.
634 1557 703 1619 Non
727 1558 808 1618 enirn
837 1576 904 1616 sum
936 1556 1040 1636 idern,
1067 1557 1118 1636 qui

199 1639 257 1700 fuit
277 1639 339 1702 ille.
362 1640 507 1702 Abrahae
530 1641 706 1703 mandatum
730 1650 810 1718 eret,
833 1637 980 1699 attilium
1004 1638 1120 1699 iaceret

199 1724 364 1804 victimam,
386 1731 416 1786 et
436 1724 630 1804 praedicatur
655 1725 685 1784 in
709 1723 769 1785 hoc
791 1742 884 1803 opere
901 1723 967 1784 eius
989 1719 1067 1783 fldes
1090 1728 1120 1782 et

199 1804 389 1886 obedientia3
410 1808 464 1868 sed
487 1807 558 1868 hina
579 1827 641 1868 non
664 1807 809 1887 sequitur,
833 1806 915 1885 pium
938 1824 1016 1886 opus
1039 1823 1118 1885 esse,

198 1888 289 1948 etiarn
314 1907 372 1950 nos
394 1888 464 1951 Deo
488 1895 622 1950 mactare
643 1889 764 1952 liberos.
815 1887 887 1949 Non
908 1889 989 1949 enirn
1013 1906 1118 1949 sumus

199 1990 265 2046 nos,
288 1973 339 2050 qui
359 1972 415 2032 fuit
437 1971 614 2048 Abraham,
636 1991 694 2033 nec
717 1971 863 2033 hebernus
886 1969 967 2031 idem
991 1970 1117 2032 manda·

199 2063 271 2132 tum,
296 2053 378 2133 quod
401 2055 463 2116 ille.
496 2054 542 2115 lta
565 2055 663 2116 David
686 2074 764 2116 voce
787 2061 817 2115 et
837 2055 921 2114 iussu
938 2050 999 2115 Dei
1023 2052 1120 2115 multa

197 2137 279 2216 feeit,
302 2155 381 2216 quae
403 2137 441 2198 ad
465 2156 522 2199 nos
545 2138 617 2198 nihil
640 2141 814 2218 pertinent,
847 2148 908 2197 non
931 2137 1007 2197 satis
1028 2137 1119 2219 igitur

198 2224 246 2280 est
267 2220 379 2280 dicere:
420 2220 488 2280 Hoc
511 2221 592 2281 Deus
616 2221 735 2282 locutus
757 2228 826 2301 est,
853 2219 931 2279 haec
952 2218 1012 2281 Dei
1035 2238 1118 2279 nran-

198 2301 270 2362 dato
306 2303 388 2363 faeta
410 2309 495 2378 sunt3
527 2303 582 2364 sed
605 2302 770 2364 videndum
803 2309 850 2363 est
872 2311 902 2363 et
922 2300 999 2379 hoo,
1035 2300 1118 2383 quid,

199 2385 311 2464 quibus
331 2385 492 2464 mandarit,
514 2405 570 2446 seu
592 2385 631 2448 ad
655 2405 732 2466 quos
753 2387 792 2448 sit
814 2385 946 2446 locutus.

280 2468 448 2530 Prudenter
468 2469 572 2549 itaque
592 2467 787 2530 iudicandum
811 2473 860 2528 est
880 2465 918 2527 de
940 2465 1000 2526 huc
1021 2467 1117 2528 varie

198 2557 261 2612 tate
284 2551 496 2614 mandatorum
519 2557 551 2613 et
571 2552 829 2634 promissionum,
851 2557 883 2610 et
904 2548 993 2610 simul
1016 2550 1117 2611 oonsi-

200 2633 377 2714 derandum,
399 2653 489 2715 quae,
511 2634 550 2696 ad
573 2654 651 2716 quos
673 2642 704 2696 et
715 2635 825 2715 quibus
847 2631 995 2693 derebus
1018 2632 1118 2695 iaotue

199 2717 268 2778 sint.
319 2718 387 2780 Non
422 2719 496 2779 satis
530 2726 577 2779 est
613 2725 642 2779 te
671 2718 777 2779 audire
812 2736 880 2777 esse
908 2714 1032 2794 aliquod
1062 2716 1118 2778 Dei

198 2799 334 2878 verbum3
358 2819 426 2862 esse
448 2801 545 2863 Deum
568 2801 646 2863 haec
668 2808 720 2861 aut
743 2800 796 2863 illa
815 2800 959 2877 locutum,
982 2796 1036 2859 sed
1060 2798 1119 2864 huo

199 2883 290 2943 etiam
313 2883 470 2964 respicias,
494 2884 587 2943 tibine
611 2883 724 2944 dictum
746 2885 804 2964 sit,
829 2902 867 2943 un
892 2881 977 2959 aliis,
1011 2881 1118 2945 adt·

198 2983 289 3025 amne
313 2967 509 3027 vocationem
531 2968 693 3048 pertineat,
717 2987 754 3028 an
778 2965 817 3026 ed
841 2964 982 3026 alienam.
1026 2905 1117 3040 Quo'l

197 3046 310 3109 Davidi
346 3048 466 3110 loeutus
495 3056 542 3110 est
582 3056 613 3111 et
642 3070 710 3111 curn
744 3049 798 3110 illo
831 3047 1026 3135 peculiariter
1057 3052 1119 3133 egit

196 3130 292 3210 Deus,
313 3130 344 3191 id
368 3132 407 3194 ad
431 3151 479 3193 me
501 3131 575 3195 nihil
598 3134 729 3211 attinet,
759 3132 832 3191 mihi
855 3131 935 3192 enirn
960 3148 1024 3189 non
1047 3133 1118 3195 dioi-

198 3221 255 3293 tur‚
278 3214 332 3275 sed
355 3215 394 3277 ad
416 3214 476 3276 hoc
498 3215 623 3276 verbum
645 3214 869 3296 respiciendum
893 3219 950 3293 est,
972 3216 1057 3291 quod
1080 3215 1118 3278 ad
1150 3268 1157 3280 .

200 3316 247 3356 me
270 3299 393 3379 proprie
413 3300 556 3381 pertinet,
577 3299 637 3359 hoo
659 3306 715 3379 est,
739 3296 821 3377 quod
845 3296 893 3357 vel
916 3294 988 3355 mihi
1009 3295 1125 3362 dieitur·

198 3380 401 3461 peculiariter,
424 3401 479 3463 pro
503 3401 574 3443 mea
584 3383 748 3443 vocatione
771 3387 823 3440 aut
842 3379 924 3455 loco,
948 3383 1001 3439 aut
1023 3381 1118 3461 quod,

199 3483 267 3525 curn
291 3465 432 3527 omnibus
455 3464 569 3529 dictum
591 3471 622 3525 et
644 3463 816 3525 universale
840 3464 894 3544 sit,
922 3481 972 3523 me
995 3479 1119 3547 qnoque

198 3567 259 3608 una
272 3548 408 3626 includit,
432 3545 502 3609 huic
524 3554 588 3609 tuto
603 3549 726 3630 innitor,
748 3553 781 3607 et
801 3545 890 3606 huius
902 3543 1015 3605 fiducia
1036 3556 1119 3611 recte
1162 3622 1166 3629 Ι

198 3631 373 3711 acquiesco.
407 3629 488 3691 Nihil
511 3650 584 3712 orgo
608 3638 664 3711 est,
686 3629 768 3712 quod
792 3628 925 3690 clamant
946 3629 1043 3712 inepti
1065 3630 1119 3712 illi,

198 3714 249 3796 qui
278 3714 367 3775 nobis
387 3713 495 3776 Mosen
529 3713 704 3796 inculcant,
737 3712 814 3773 haee
840 3709 986 3772 mundata
1015 3712 1120 3793 finisse,
