2348 4162
269 230 307 287 ad
325 233 356 289 D.
372 233 518 291 &armum
536 234 762 293 Roterodamum
915 237 979 304 247

56 399 192 482 proteri?
234 400 374 483 Denique
395 414 516 484 pactum
540 410 678 465 nostrum
702 411 764 484 est,
786 425 848 467 uon
873 409 983 468 autori-

56 489 118 546 tate
129 481 261 546 alicuius
274 486 427 564 Ductoris,
451 488 506 548 sed
529 487 624 547 sotius
637 487 812 568 Scripturue
832 508 890 550 nos
903 491 984 551 velle

55 566 233 647 confligere.
278 569 363 645 Quos
384 571 476 649 igitur
496 569 666 649 Origenes?
688 590 765 651 quos
778 572 984 653 Hieronymus

56 649 188 715 diatriba
210 651 299 713 nobis
322 652 416 714 oblita
437 655 518 733 pacti
542 653 665 714 obiicit?
702 674 770 715 oum
788 655 867 715 inter
887 657 984 716 eccle-

54 735 199 796 siasticos
234 737 400 816 scriptores
431 737 503 796 uuili
525 736 589 797 iere
611 739 685 815 sint,
721 739 771 816 qui
799 739 932 810 ineptius
955 747 985 799 et

55 817 219 879 absurdius
242 817 360 878 divinas
388 819 492 881 literas
516 821 685 897 tractarint,
723 838 814 899 quam
835 819 984 901 Origenes
1064 858 1067 863 -

55 907 87 963 et
106 899 325 981 Hieronymus.

138 983 189 1062 Et,
212 992 245 1044 ut
267 1003 328 1046 uno
351 984 446 1044 verbo
470 985 578 1061 dicam,
601 985 675 1045 illuc
693 985 771 1046 redit
782 987 905 1047 licentia
926 989 986 1049 ista

54 1067 294 1147 interpretandi,
323 1073 357 1127 ut
379 1086 462 1131 nova
483 1074 514 1128 et
532 1068 670 1130 inaudita
692 1067 900 1130 Grammatico
923 1089 986 1130 om·

56 1151 108 1211 nia
130 1150 369 1227 confundantur,
390 1157 432 1227 ut,
457 1169 525 1210 cum
538 1152 620 1212 Deus
644 1152 733 1212 dicit:
756 1153 824 1232 Ego
836 1153 985 1215 indurabo

56 1252 112 1295 cor
122 1232 303 1311 Pharaonis,
326 1234 448 1294 mutatis
470 1234 610 1313 personis
633 1236 677 1294 sic
698 1237 843 1317 accipias,
866 1237 985 1298 Pharao

56 1316 182 1377 indurat
202 1336 354 1378 sesemea
366 1316 510 1396 lenitate3
528 1317 610 1377 Deus
628 1317 750 1379 indurat
772 1337 826 1379 cor
839 1324 986 1397 nostrum,

55 1399 88 1460 id
110 1404 169 1477 est,
190 1419 249 1461 nos
270 1400 329 1479 ipsi
349 1398 525 1459 induremus
549 1419 622 1478 nos,
655 1401 721 1461 Deo
752 1421 868 1480 poenas
903 1401 988 1463 diffe-

57 1490 160 1560 rante3
182 1481 241 1561 Tu,
263 1482 406 1556 Domine,
430 1501 531 1543 errare
547 1482 725 1561 nosfecisti‚
738 1483 770 1543 id
783 1494 838 1564 est,
861 1504 919 1546 nos
942 1504 986 1545 er-

59 1585 127 1627 rare
163 1563 290 1626 fecimus
323 1585 381 1626 nos
408 1566 509 1645 ipsos,
544 1574 573 1626 tc
606 1584 667 1625 non
698 1567 878 1645 castigante.
941 1567 989 1628 Ita

59 1649 160 1710 Deum
185 1650 320 1709 misereri
349 1650 410 1709 iam
432 1668 493 1709 non
517 1647 669 1729 significat
699 1648 815 1709 donare
846 1650 986 1729 gratiam,

60 1736 112 1792 ant
133 1731 281 1793 exhibere
303 1730 551 1809 misericordiam,
575 1733 729 1792 remittere
752 1737 923 1812 peccatum,
945 1733 988 1792 iu·

59 1813 203 1894 stificare,
225 1822 279 1875 aut
301 1835 319 1876 a
342 1814 430 1876 malis
452 1812 596 1893 liberare,
631 1814 685 1875 sed
708 1821 815 1876 contra
837 1814 990 1896 significat

59 1898 171 1958 inferre
193 1898 305 1958 malum
329 1907 359 1958 et
382 1899 541 1977 castigare.

142 1980 212 2042 Istis
235 1983 330 2063 tropis
353 1980 476 2041 tandem
500 1980 531 2040 id
545 1979 703 2056 efficietur,
728 1986 760 2040 ut
782 1978 876 2059 dicas,
890 1976 989 2038 Deum

60 2065 153 2125 inisse
176 2066 331 2125 misertum
355 2063 424 2124 filiis
445 2061 555 2140 Israel,
589 2063 659 2123 dum
684 2063 753 2123 ilios
776 2065 806 2122 in
830 2062 989 2142 Assyriam

63 2150 93 2208 et
113 2138 308 2227 Babyionem
332 2147 497 2224 transtulit,
526 2147 566 2208 ibi
595 2148 675 2207 euim
699 2147 862 2225 castigavit
883 2163 990 2223 pecca-

62 2238 156 2308 tores,
177 2230 219 2290 ibi
242 2250 297 2310 per
318 2229 500 2291 afflictiones
530 2229 568 2289 ad
592 2231 811 2309 poenitentiam
834 2229 993 2306 invitavit,

63 2333 166 2374 rursus
196 2332 263 2373 cum
287 2312 409 2373 reduxit
443 2331 497 2374 eos
520 2319 551 2372 et
573 2312 730 2391 liberavit,
764 2318 827 2372 tum
851 2311 992 2371 nonfuit

64 2398 215 2473 misertus,
238 2397 292 2457 sed
316 2395 478 2469 induravit,
500 2396 560 2456 hoc
581 2402 637 2471 est,
659 2395 786 2454 lenitate
807 2413 863 2453 sua
885 2398 915 2453 et
939 2393 991 2452 rni-

63 2479 230 2542 sericordia
261 2480 457 2542 occasionem
482 2476 580 2555 dedit,
614 2483 646 2538 ut
677 2477 899 2538 indurarentur.
942 2475 993 2537 Sic

64 2562 146 2642 quod
170 2558 325 2625 Christum
354 2561 545 2623 Salvatorem
575 2562 657 2620 misit
684 2561 714 2619 in
739 2558 901 2636 mundum,
929 2577 1010 2623 non,

64 2646 184 2709 dicetur
205 2665 275 2707 esse
297 2644 507 2705 misericordia
529 2644 600 2719 Dei,
633 2642 687 2702 sed
709 2640 874 2716 induratio,
910 2639 992 2721 quod

63 2730 122 2790 hac
144 2728 355 2790 misericordia
377 2729 573 2789 occasionem
609 2726 691 2786 dedit
717 2724 892 2785 hominibus
924 2741 994 2784 sese

64 2809 239 2875 indurandi.
283 2810 375 2887 Quod
392 2829 466 2870 vero
478 2809 644 2870 Ierusalem
670 2809 800 2869 vastavit
821 2814 852 2868 et
863 2804 993 2867 ludaeos

65 2894 200 2978 perdidit
228 2895 259 2954 in
282 2894 363 2954 hunc
385 2911 482 2972 usque
505 2893 601 2972 diem,
632 2893 673 2953 ibi
698 2893 856 2952 miseretur
878 2909 994 2968 eorum,

66 2979 137 3060 quia
161 2979 293 3055 castigat
330 2982 495 3057 peccantes
518 2983 548 3038 et
571 2975 610 3035 ad
633 2975 852 3056 poenitentiam
877 2975 995 3034 invitat.

66 3060 157 3138 Quod
181 3060 311 3121 Sanctos
344 3061 374 3120 in
399 3060 519 3120 coelum
543 3059 634 3120 vehet
655 3061 685 3118 in
710 3057 758 3117 die
781 3057 897 3135 iudicii,
934 3075 996 3117 non

66 3145 159 3206 faciet
181 3142 371 3218 miserendo,
395 3141 450 3202 sed
471 3141 658 3220 indurand0,
689 3142 759 3219 quia
780 3140 918 3201 bonitate
942 3158 997 3198 sua

68 3227 265 3288 occasionem
286 3225 370 3286 dabit
392 3224 547 3301 abutendi,
570 3224 651 3303 quod
675 3225 784 3303 impios
812 3241 884 3283 vero
898 3221 999 3281 trudet

68 3310 106 3372 ad
128 3309 255 3387 inferos,
279 3309 321 3369 ibi
346 3308 548 3381 miserebitur,
570 3309 641 3387 quia
664 3307 998 3386 castigatpeccatoreu.

69 3391 223 3471 Obsecro,
254 3392 322 3471 quis
360 3411 493 3471 unquam
520 3392 595 3451 istas
623 3388 847 3450 misericordias
882 3395 912 3447 et
938 3388 998 3448 iras

70 3475 130 3538 Dei
147 3475 286 3537 audivit?

152 3559 228 3621 Esto
251 3577 336 3635 sane,
359 3556 441 3638 quod
462 3555 534 3618 boni
569 3562 633 3616 tum
657 3555 781 3616 lenitate
803 3560 865 3614 tum
889 3553 999 3613 severi-

69 3648 133 3705 tate
155 3643 212 3702 Dei
235 3641 378 3702 meliores
400 3639 489 3717 fiant,
522 3646 624 3699 tamen
649 3657 716 3697 cum
740 3636 827 3697 simul
850 3635 888 3695 de
911 3635 1000 3695 bonis

72 3733 102 3787 et
123 3725 399 3805 malisloqnimur,
417 3722 533 3784 facient
554 3723 603 3782 isti
626 3722 706 3803 tropi
729 3740 768 3780 ex
791 3718 1001 3781 misericordia
