2348 4162
74 221 115 288 16
408 220 537 280 Fornule
553 223 654 282 missae

73 391 178 471 verba,
198 394 262 454 imo
283 393 386 478 verbis
408 395 466 456 Dei
487 414 613 475 prorsus
635 393 762 475 diffidis,
791 402 822 459 et
843 395 917 458 solis
938 395 993 457 ho·

74 477 190 537 minum
212 477 312 538 uerbis
341 477 449 541 credis.
502 477 544 540 At
571 486 761 558 quantaest
786 481 846 541 ista
877 479 993 541 abomi-

74 561 158 622 natio
181 567 212 620 et
232 562 357 640 negatio
381 563 437 621 Dei
460 561 620 622 altissimi?
652 562 739 638 Quae
761 562 904 624 idolatria
926 568 989 628 tum

73 662 130 725 par
159 663 228 704 esse
255 650 359 724 potest
396 651 465 706 tuae
500 652 562 705 tam
598 645 762 725 religiosae
797 644 994 708 obedientiae

40 788 41 793 ,
75 745 150 808 erga
179 727 348 788 Concilium
377 728 557 809 homiuum?
600 729 710 789 Nonne
745 730 847 810 potius
880 728 992 789 millies

74 810 174 871 mori?
195 829 299 871 nonne
320 813 422 891 potius
444 831 535 872 unam
560 820 612 871 eut
633 813 746 873 nullam
777 813 910 894 speciem
943 830 992 872 ae-

41 923 43 928 2
75 895 178 975 cipere
200 895 347 974 deberes,
376 896 467 974 quam
488 896 518 954 in
542 895 597 956 tali
620 895 796 957 obedientia
818 903 879 957 tam
902 895 994 956 saeri-

1 981 2 987 ’
74 977 145 1058 lega
166 983 197 1038 et
218 980 375 1059 apostasia
395 976 659 1059 fideiaceiperel
753 983 755 988 ’

155 1060 308 1122 Desinant
328 1063 432 1141 itaque
453 1063 568 1124 iactare
590 1060 730 1123 Ooncilia
752 1080 822 1140 sua,
855 1059 909 1121 sed
932 1061 994 1142 pri·

74 1163 156 1204 mum
180 1146 240 1203 hoc
261 1145 383 1222 faciant,
405 1148 566 1208 restituant
580 1145 773 1226 sacrilegium
787 1146 907 1205 divlnae
928 1144 994 1224 glo·
1009 1168 1030 1181 ·’

38 1261 41 1266 -
74 1230 147 1310 riae,
170 1226 372 1287 confiteantur
394 1229 463 1290 sese
484 1227 600 1292 Satana
632 1227 778 1309 magistro
800 1229 994 1310 prohibuisse

63 1330 173 1394 runem.
189 1312 340 1391 speciem,
363 1330 432 1376 sese
454 1311 584 1395 superlj
617 1313 715 1372 Deum
744 1313 898 1388 elevasse,
917 1329 991 1380 ‚ver-

75 1393 147 1455 bum
170 1395 234 1455 eius
257 1394 428 1472 damnasse,
451 1403 482 1456 et
504 1402 549 1457 tot
569 1394 703 1475 populos
725 1415 780 1476 per
802 1396 905 1455 secula
927 1413 993 1474 per-

76 1476 206 1556 didisse,
236 1482 266 1537 et
290 1479 510 1557 poenitentiam
533 1486 628 1558 agant
654 1497 711 1559 pro
745 1479 804 1539 hae
831 1476 994 1558 tyrannide

74 1560 236 1622 indicibilis
261 1561 447 1622 crudelitatis
469 1570 499 1622 et
510 1560 687 1642 impietatis,
710 1567 741 1622 et
762 1565 913 1637 sanciant,
934 1578 993 1621 nos

73 1651 157 1705 recte
180 1646 290 1725 egisse,
313 1644 394 1724 quod
407 1646 492 1725 citra,
514 1648 577 1707 imo
591 1650 699 1706 eontra
719 1663 824 1706 eorum
847 1644 995 1724 dogmata

75 1735 235 1807 utramque
257 1729 392 1807 speciem
419 1729 578 1790 docuimus
601 1736 632 1790 et
652 1729 856 1810 sumpsimus,
880 1745 937 1787 nee
959 1726 993 1786 il·

8 1853 10 1856 .
74 1811 181 1885 lorum
199 1810 368 1872 Concilium
391 1814 651 1893 exspectavimus,
682 1814 859 1892 gratiasque
889 1817 994 1890 agant,

76 1895 159 1974 quod
191 1894 310 1955 illorum
339 1895 542 1975 perditionem
566 1902 597 1958 e't
623 1896 884 1967 abominationem
906 1896 992 1974 sequi

76 1977 356 2042 detrectaverimus.

90 2104 92 2108 ψ
159 2062 324 2141 Postquam
346 2062 423 2124 haee
443 2063 584 2143 fecerint,
613 2061 743 2123 libentes
770 2060 921 2142 pronique
943 2078 993 2121 eo·

8 2201 10 2206 .
74 2164 141 2217 rum
165 2146 336 2221 Concilium
360 2151 391 2206 et
411 2153 558 2206 statutum
584 2145 780 2207 adorabimus
808 2150 839 2205 et
859 2142 994 2225 amplec-

75 2234 183 2294 temur.
212 2227 337 2290 Interim
362 2229 515 2313 dum'boc
537 2247 600 2290 non
621 2230 746 2308 faciunt,
767 2234 898 2325 pergunt
919 2246 994 2288 vero

74 2313 247 2393 postulare,
274 2319 307 2372 ut
328 2331 414 2372 suam
441 2314 637 2374 autoritatem
659 2312 898 2393 praestolemur,
919 2309 996 2371 nihil

76 2396 226 2474 audimus,
248 2395 302 2462 sed
324 2394 519 2476 pergimus2)
545 2401 576 2458 et
611 2415 668 2457 nos
697 2397 850 2457 contraria
880 2393 950 2458 illis
964 2400 996 2454 et
1051 2444 1057 2463 ,

5 2480 9 2487 '
77 2479 189 2550 docere
210 2486 241 2538 et
261 2477 376 2558 lacere,
395 2498 432 2541 eo
454 2482 598 2560 maxime,
620 2481 812 2561 quosoimus
834 2470 877 2538 eis
902 2478 1009 2538 maxi-1

30 2573 34 2578 “
77 2582 125 2624 me
156 2562 328 2642 displicere.
383 2563 462 2623 Nam
498 2564 557 2625 hae
590 2563 797 2644 postulatione
839 2559 996 2622 diabolica

11 2723 14 2731 Ι
77 2646 149 2726 quid
171 2647 341 2726 postulant,
364 2649 422 2707 nisi
444 2654 476 2707 ut
499 2667 552 2720 eos
576 2667 667 2730 supra
690 2640 803 2729 Deum,
826 2643 921 2707 verba
944 2662 995 2704 eo-

66 2731 141 2790 'rum
163 2749 255 2810 supra
276 2729 372 2792 verba
392 2732 448 2791 Dei
472 2731 669 2809 extollamus,
691 2740 722 2792 et
743 2729 831 2791 nobis
854 2733 999 2808 portenta

76 2813 229 2874 larvarum
261 2820 389 2874 suarum⁴
412 2833 468 2895 pro
504 2815 595 2876 idolis
628 2815 699 2878 loco
732 2814 789 2874 Dei
818 2810 998 2891 ponamus?

77 2915 145 2957 oum
172 2897 299 2958 velimus
317 2917 377 2959 nos
400 2904 497 2959 totum
520 2898 666 2960 mundum
688 2899 756 2961 Deo
779 2894 868 2958 subdi
891 2901 922 2956 et
943 2894 997 2956 ob·
1040 2956 1042 2961 .

51 2982 203 3042 ‘noxium
224 2980 314 3048 fleri..
396 3049 402 3062 ¹
732 3014 734 3018 ,
834 3046 837 3051 ,
940 2980 944 2987 ’

161 3064 389 3127 Canticarelim
403 3065 495 3126 etiam
517 3065 699 3128 nobis'esse
717 3059 882 3138 vernacula
905 3079 996 3140 quam

76 3147 223 3230 plurima,
241 3168 320 3228 quae
343 3149 475 3229 populus
498 3150 554 3211 sub
576 3152 670 3213 Missa
681 3154 828 3228 cantaret,
851 3147 899 3206 vel
910 3147 999 3205 iuxta

78 3229 255 3311 Gradualia,
277 3235 349 3293 item
372 3236 457 3293 iuxta
479 3232 608 3295 Sanctus
631 3241 661 3296 et
683 3234 792 3313 Agnus
815 3231 880 3290 Dei.
921 3226 998 3302 Quis

56 3317 159 3397 ¹enim
182 3314 315 3397 dubitat,
346 3336 397 3378 eas
420 3316 494 3378 olim
526 3317 620 3380 fuisse
641 3337 743 3379 voces·
765 3316 858 3389 totius
882 3311 998 3394 populi,

79 3418 157 3478 quae
179 3419 260 3460 nunc
281 3402 365 3462 solus
389 3400 508 3461 Chorus
531 3409 633 3465 cantat
661 3401 711 3462 vel
737 3396 905 3479 respondet
926 3394 998 3474 Epi·

28 3504 40 3542 ,·
78 3502 175 3564 scopo
199 3483 410 3544 benedicenti?
453 3484 584 3548 Possent
606 3504 679 3547 vero
704 3485 766 3563 ,ista
802 3481 922 3543 cantica
953 3479 999 3537 sic

78 3585 134 3650 per
155 3567 342 3648 Episcopum
366 3567 515 3650 ordinari,
543 3577 577 3632 ut
602 3570 652 3632 vel
674 3567 762 3630 simul
793 3570 863 3648 post
885 3562 998 3623 latinas

151 3767 183 3834 1)
203 3766 234 3820 ln
253 3764 296 3820 ed.
315 3763 385 3822 lea:
404 3779 490 3834 supra
508 3765 606 3824 Deum.
642 3765 675 3836 2)
697 3761 786 3821 lurda
806 3776 961 3835 pergemus·
