2348 4162
380 219 724 321 ilirsrosvauuruc
969 260 1011 329 83

85 436 216 515 duitate,
239 454 300 515 qus
320 437 424 516 legem
448 436 562 516 exigit,
585 436 663 516 legis
685 454 780 516 opera
803 453 864 495 non
888 439 1012 513 sponte·

84 539 158 600 nea,
179 518 234 580 sed
257 525 367 581 coacta
389 537 469 597 esse,
491 526 521 579 et
543 481 692 600 defetigat
725 518 872 599 populum
901 536 939 578 eo
962 537 1013 578 ns·

89 623 163 685 que,
185 602 289 665 donec
309 602 448 663 morbum
473 607 505 662 et
530 602 771 664 inobedientiam
793 621 879 663 suam
906 601 1014 661 intelli·

87 695 155 767 gut,
175 693 207 747 et
229 687 357 784 gratiam
382 685 437 744 Dei
459 684 612 766 imploret,
636 704 696 765 qua
723 684 784 764 legi
807 685 907 765 possit
928 684 1014 746 satis·

84 773 200 849 fucere,
221 770 329 830 siout
321 788 382 828 ram
404 768 610 831 ostendemus.

171 853 286 932 Tertio,
300 860 356 915 cst
378 858 479 911 antem
502 851 580 911 haec
601 852 762 932 potissima
789 850 888 927 ratio,
919 868 1013 929 quere

86 941 134 997 tot
154 935 240 1014 leges
264 933 436 995 condiderit
456 934 577 1014 Moses,
610 941 643 994 ut
669 954 724 1015 per
755 934 855 1013 legem
884 939 1014 1012 peccata

86 1037 145 1081 sua
167 1016 342 1108 hominibus
371 1018 502 1097 aperiret
533 1024 564 1077 et
591 1016 873 1098 praesumptionem
907 1015 1014 1076 hnma-

86 1121 197 1162 narum
221 1102 328 1160 virium
352 1100 561 1163 confunderet
605 1100 684 1161 Hinc
705 1110 768 1177 est,
795 1099 877 1196 quod
901 1098 1012 1159 Paulus

87 1181 159 1248 Gal.
184 1188 200 1248 l
224 1186 394 1244 ministrnm
416 1183 536 1262 peccati
558 1202 626 1243 enm
650 1192 743 1244 vocat
764 1191 793 1242 et
815 1183 1012 1242 ministerium

86 1269 155 1327 eins
172 1268 373 1328 ministerium
390 1268 506 1346 mortis,
524 1268 552 1328 2
567 1265 637 1327 Cor
651 1269 679 1331 3
716 1266 754 1326 Et
772 1265 880 1328 Roma.
896 1267 924 1329 5.
942 1267 1012 1335 eti.

91 1351 165 1410 dicit
166 1369 250 1431 ,per
262 1350 363 1429 legam
376 1357 493 1409 tantum
510 1356 639 1428 peccata
653 1351 811 1428 cognosci,
825 1358 856 1408 et
874 1349 963 1409 Rom.
977 1350 1013 1412 3:

86 1434 146 1494 Per
168 1433 353 1513 operalegis
367 1451 458 1493 nemo
479 1430 660 1493 iustificetur
672 1451 776 1492 coram
794 1432 870 1492 Deo
903 1431 1012 1511 Neque

88 1518 172 1576 enim
193 1516 298 1577 Moses
319 1514 402 1575 alind
425 1521 548 1594 potest,
578 1534 669 1595 qnam
693 1523 726 1575 ut
747 1514 899 1594 significet
919 1514 1014 1574 homi·

87 1600 189 1680 nibus,
212 1598 284 1678 qnid
307 1597 490 1676 laciendum,
513 1598 585 1677 quid
608 1617 670 1659 non
693 1597 867 1658 faciendum
891 1598 943 1678 sit,
972 1596 1014 1656 fa-

87 1647 251 1743 cultat’em
266 1689 367 1743 nutem
390 1681 549 1742 faciendae
584 1681 661 1760 legia
685 1700 747 1741 non
770 1686 929 1760 praestat,
934 1644 1014 1739 sed

88 1766 205 1825 deserit
223 1766 360 1845 peccatis
398 1783 564 1845 oppressos
594 1765 761 1842 homines,
794 1781 894 1859 neque
928 1760 1016 1823 effert

88 1847 217 1928 aliquod
239 1847 419 1909 remedium.
464 1848 557 1908 Porro
587 1848 723 1928 peccatis
747 1809 903 1926 dppressis
932 1863 1014 1906 mors

89 1933 230 1991 imminet
253 1949 309 1992 ceu
333 1931 577 2010 poenapeccati
602 1930 744 1991 divinitus
768 1930 900 1991 decreta.
936 1928 1016 1989 ilinc

89 2022 148 2093 cst,
171 2013 255 2094 quod
277 2012 392 2076 Paulus
422 2021 585 2092 peccatum
609 2020 701 2074 vocat
722 2013 863 2074 aculeum
897 2014 1013 2089 mortis,

87 2097 175 2178 qnod
198 2097 315 2157 scilicet
348 2115 429 2157 mors
465 2104 592 2177 propter
612 2103 774 2176 peccatum
809 2099 855 2156 ins
893 2098 922 2155 iu
957 2113 1014 2155 uos

88 2179 214 2242 habeat
258 2179 289 2242 Si
311 2181 403 2258 igitur
430 2180 515 2240 nulla
536 2180 588 2240 lex
609 2186 713 2256 esset,
747 2179 861 2239 nullum
891 2197 1015 2259 quoqne

88 2272 174 2324 esset
194 2268 367 2343 peccatum.
411 2262 452 2322 Et
474 2263 576 2322 Moses
598 2264 680 2341 lacit,
703 2271 736 2322 nt
756 2265 922 2322 sentiamus
945 2280 1014 2342 pec-

89 2354 172 2425 cata,
196 2365 264 2406 cnm
288 2365 343 2426 per
365 2345 466 2424 legem
489 2364 527 2405 ec
550 2351 728 2406 commovet
753 2350 784 2405 et
806 2344 941 2405 ostendit
963 2363 1016 2405 no·

89 2430 147 2492 bis.
193 2429 335 2509 Sequitur
355 2428 447 2508 igitur
469 2437 553 2489 certe
575 2447 678 2508 poena
700 2428 836 2508 peccati,
859 2446 963 2504 mors,
987 2434 1017 2487 et

91 2512 207 2573 Paulus
226 2514 338 2589 ,merito
362 2512 561 2571 ministerium
581 2512 675 2572 Mosis
690 2512 796 2571 mortis
818 2511 1016 2570 ministerium

93 2593 273 2676 appellavit,
286 2613 387 2674 usque
400 2595 479 2654 enim
492 2593 574 2654 alind
593 2596 654 2653 suis
677 2593 797 2673 legibus
822 2593 904 2670 lecit,
928 2611 1018 2671 qnam

88 2686 125 2740 ut
145 2679 259 2739 indicet
273 2676 362 2738 nobis
379 2685 484 2738 nostra
506 2684 637 2758 peccata
659 2695 758 2756 eaque
780 2682 878 2735 morte
901 2677 1018 2756 puniat.

176 2763 271 2823 Porro
304 2760 365 2821 hoc
399 2761 506 2821 mortis
528 2766 560 2820 et
579 2762 699 2841 peccati
733 2759 933 2819 ministerium
954 2778 1018 2820 non

89 2846 193 2906 solnm
218 2864 279 2906 uon
302 2843 427 2920 malum,
449 2842 504 2904 sed
535 2845 667 2904 maxime
696 2844 787 2904 etism
810 2843 1017 2904 necessarium

90 2935 149 2990 est.
195 2927 321 3007 Absque
342 2928 422 2987 enim
456 2927 528 3024 legs
552 2927 612 2987 Dei
654 2927 732 2987 ratio
763 2934 869 2987 nostra
890 2944 1019 3006 prorsus

90 3010 208 3072 nullum
237 3011 357 3090 peccati
389 3011 597 3106 cognitionem
638 3010 775 3070 haberet.
839 3009 908 3069 Hoc
939 3010 1019 3069 enim

89 3113 217 3175 prorsus
240 3096 363 3174 ignorat
383 3093 472 3171 ratio,
494 3092 577 3172 quod
591 3093 658 3152 Deo
684 3111 746 3154 non
768 3090 894 3152 credere
916 3099 947 3152 et
968 3091 1020 3152 de-

89 3195 219 3258 sperare
251 3179 313 3237 sint
344 3182 484 3256 peccata.
535 3173 602 3237 lmo
635 3175 695 3235 hoc
728 3193 851 3255 quoque
888 3177 1021 3271 ignorat,

91 3260 175 3340 quod
199 3260 282 3320 Dens
317 3257 424 3339 exigat
457 3258 511 3319 illa
532 3277 551 3318 a
572 3259 683 3320 nobis
723 3257 839 3319 Secura
865 3259 959 3339 igitur
991 3267 1021 3318 et

92 3350 264 3404 excaecata
288 3341 476 3422 obambulet,
499 3360 600 3421 neque
612 3343 795 3422 gravissima
816 3340 870 3401 illa
892 3344 1022 3437 peccata

90 3427 256 3525 agnoscit,
283 3432 315 3486 et
347 3432 449 3486 tamen
467 3389 578 3504 deligit
600 3423 752 3505 quaedam
786 3423 908 3484 bona
901 3443 931 3483 m
955 3442 1021 3504 epe·
1127 3428 1135 3441 '

90 3511 170 3571 ciem
193 3527 300 3607 opera,
323 3507 432 3588 quibus
455 3527 490 3568 ss
514 3515 648 3585 exercet,
671 3508 832 3568 honestam
846 3514 876 3567 et
898 3508 1019 3567 civilem

90 3594 159 3675 ugit
181 3593 288 3671 νὴιιιιι,
309 3598 403 3671 atque
425 3591 502 3652 haec
523 3592 598 3650 sutis
620 3609 690 3651 esse
712 3589 850 3686 putatcd
872 3591 1019 3650 iustitiam

90 3674 366 3756 consequendam,
387 3673 419 3734 id
441 3673 524 3754 quod
547 3673 723 3734 videmus
715 3693 746 3732 m
770 3672 925 3770 plerisque
948 3692 1024 3753 gen·

92 3761 213 3840 tilium,
246 3765 277 3820 et
302 3759 334 3819 in
366 3756 559 3839 hypocritis,
586 3776 655 3818 cum
686 3756 880 3817 sanctissime
908 3757 1024 3820 vivunt

767 3836 814 3909 ,s
