2348 4162
379 251 470 308 amieo
488 252 597 308 onidam
616 245 816 323 praescriptas.
983 254 1045 319 405

122 420 217 499 dabit,
239 439 296 484 vos
319 428 422 484 autem
439 421 703 502 contristabimini,
727 421 781 483 sed
802 424 924 485 tristitia
947 430 1046 486 vestra

122 508 257 566 vertetur
284 505 492 587 ingaudium.
541 506 649 567 Mulier
676 525 744 566 oum
773 508 867 588 parit,
895 507 1045 569 tristitiam
1106 535 1111 552 =

122 587 226 666 habet,
251 591 322 668 quia
343 590 428 650 venit
448 589 526 650 hora
548 591 634 666 eius,
664 608 732 650 oum
765 597 866 651 autem
895 593 1047 672 pepererit

121 690 266 752 puerum,
288 674 349 733 iarn
375 690 436 735 non
464 674 602 734 meminit
631 692 794 754 pressurae
816 680 942 754 propter
973 693 1045 755 gau·

123 754 230 833 dium,
266 757 338 835 quia
360 762 449 816 natus
480 762 528 817 est
548 757 642 817 homo
665 758 694 816 in
718 756 874 819 mundum.
930 757 970 817 ut
990 775 1046 818 vos
1163 790 1166 795 ·

121 839 217 936 lqitur
236 858 318 900 nuno
340 838 461 918 quidem
486 840 636 900 tristitiam
660 839 789 912 habetis,
811 841 920 900 iterum
944 846 1044 900 autem

120 920 235 984 ardebo
257 941 324 1000 vos,
347 928 379 983 et
399 919 548 1003 gaudebit
581 941 635 983 oor
657 929 809 1002 vestrum,
846 928 877 983 et
901 923 1045 1003 gandium
1137 962 1141 967 -

120 1012 257 1065 vestrum
279 1024 371 1067 nemo
394 1005 482 1066 tollet
503 1026 521 1065 a
543 1004 649 1084 vobis,
670 1007 742 1067 etin
765 1006 818 1067 illo
842 1005 891 1066 die
913 1025 1045 1067 menon

120 1087 271 1167 rogabitis
294 1090 466 1169 quiequam.
657 1154 669 1173 ,
1089 1130 1092 1135 <

204 1171 305 1232 Loous
326 1171 503 1253 principalis
525 1171 613 1232 buius
635 1172 787 1252 evangelii
810 1178 873 1250 est,
903 1172 1046 1233 Christia-
1167 1244 1170 1249 Ι

114 1255 170 1315 nis
194 1274 264 1316 esse
286 1254 453 1336 lugendum
483 1255 522 1315 ad
546 1261 683 1334 tempus,
715 1255 768 1315 sed
797 1254 991 1336 gaudendum
1014 1256 1045 1316 in

121 1344 290 1405 aeternum.

113 1432 117 1441 ·
204 1421 343 1483 Eoontra
365 1421 480 1482 mundo
503 1419 632 1481 oonoedi
657 1419 802 1482 laetitiam
827 1420 1046 1502 temporaliter,

121 1505 177 1567 aed
199 1504 365 1585 lugendum
388 1524 459 1566 esse
480 1504 507 1565 ei
529 1503 732 1568 aeternaliter.
916 1558 918 1563 .

205 1588 264 1648 Hie
285 1607 359 1669 ergo
382 1588 584 1668 eligentium
607 1585 751 1666 volueris,
774 1606 813 1647 an
836 1586 887 1646 hio
907 1585 1046 1666 aliquan·

121 1678 186 1732 tnm
210 1672 274 1752 pati
308 1679 339 1732 et
359 1671 423 1731 illio
448 1670 478 1730 in
509 1675 667 1730 aeternum
690 1670 812 1748 laetari,
843 1669 892 1730 vel
920 1669 971 1729 hio
993 1670 1059 1730 ali··

122 1761 270 1836 quantum
293 1754 400 1818 laetari
430 1760 461 1814 et
481 1752 545 1813 illio
567 1754 597 1813 in
621 1759 778 1814 aeternum
803 1753 941 1815 oruoiari.
976 1752 1047 1812 Nul·
1140 1778 1154 1803 ‚-

121 1839 183 1899 lum
207 1837 258 1897 bio
280 1837 413 1902 medium
437 1836 573 1915 dabitur,
596 1837 675 1897 siout
697 1842 728 1896 et
749 1835 820 1898 alibi
851 1834 939 1896 dieit:
971 1835 1047 1914 Vae,

122 1921 172 2002 qni
195 1919 315 1982 habetis
335 1921 385 1981 bio
407 1920 653 1982 oonsolationem
666 1926 798 1980 vestram
822 1925 891 1998 eto,
916 1925 947 1979 et
961 1918 1048 1979 Beati

122 2005 174 2085 qui
197 2004 312 2084 lugent.

276 2088 297 2161 Q
408 2085 493 2146 Haeo
513 2092 561 2146 est
582 2084 755 2147 dialectiea.

206 2170 294 2231 Hane
317 2167 484 2249 amplificat
513 2168 650 2229 Christus
681 2169 802 2247 dioens,
833 2166 988 2230 modicum
1009 2168 1047 2228 il·
1092 2173 1118 2231 '.

111 2254 175 2315 lud
199 2272 284 2333 esse,
313 2251 395 2332 quod
418 2252 628 2332 temporaliter
649 2251 724 2313 flent
745 2250 895 2332 apostoli,
918 2251 997 2311 siout
1018 2257 1049 2311 et

122 2336 237 2399 Paulus
259 2335 350 2413 dioit,
377 2337 406 2399 2.
430 2334 566 2399 Corinth.
588 2335 625 2412 4,
655 2341 904 2396 momentaneum
927 2352 996 2395 esse
1019 2341 1049 2394 et

122 2421 224 2482 levem
247 2418 473 2479 tribulationem
496 2422 633 2478 nostram
650 2423 715 2503 eto.

207 2502 292 2583 Ergo
323 2501 517 2562 aoontrario
541 2519 686 2579 magnum
711 2500 789 2578 erit,
812 2499 931 2560 soilioet
953 2504 1049 2560 aeter-

122 2607 218 2666 num,
251 2583 334 2665 qnod
357 2583 560 2645 laetabuntur.
604 2581 689 2644 Siout
721 2588 813 2642 etex
843 2582 940 2642 altera
963 2587 1050 2661 parte

122 2668 280 2732 modioum
309 2673 371 2746 est,
404 2666 486 2747 quod
520 2664 727 2745 laetantur1),
758 2664 829 2725 ideo
854 2683 872 2724 a
894 2666 1048 2726 eontrario

123 2764 270 2833 magnum
295 2764 325 2811 et
345 2756 503 2811 aeternum
526 2749 591 2826 erit,
616 2748 699 2828 quod
722 2746 881 2811 dolebunt.

209 2835 266 2895 Hio
288 2832 467 2915 amplifioari
489 2839 593 2914 potest
615 2832 690 2893 illud
713 2831 868 2892 modioum
892 2831 1049 2910 utriusque

122 2919 220 3001 partis
242 2937 297 2998 per
320 2935 427 2978 omnes
445 2917 699 2994 circumstantias,
722 2913 839 2975 scilieet
860 2933 879 2974 a
901 2920 1050 2995 tempore,

123 3023 142 3064 a
164 3002 346 3082 quantitate,
369 3000 525 3080 qualitate,
547 2997 707 3079 relatione,
731 3017 750 3057 a
771 2997 844 3058 looo
866 3004 924 3060 eto.

160 3094 164 3099 '
508 3081 672 3162 Tempore.

149 3232 153 3239 ,
207 3165 285 3227 Nam
316 3167 358 3246 pii
384 3183 480 3246 parvo
510 3171 659 3244 tempore·
677 3165 850 3245 patiuntur,
878 3165 971 3246 aliqui
998 3163 1070 3226 vix'

123 3252 216 3327 diem,
239 3268 363 3328 annum,
386 3253 418 3308 ut
431 3248 482 3327 qui
496 3247 686 3328 oooiduntur,
704 3248 797 3326 aliqui
811 3247 929 3326 aliquot
941 3267 1050 3310 annos.

207 3330 286 3393 Item
308 3332 490 3412 quantitate.
533 3331 636 3410 Aliqui
658 3338 775 3391 lantum
797 3349 938 3412 corpore,
957 3331 1050 3411 aliqui

121 3417 226 3497 rebus,
249 3414 343 3496 aliqui
364 3414 548 3491 honoribus,
572 3414 621 3474 alii
646 3414 713 3474 aliis
743 3413 833 3474 bonis
857 3413 950 3475 buius·
969 3415 1050 3475 vitae

122 3501 292 3581 privantur.

228 3767 261 3838 4)
282 3768 314 3823 ln
335 3765 377 3823 att
398 3769 486 3839 orig.:
506 3767 650 3824 laetentur.
