2348 4162
184 223 247 289 ’150
432 223 475 279 Da
487 236 570 278 servo
588 220 704 277 arbitrio
722 221 757 278 D.
775 221 811 276 bl.
829 222 860 276 L

183 393 353 471 definitum,
376 412 506 454 neansa
529 393 748 454 contemnendi
771 391 969 474 praeberetur
992 393 1106 457 autori·

183 484 277 539 tatem
300 477 433 538 Petrum.

266 559 334 620 Hoa
351 559 469 619 seilicet
490 558 575 638 Papa
596 559 693 620 voluit
714 580 733 620 a
753 565 784 620 ta
796 559 885 641 diei,
915 565 947 620 et
967 558 1054 621 audit
1073 559 1107 619 li·

182 642 304 704 bentius
327 660 417 720 quam
439 641 653 723 Evangeliu‘m,
673 643 912 724 ingratissimus,
935 643 961 703 si
983 649 1013 705 ta
1035 641 1108 704 Oar-

183 725 276 787 dinali
308 725 390 805 pileo
421 743 489 784 oum
528 724 670 785 sensibus
702 745 765 785 non
802 745 905 786 rursus
934 726 1107 788 honorarit.

183 808 244 870 sen
258 809 388 886 interim,
411 807 548 888 Erasme,
572 807 644 887 quid
661 809 774 870 facient
786 810 907 870 animae
924 809 1030 889 iniquo
1051 808 1107 871 illo

183 891 434 972 statuto-ligatae
456 898 486 950 et
508 890 654 953 oeeisaa?
696 891 777 952 Nihil
798 891 860 953 boo
880 891 921 954 a'd
942 891 996 953 te?
1044 892 1106 953 Ve-

184 995 248 1035 rum
273 981 304 1035 tu
327 981 478 1055 perpetuo
502 975 618 1054 sentis,
646 974 695 1035 vel
717 974 807 1055 fingis
829 981 861 1035 te
882 976 1019 1057 sentiro,
1052 975 1121 1043 hu·x

184 1076 275 1119 mana
296 1062 411 1118 statuta
439 1076 533 1136 posse
562 1059 638 1118 eitra
670 1058 838 1136 perieulum
882 1061 969 1120 iuxta
996 1078 1107 1139 purum

184 1141 309 1202 verbum
331 1141 392 1201 Dei
415 1142 541 1217 servari,
563 1139 688 1218 quodsi
709 1147 847 1221 possent,
868 1141 959 1202 faoila
976 1141 1107 1223 pedibus

183 1226 214 1285 in
238 1231 320 1284 tuam
342 1224 423 1283 bane
444 1226 627 1283 sententiam
649 1224 735 1289 iram.
790 1224 821 1285 Si
843 1225 948 1304 itaque
969 1226 1107 1305 ignoras,

57 1328 62 1336 ·
182 1309 290 1367 iterum
314 1305 399 1367 dieo:
434 1306 575 1366 Humana
603 1313 716 1367 statuta
742 1326 806 1369 non
835 1313 965 1388 possunt
991 1309 1108 1370 servari

184 1409 252 1450 eum
275 1389 370 1451 verbo
391 1389 466 1468 Dei,
495 1391 566 1469 quia
595 1389 647 1449 illa
674 1389 771 1471 ligant
792 1392 1015 1471 conscientias,
1042 1391 1106 1452 boo

184 1473 278 1533 solvit
298 1492 367 1553 eas,
397 1481 596 1616 pugnantque
622 1470 679 1533 sibi
702 1480 825 1552 mutuo,
857 1475 936 1535 siout
965 1494 1047 1555 aqua
1077 1482 1109 1535 et

182 1558 273 1637 ignis,
296 1556 354 1616 nisi
378 1555 395 1614 li
420 1575 481 1636 ere,
504 1555 535 1614 id
558 1562 627 1631 est,
650 1562 767 1617 utnon
790 1557 916 1637 ligantia
938 1562 1107 1619 serventur.

182 1639 218 1702 Id
242 1637 324 1717 quod
346 1639 431 1718 Papa
452 1658 515 1700 non
537 1639 601 1698 vult
630 1658 688 1699 neo
709 1645 812 1719 potest
833 1640 929 1720 velle,
957 1640 1015 1702 uisi
1036 1659 1107 1721 per-

185 1721 279 1782 ditum
304 1728 334 1782 et
356 1721 475 1782 finitum
498 1741 626 1802 regnum
650 1742 738 1782 suum
761 1722 857 1801 volet,
879 1723 961 1803 quod
984 1730 1109 1785 oonstat

185 1824 247 1866 non
270 1805 329 1865 nisi
362 1805 477 1884 laqueis
501 1811 531 1864 et
565 1804 694 1865 vinealis
717 1806 997 1882 conscientiarum,
1029 1825 1108 1887 quas

184 1887 387 1967 Evangelium
409 1887 519 1948 liberas
542 1889 659 1953 asserit.
695 1886 793 1970 Igitur
812 1888 936 1950 Petrum
958 1890 1109 1951 autoritas

185 1989 299 2050 susque
319 1969 418 2049 deque
433 1970 576 2034 facienda
598 1978 655 2046 est,
678 1978 709 2032 et
728 1978 842 2032 statuta
852 1992 1013 2052 perperam
1035 1972 1109 2051 lata,

184 2054 287 2134 qualia
310 2059 381 2114 sunt
403 2055 507 2115 omnia
529 2061 651 2134 praeter
672 2053 798 2116 verbum
821 2055 880 2116 Dei
899 2054 1040 2136 definita,
1065 2054 1108 2116 di·

184 2136 356 2216 rumpenda
377 2143 408 2197 et
429 2137 619 2217 proiieienda
640 2143 720 2199 sunt.
777 2137 914 2201 Christus
948 2139 1029 2200 euim
1052 2138 1109 2201 Pa·

187 2226 266 2281 trum
289 2221 453 2280 autoritate
474 2221 577 2299 potior
612 2226 667 2282 est.
716 2221 861 2299 Summa,
894 2223 919 2282 si
941 2220 985 2287 de,
1011 2220 1109 2283 verbo

185 2303 242 2364 Dei
264 2304 309 2363 sio
330 2305 435 2380 sentis,
457 2305 551 2383 impia
573 2305 679 2379 sentis,
701 2305 726 2364 si
741 2303 779 2365 de
792 2305 869 2382 aliis,
892 2303 966 2366 nihil
987 2304 1027 2366 ad
1049 2324 1109 2367 nos

186 2385 317 2447 verbosa
341 2386 507 2467 disputatio
541 2387 660 2447 consilii
683 2388 747 2466 tui,
775 2407 833 2450 noe
861 2387 901 2449 da
931 2389 1026 2450 verbo
1050 2388 1109 2449 Dei

185 2469 385 2550 disputamus.

268 2553 382 2614 Ultima
403 2559 490 2632 parte
522 2552 723 2632 praelationis
745 2554 826 2614 serio
856 2573 914 2614 nos
949 2552 1108 2615 deterrens

185 2634 227 2780 alp)
246 2637 305 2696 isto
328 2655 441 2716 genere
463 2634 621 2696 doetrinae
642 2635 797 2697 arbitraris
818 2655 918 2716 paene
947 2637 1109 2698 viatorium

184 2719 238 2779 tii
282 2726 389 2784 artam.

261 2739 348 2875 lblnid
374 2801 510 2880 (inquis)
537 2800 694 2876 inutilius,
717 2821 808 2881 quam
840 2802 902 2863 boo
924 2801 1109 2882 paradoxon

62 2872 67 2879 ’
186 2884 479 2963 evulgarimundo:
503 2883 657 2963 Quidquid
681 2884 716 2946 fit
738 2905 757 2946 a
778 2884 892 2964 nobis,
925 2905 987 2946 non
1010 2884 1110 2947 libero

165 2967 321 3045 *arbitria
343 2967 398 3028 sed
420 2968 701 3029 meraneoessitsta
722 2967 814 3029 fieri?
847 2968 887 3030 ut
908 2967 985 3029 illud
1005 2968 1110 3050 Augu·

185 3051 276 3130 stini,
305 3050 404 3111 Deum
438 3052 558 3130 operari
581 3050 663 3112 bona
694 3057 726 3112 et
747 3051 829 3112 mala
856 3053 887 3112 in
910 3050 1024 3131 nobis,
1054 3070 1112 3113 sua

184 3132 267 3193 bona
289 3150 385 3213 opera
405 3153 601 3194 remunerare
623 3133 768 3215 innubis,
791 3141 888 3196 etsua
911 3133 992 3194 mala
1014 3153 1112 3215 opera

184 3217 293 3296 punire
313 3217 344 3276 in
367 3217 466 3278 nobis.
511 3218 605 3278 Dives
626 3217 677 3278 bio
699 3237 732 3278 es
753 3219 783 3278 in
804 3217 962 3279 reddenda
983 3216 1033 3278 val
1056 3236 1111 3299 po·

185 3301 243 3360 tius
266 3299 492 3380 expostulanda
518 3301 655 3378 ratione,
690 3308 835 3380 quantam
858 3297 989 3384 (inquis)
1022 3300 1111 3362 dana

184 3388 277 3444 stram
300 3383 393 3463 vulgo
410 3383 565 3459 baeovox
587 3384 709 3465 prodita
724 3384 903 3446 mortalibus
925 3385 1061 3464 aperiret
1071 3384 1111 3446 ad

185 3466 396 3546 impietatem?
455 3466 531 3542 Quis
571 3469 667 3528 malus
703 3469 836 3547 corriget
868 3468 961 3528 vitam
994 3466 1111 3529 suam'l

186 3548 260 3624 Quis
283 3549 388 3610 oredet
409 3568 444 3610 sa
466 3551 561 3611 amari
584 3570 602 3611 a
623 3550 714 3612 Deo?
770 3549 845 3625 Quis
868 3549 1018 3632 pugnabit
1039 3569 1110 3611 eum

186 3651 278 3692 earne
301 3632 376 3692 sua?

268 3715 371 3796 Miror,
394 3715 477 3796 quod
499 3716 530 3776 in
553 3722 639 3778 tanta
649 3716 845 3779 vehementia
865 3722 897 3778 et
909 3716 1111 3778 eontentiona
