2348 4162
127 254 148 337 4
358 257 361 261 ’
447 256 579 330 Fornula
597 269 699 331 missae

125 445 236 508 deinde
271 445 327 508 sub
363 448 512 528 apostolis
535 447 760 527 simplicissime
787 453 879 530 atque
900 432 1046 529 piissime,

124 528 241 610 absque
265 530 333 591 ullis
361 531 577 593 additamentis
598 530 777 591 observatus
799 533 872 610 fuit,
901 531 957 592 sed
978 551 1046 592 snc-

125 630 213 674 cessu
246 620 417 694 temporum
452 622 498 675 tot
529 615 669 674 humanis
696 616 829 676 inventis
853 620 979 694 anctus,
1014 621 1048 674 nt

123 701 245 778 praeter
279 716 391 758 nomen
427 698 467 757 ad
487 703 595 758 nostra
616 698 721 758 secula
743 697 878 759 nihil'de
900 699 993 758 Missa
1016 703 1048 758 et

124 780 341 841 communione
362 782 547 861 pervenerit.

124 874 127 879 '
206 864 253 923 Aa
274 864 439 943 primorum
462 865 584 933 Petrum
607 862 792 942 additiones,
815 864 865 943 qui
888 881 981 923 unum
995 867 1056 929 ant

125 944 253 1006 alterum
277 946 432 1007 Psalmum
455 954 527 1008 ante
548 945 794 1009 benedictionem
816 947 904 1026 panis
928 951 960 1006 et
984 945 1047 1005 vini

114 1028 184 1088 'levi
208 1027 284 1091 voce
307 1048 412 1090 orasse
435 1031 590 1110 leguntur,
613 1028 783 1090 laudabiles
805 1029 906 1107 fuere,
939 1028 1047 1108 quales

124 1110 313 1172 Athanasius
341 1117 372 1173 ct
395 1112 568 1194 Cyprianus
596 1113 690 1172 fuisse
720 1119 873 1192 putantur.
928 1110 1048 1171 Deinde

123 1195 174 1274 qui
198 1193 291 1274 Kyrie
315 1195 431 1256 eleison
456 1196 640 1256 addiderunt
662 1203 692 1256 et
713 1197 771 1275 ipsi
788 1194 923 1278 placent.
967 1193 1048 1254 Nam

124 1276 179 1337 sub
203 1276 318 1338 Basilio
341 1298 455 1358 magno
491 1280 620 1360 legimns
644 1278 736 1358 Kyrie
759 1279 876 1339 eleison
898 1277 995 1338 fuisse
1016 1277 1048 1336 in

124 1380 181 1420 usu
204 1363 296 1422 totius
318 1363 425 1443 populi
448 1362 581 1441 publico,
604 1364 663 1422 iarn
675 1361 883 1442 Epistolarum
905 1360 1048 1421 ethlvsn·

118 1444 276 1523 galiorum
306 1442 398 1505 lectio
431 1447 521 1506 etiam
557 1446 732 1506 necessaria
763 1445 872 1505 fnitet
893 1449 956 1523 est,
989 1443 1047 1514 nisi

112 1526 209 1607 ⁴quod
233 1528 338 1588 vitium
361 1528 400 1587 sit
415 1528 444 1603 ¹)
481 1549 519 1588 ea
540 1529 644 1609 lingua
669 1527 743 1608 legi,
767 1547 846 1608 qnae
867 1527 961 1607 vulgo
984 1544 1048 1587 non

126 1610 317 1693 intelligitur.
395 1610 400 1619 '
687 1647 689 1652 ·
796 1681 798 1686 ¹

208 1693 281 1753 Post
296 1702 379 1774 tero,
403 1693 451 1753 ubi
467 1702 574 1754 cantus
590 1694 703 1773 coepit,
726 1694 832 1754 mutati
854 1698 924 1753 sunt
935 1691 1049 1752 Psalmi

124 1775 155 1834 in
179 1773 360 1855 Introitum,
373 1785 436 1837 tum
460 1777 581 1838 additus
594 1783 641 1837 est
655 1777 787 1857 hymnus
809 1776 860 1839 ille
872 1775 1047 1857 angelicus:

126 1856 233 1919 Gloria
253 1860 286 1919 in
315 1859 460 1939 excelsis,
490 1866 521 1921 at
541 1862 571 1920 in
595 1867 675 1920 terra
696 1879 768 1939 pax.
810 1858 887 1924 Item
912 1859 1049 1921 Gradua·

116 1941 167 2001 lia
194 1949 225 2002 et
258 1941 411 2003 Hallelnia
443 1948 474 2004 et
501 1943 680 2025 Symbolum
709 1942 875 2020 Niccnum,
907 1941 1047 2023 Sanctus,

125 2024 233 2109 Agnus
257 2025 323 2106 Dei,
347 2025 539 2088 Communis.
584 2025 671 2101 Quae
693 2026 796 2085 omnia
818 2025 893 2086 talia
912 2030 993 2105 sunt,
1015 2035 1049 2085 ut

125 2107 306 2188 reprehendi
329 2127 391 2169 non
414 2111 542 2190 possint,
563 2108 741 2189 praesertim
757 2127 836 2188 quae
857 2107 1049 2187 detempore

128 2209 182 2251 seu
205 2190 366 2252 dominicis
395 2192 502 2255 diebus
532 2197 702 2272 cantantur.
724 2197 727 2201 ’
747 2189 805 2265 Qui
829 2190 894 2252 dies
916 2191 975 2252 soli
997 2190 1049 2252 ad·
1077 2198 1083 2211 '

127 2273 188 2404 hpc
209 2275 339 2355 priscam
362 2277 525 2355 puritatem
547 2280 705 2354 testantur,
729 2270 860 2355 excepto
883 2273 1020 2336 Oenone.

145 2354 153 2377 ¹
212 2358 253 2418 At
277 2357 327 2419 ubi
348 2359 409 2418 iam
434 2344 671 2419 licentia’ficbat
693 2356 825 2418 addendi
848 2363 879 2418 ct
900 2357 1048 2437 mutandi,

128 2446 220 2520 prout
241 2442 337 2501 cuivis
359 2441 489 2519 libebat,
511 2440 680 2502 accedente
704 2436 769 2500 tum
796 2445 829 2502 et
849 2446 995 2521 quaestus
1017 2447 1049 2502 et

109 2523 300 2587 'ambitionis
334 2523 536 2586 sacerdotalis
571 2523 748 2605 tyrannide,
781 2532 845 2586 tum
879 2531 1048 2604 coeperunt

111 2605 237 2668 ‘altaria
258 2607 310 2668 illa
334 2615 364 2667 et
385 2607 600 2687 insigniaBaal
623 2615 654 2668 et
675 2608 809 2668 omnium
825 2609 961 2669 Deorum
973 2609 1047 2688 poni

126 2690 157 2749 in
179 2690 326 2770 templum
350 2690 488 2768 Domini,
519 2710 573 2770 per
600 2692 711 2772 impios
731 2710 822 2773 reges
845 2698 985 2769 nostros,
1016 2690 1047 2751 id

127 2780 187 2852 est,
221 2772 399 2854 Episcopcs.
428 2781 459 2834 et
486 2774 639 2836 Pastores.
682 2774 740 2834 Hic
774 2775 897 2834 sustulit
936 2773 1048 2854 impius

126 2855 211 2916 Ahas
241 2857 488 2918 altare'aerenm
511 2864 541 2918 et
563 2858 720 2918 constituit
747 2857 830 2931 aliud
853 2877 871 2919 e
894 2857 1047 2918 Damasco

128 2940 267 3021 petitum,
289 2939 401 3019 loquor
421 2945 523 3002 antem
546 2938 586 3001 dc
607 2958 728 3002 canona
750 2940 803 3003 illc
819 2941 922 3003 lacero
945 2947 977 3001 at
996 2939 1048 3002 ab·

127 3021 298 3100 ominabili,
328 3042 367 3083 ex
389 3024 552 3084 multorum
575 3023 692 3084 lacunis
715 3042 771 3084 ceu
793 3026 913 3086 sentina
935 3023 1047 3085 collec-

126 3111 168 3168 tc.
222 3104 276 3178 ⁵lbi
307 3107 410 3185 coepit
430 3105 523 3167 Missa
551 3105 616 3167 fleri
648 3107 846 3184 sacrificinm,
881 3106 922 3169 ibi
943 3106 1050 3168 addita

128 3189 285 3251 offertoria
311 3196 341 3248 et
364 3189 520 3250 collectae
542 3194 762 3289 mercenariae,
798 3192 840 3253 ibi
863 3191 1049 3271 Sequentiae

126 3277 157 3332 et
177 3269 294 3333 Prosae
316 3270 394 3333 int'sr
415 3270 544 3334 Sanctus
567 3282 597 3352 ct
620 3273 776 3336 Gloriam
800 3275 931 3335 excelsis
953 3275 1048 3334 inscr-

123 3360 186 3417 tae.
228 3353 305 3415 Turn
329 3356 432 3437 coepit
453 3355 546 3417 Missa
575 3376 643 3418 esse
674 3359 884 3439 monopolium
906 3357 1047 3419 sacerdo-

125 3437 198 3519 tale,
220 3439 312 3499 totius
335 3437 439 3499 mnndi
462 3458 537 3521 opes
560 3440 754 3518 exhauriens,
777 3441 896 3522 divites,
918 3441 1047 3521 otiosos,

126 3526 270 3602 potentes
292 3528 323 3583 et
343 3523 554 3604 voluptuarios
577 3530 608 3585 et
630 3524 805 3586 immundos
827 3525 898 3587 illos
912 3523 1047 3585 coelibes

126 3611 192 3665 toto
216 3603 293 3667 orbe
317 3625 373 3669 cen
396 3607 568 3668 vastitatem
597 3606 734 3670 ultimam
756 3609 926 3675 exundans.
969 3607 1049 3669 Hinc

127 3711 548 3730 δ--Ἣ

198 3780 225 3856 1)
244 3779 275 3837 ln
293 3780 336 3838 sd.
354 3781 426 3841 lam:
448 3787 501 3841 sst·
