2348 4162
212 297 215 303 ·
268 265 306 322 ad
324 266 358 323 D.
376 268 522 355 Erasmum
540 266 766 324 Rcterodamum.
919 265 977 334 261

56 457 205 522 prospero
227 441 259 502 et
280 440 391 522 opibus
412 440 550 517 inflatus,
578 441 602 499 ai
624 439 767 501 indurare
800 441 909 502 dicitur
939 441 983 501 di·

56 525 126 584 vina
148 523 275 584 lenitate
298 524 422 586 tolerari
443 542 502 583 nec
522 524 624 583 statim
643 525 768 603 punire?
813 525 907 588 Vides
929 526 983 604 igi-

56 613 103 668 tur
122 625 251 687 prorsus
273 607 347 667 nihil
379 606 418 668 ad
441 627 511 667 rem
534 606 635 667 facere
667 613 788 686 tropum
810 610 901 669 istum
924 609 984 669 hoc

55 689 149 751 loco?
170 696 204 750 ut
225 691 276 769 qui
297 690 483 770 generaliter
505 688 544 749 ad
567 708 674 749 omnes
688 693 828 770 pertinet,
851 693 983 771 quipeo·

56 781 126 834 cant
147 772 273 833 lenitate
307 773 410 834 divina
441 772 571 833 tolerati.
615 772 665 834 Sic
696 775 776 834 enim
800 793 908 834 omnes
930 774 984 834 ho-

55 857 153 917 mines
174 855 310 918 indurari
334 855 480 933 dicemus,
503 875 570 915 cum
585 876 675 917 nemo
698 877 760 917 non
784 863 984 938 peccet,pec-

56 946 140 1000 caret
167 958 243 1001 vero
276 939 395 1017 nullus,
428 940 486 999 nisi
522 939 703 1001 toleraretur
724 941 850 1001 lenitate
873 941 984 1000 divina.

55 1022 125 1084 Alis
147 1029 195 1083 est
206 1023 297 1102 igitur
310 1024 388 1083 haec
402 1023 570 1083 Pharaonis
592 1023 743 1084 induratio
766 1029 887 1104 praeter
900 1024 984 1083 illam

56 1107 230 1188 generalem
255 1105 450 1167 tolerantiam
472 1104 606 1167 lenitatis
629 1106 761 1170 divinae.

138 1186 209 1250 Hoc
228 1189 331 1269 potius
353 1191 418 1270 agit
439 1190 562 1267 Moses,
585 1196 617 1249 ut
640 1208 703 1249 non
726 1190 805 1251 adeo
830 1189 986 1270 praedicet

57 1272 204 1332 malitiam
229 1272 417 1350 Pharaonis,
456 1290 547 1350 quam
582 1274 739 1333 veritatem
763 1281 794 1334 et
816 1273 986 1334 misericor·
1096 1298 1105 1314 ·

57 1353 137 1416 diam
160 1355 228 1431 Dei,
252 1375 292 1415 ne
313 1353 432 1417 scilicet
453 1354 508 1414 filii
529 1354 624 1415 Israel
647 1355 787 1416 diffidant
808 1354 985 1436 promissioss

56 1437 146 1499 nibus
169 1439 238 1515 Dei,
259 1437 310 1498 ubi
333 1458 366 1499 se
390 1436 584 1499 liberaturum
608 1456 662 1498 eos
680 1440 830 1519 promisit.
875 1439 921 1499 lla
936 1457 985 1498 res

58 1540 124 1582 cum
149 1528 233 1582 esset
254 1523 406 1600 maxima,
435 1519 584 1600 praedicit
605 1520 665 1581 illis
689 1520 913 1600 difficultatem,
947 1541 986 1581 ne

57 1603 217 1665 labascunt
238 1604 308 1685 lide,
332 1605 463 1665 scientes
485 1604 563 1664 haec
585 1605 686 1664 omnia
702 1604 860 1685 praedicta
882 1605 986 1665 etdis-

57 1694 193 1769 ponente
216 1689 296 1767 ipso,
319 1689 370 1767 qui
392 1688 548 1767 promisit,
581 1687 627 1746 sic
654 1689 804 1766 gerenda,
838 1706 875 1747 ac
897 1688 922 1747 si
945 1686 987 1747 di·

58 1776 158 1832 ceret:
180 1770 291 1832 Libero
313 1789 368 1831 vos
391 1769 524 1850 quidem,
547 1768 600 1830 sed
622 1770 684 1833 hoc
706 1770 867 1831 dilliculter
885 1768 987 1830 crede·

46 1855 106 1929 tis,
129 1853 210 1915 adeo
232 1855 352 1914 resistet
376 1860 407 1914 et
424 1852 542 1914 differet
557 1855 786 1933 'remPharao3
815 1852 868 1914 sed
891 1852 987 1913 confi·
1017 1916 1018 1921 ,

59 1936 120 1997 dite
143 1936 352 2016 nihilominus,
375 1938 689 2017 hoctotumquoque,
712 1937 793 2018 quod
816 1935 988 2012 illediffort‚

58 2039 106 2080 me
129 2026 278 2100 operante
301 2019 362 2100 liet,
386 2026 418 2079 ut
440 2039 478 2080 eo
500 2020 588 2101 plura
610 2027 642 2080 et
665 2022 781 2082 maiora
802 2020 911 2080 faciam
936 2020 988 2078 mi-

57 2103 178 2183 racula,
211 2103 248 2179 ad
272 2102 501 2164 confirmandos
530 2123 585 2164 vos
613 2105 642 2163 iu
668 2103 729 2164 lide
766 2109 797 2163 et
828 2102 866 2163 ad
889 2109 988 2165 osten·

58 2185 191 2248 dandam
213 2188 383 2266 potentiam
396 2205 507 2265 meam,
531 2193 562 2245 ut
576 2186 721 2266 deinceps
745 2205 782 2247 eo
800 2187 897 2264 magis
916 2185 990 2245 mihi

59 2269 89 2331 in
111 2270 181 2330 aliis
204 2269 348 2331 omnibus
362 2269 502 2330 credatis.
547 2267 598 2329 Sic
620 2274 650 2329 et
661 2269 798 2330 Christus
815 2269 896 2348 lacit,
919 2288 987 2329 cum

61 2354 123 2413 suis
147 2351 304 2432 discipulis
325 2371 454 2433 regnum
470 2352 622 2443 promittit
643 2353 675 2411 in
697 2371 796 2413 coena
810 2353 988 2432 novissima,

60 2434 256 2497 difficultates
280 2435 427 2515 plurimas
450 2436 609 2514 praedicit,
633 2454 719 2496 suam
741 2436 837 2514 ipsius
859 2441 989 2494 mortem

47 2520 237 2599 ‚etipsorum
250 2518 360 2580 multas
372 2518 593 2597 tribulationes,
617 2523 657 2595 ut,
682 2537 750 2578 cum
768 2517 880 2578 factum
896 2512 993 2597 esset,¹

60 2600 221 2663 crederent
244 2600 389 2682 deinceps
414 2601 510 2661 multo
532 2602 641 2681 magis.

87 2684 91 2691 '
141 2683 207 2744 Neo
220 2684 323 2746 Moses
345 2684 476 2747 obscure
499 2684 580 2744 hunc
596 2702 721 2745 sensum
743 2682 832 2744 nobis
855 2681 990 2758 exhibet,

60 2766 110 2847 uhi
133 2765 224 2828 dicit:
247 2768 367 2828 Pharao
389 2766 492 2828 autem
514 2786 576 2828 non
602 2766 733 2827 dimittet
754 2784 821 2842 vos,
846 2771 878 2826 ut
893 2765 989 2825 multa

60 2848 149 2931 signa
179 2849 255 2911 flant
281 2851 311 2910 in
336 2855 496 2931 Aegypto,
531 2852 708 2911 etiterum:
749 2847 784 2910 Iu
807 2849 868 2909 hoc
889 2850 990 2928 ipsum

61 2934 193 2994 excitavi
216 2941 256 3012 te,
278 2940 310 2993 ut
333 2934 494 2994 ostendam
516 2935 687 3013 potentiam
712 2952 810 2993 msam
834 2933 864 2992 in
888 2938 937 3008 te,
960 2937 992 2991 et

61 3023 218 3077 enarretur
251 3034 363 3076 nomeu
401 3035 501 3076 meum
533 3018 563 3076 in
600 3017 742 3077 universa
763 3021 868 3077 terra.⁴
896 3012 991 3078 Vides

60 3098 110 3160 hio
131 3098 202 3160 ideo
216 3098 408 3160 Pharaonem
431 3098 576 3176 indurari,
601 3107 633 3160 ut
655 3101 776 3159 resistat
798 3098 866 3160 Deo
891 3104 921 3158 at
939 3095 991 3156 dil·

62 3182 141 3243 lerat
162 3182 424 3261 redemptionem,
457 3200 518 3260 quo
547 3181 601 3242 liat
624 3183 748 3242 occasio
772 3180 873 3240 multis
896 3180 991 3259 signis
1107 3250 1109 3254 y

62 3271 91 3325 et
126 3263 331 3325 declarandae
368 3255 526 3345 potentiae
547 3265 621 3344 Dei,
656 3264 694 3325 ad
728 3263 932 3324 enarrandum
962 3268 993 3323 et

62 3346 250 3409 credendum
285 3348 313 3407 ei
342 3348 372 3408 in
406 3350 489 3409 omni
511 3354 601 3408 terra.
645 3345 725 3422 Quid
747 3346 808 3407 hoc
831 3352 877 3406 est
898 3343 991 3419 aliud,

63 3447 154 3508 quam
187 3430 266 3490 haec
300 3432 405 3492 omnia
427 3430 486 3491 dici
510 3437 540 3490 et
561 3429 643 3507 fieri,
679 3430 716 3489 ad
750 3427 991 3489 confirmandam

62 3511 154 3574 fidem
178 3519 209 3573 et
231 3512 270 3574 ad
294 3513 503 3575 consolandos
526 3513 675 3590 infirmos,
699 3518 732 3572 ut
754 3512 821 3573 Deo
845 3511 989 3589 deinceps

63 3600 209 3676 tanquam
231 3598 345 3675 veraci,
367 3595 465 3674 fideli,
488 3598 607 3677 potenti
630 3602 661 3658 et
682 3594 870 3656 misericordi
896 3592 991 3653 liben-

64 3683 108 3739 ter
130 3678 280 3745 credaut?
302 3680 387 3740 velut
408 3680 434 3740 si
455 3681 590 3758 parvulis
612 3678 812 3742 blandissime
834 3679 990 3756 loquatur:

63 3759 108 3823 lle
120 3764 295 3825 terreamini
313 3762 422 3824 duritia
436 3762 612 3826 Pharaonis.
656 3763 735 3824 Nam
754 3768 784 3822 et
797 3761 880 3821 illam
892 3761 991 3840 ipsam
1103 3810 1106 3817 .
