2348 4162
125 242 190 307 422
323 239 529 296 (ionoinneulae
547 239 685 309 quasdam
700 240 736 294 D.
754 240 791 295 Ι.
807 238 841 295 L.

126 430 185 473 neo
206 430 340 490 unquam
374 410 503 471 eredunt
524 429 594 471 sese
619 409 681 471 hoe
701 408 798 471 verbo
822 408 936 471 Christi
956 408 1043 487 tongi,

126 495 183 556 sibi
204 495 280 574 ipsis
302 493 523 574 impedimento
535 501 607 553 sunt
627 499 698 569 ete,
719 500 751 553 et
772 492 1044 573 menenthypoori·

125 586 175 639 tee
196 579 228 638 in
250 577 311 637 hoo
331 577 469 655 ertieulo,
491 578 571 637 sient
591 582 623 637 et
642 577 674 636 in
696 576 907 656 sequentibus.

154 693 159 701 ·
210 660 400 722 Secundum:
423 659 527 721 Nolite
548 658 685 720 indicere
706 666 737 719 et
752 679 818 721 non
833 657 1046 721 indioobimini.

125 744 214 808 Siout
234 745 334 824 primo
365 742 447 805 dieto
476 742 582 804 doouit
611 761 670 803 noe
691 742 804 805 debere
826 740 1047 818 miserioordes,

126 828 238 907 idest,
271 825 427 888 benefieos
450 845 536 901 esee,
573 826 717 904 exemplo
739 827 855 907 Petris,
886 827 940 906 qui
962 844 1047 904 snper

126 930 235 973 omnes
257 909 411 971 beneficus
433 917 496 988 est,
518 908 599 969 houd
621 908 714 969 dubie
734 929 861 971 severus
879 908 1047 970 futurusin

127 1014 200 1070 eoo,
226 994 278 1073 qui
304 995 371 1053 eius
401 992 546 1072 exemplo
578 999 611 1053 et
631 999 799 1072 praecepto
822 994 969 1054 oontrerii
990 1010 1045 1052 non

126 1085 197 1139 sunt
224 1075 363 1138 benefiei.
408 1075 489 1150 Quia
515 1094 584 1136 enm
607 1075 692 1155 prior
713 1074 855 1137 dilexerit
874 1095 955 1153 nos,
990 1073 1046 1134 vult

127 1162 236 1235 etiem,
272 1166 306 1219 ut
344 1179 414 1220 eum
435 1160 544 1219 imitati
566 1158 744 1238 diligemus,
766 1168 819 1220 out
840 1178 986 1220 versurus
1007 1162 1046 1218 est

128 1243 325 1304 dilectionem
353 1243 385 1302 in
407 1242 495 1305 irem.
537 1241 585 1302 Ite
617 1248 649 1303 et
679 1241 730 1302 hio
751 1241 838 1304 dioit:
874 1242 970 1304 Peter
990 1259 1046 1301 non

126 1324 240 1387 iudicet
269 1344 328 1386 neo
348 1326 503 1404 vituperet
523 1344 596 1401 voe,
626 1324 682 1385 sed
702 1324 848 1387 iustilioot
868 1327 975 1407 potius
997 1342 1045 1384 ros

128 1416 159 1470 et
179 1408 348 1488 approbat,
381 1408 502 1470 sublato
524 1405 640 1469 indioio
664 1408 730 1468 eius
751 1410 908 1487 universo,
932 1428 973 1469 ne
993 1406 1045 1469 ulle

128 1494 168 1552 sit
188 1490 277 1553 vobis
299 1493 433 1572 suspicio
460 1497 514 1552 aut
535 1498 634 1551 metus
657 1490 783 1552 deeius
805 1491 982 1553 offensione
1002 1496 1045 1551 ent

126 1577 181 1636 ire.
225 1575 258 1636 Si
280 1593 356 1654 ergo
377 1574 430 1635 ille
452 1573 596 1654 indignos
617 1572 763 1635 iustificat
784 1575 964 1637 stremissis
984 1591 1045 1654 pet

128 1658 204 1719 eatis
236 1657 379 1719 omnibus
402 1657 517 1718 nullum
540 1664 674 1718 vestrum
695 1657 832 1719 indicere
851 1665 908 1719 eut
928 1675 1044 1719 noento

127 1749 190 1802 tum
212 1748 264 1801 out
285 1760 370 1801 reum
382 1741 447 1801 vult
467 1739 593 1819 habere,
615 1739 670 1801 sed
683 1747 813 1804 exeuset
832 1743 939 1822 potins
962 1738 1045 1802 etole

126 1823 220 1884 solvit
239 1843 296 1886 vos
319 1824 471 1904 pessimos
493 1830 524 1883 et
544 1824 780 1904 ingratissimos,
802 1823 924 1885 debetis
947 1829 980 1885 et
997 1840 1045 1884 ros

126 1907 259 1968 invicem
280 1905 445 1968 iustificare
466 1907 603 1967 remissis
623 1908 780 1986 petentis,
809 1926 873 1968 non
897 1924 1045 1983 eoonsero,

127 2009 190 2050 non
212 2009 283 2050 reos
307 1993 430 2068 tenere,
466 1988 521 2050 sed
543 1988 659 2051 iudieio
681 1992 856 2070 postposito
880 1990 1045 2068 absolvere,

127 2074 308 2152 praesertim
331 2091 396 2150 eos,
419 2072 469 2150 qui
492 2079 683 2153 agnoscunt,
705 2073 755 2134 vel
777 2093 882 2135 errore
903 2079 936 2135 et
957 2078 1043 2135 tente-

127 2155 211 2216 tione
233 2161 371 2234 peccent.
415 2154 504 2230 Quod
538 2156 564 2215 si
595 2156 770 2236 exemplum
799 2156 895 2237 petris
919 2163 1044 2219 oontem-

127 2246 234 2299 nentes
257 2238 389 2300 invicem
410 2237 635 2315 iudicaveritis,
665 2247 696 2299 et
717 2240 764 2300 ius
788 2247 927 2301 mutuum
950 2239 1042 2301 defen-

127 2321 243 2400 deritis,
266 2340 303 2381 ae
325 2341 395 2382 reos
417 2322 550 2381 invicem
573 2323 742 2399 tenueritis,
765 2321 834 2384 dieo
846 2321 948 2402 vobis,
970 2318 1042 2402 quod

126 2411 158 2465 et
178 2425 233 2466 vos
255 2404 473 2467 iudieebimini.
516 2402 589 2464 ldeo
612 2424 651 2464 ne
673 2404 859 2483 indicemini,
884 2412 999 2486 curete,
1017 2408 1043 2463 nt

129 2488 226 2549 Patris
249 2507 311 2549 non
334 2486 498 2548 iudicantis
520 2505 577 2546 vos
600 2488 775 2572 exemplum
798 2489 971 2552 imitemini.

210 2571 255 2631 De
267 2573 356 2632 tertio
378 2570 459 2631 idem
478 2569 687 2631 sentiendum:
708 2570 811 2632 Nolite
833 2571 1043 2645 condemnere,

126 2653 157 2714 id
180 2662 236 2730 est,
258 2653 356 2714 nolite
377 2653 504 2733 exsequi
526 2653 671 2713 iutlioium
694 2659 847 2731 vestrum,
867 2655 967 2716 nolite
988 2654 1043 2715 vin·

126 2737 228 2798 dicore
251 2738 414 2816 vosipsos
436 2738 579 2814 invicem,
611 2736 673 2797 hoo
696 2743 759 2812 est,
790 2737 887 2800 nolite
908 2738 1043 2800 eosdem·

126 2840 210 2881 nare.
255 2819 480 2881 Condemnatio
504 2821 584 2880 enim
608 2827 654 2880 est
676 2821 804 2899 exsequi
826 2820 990 2898 iudioium,
1019 2816 1043 2880 id

126 2908 187 2982 est,
220 2922 253 2963 re
275 2903 344 2982 ipse
364 2902 515 2982 indicere,
537 2902 655 2963 scilieet
676 2902 788 2979 verbo,
811 2903 911 2981 festo,
941 2902 1045 2978 studio,

127 2985 257 3046 oonsilio
280 3004 393 3047 nooere
415 2987 564 3064 invicem,
587 2985 761 3063 detrahere,
783 2986 937 3067 mordere,
959 2990 1045 3067 impo-

126 3068 206 3146 dire,
243 3068 417 3150 negligere,
451 3069 593 3129 resistere
616 3074 674 3129 eto.
717 3067 805 3143 Quae
839 3069 890 3130 hie
923 3075 1045 3150 possunt

125 3150 247 3230 singule
270 3148 444 3233 (quomodo
458 3150 551 3234 fient)
565 3149 756 3232 amplificari.
799 3151 860 3214 Sed
884 3154 930 3213 sie
951 3153 1045 3229 ieoite,

126 3234 199 3313 quie
220 3239 308 3313 peter
329 3241 432 3296 vester
454 3254 585 3297 vosnon
599 3234 796 3316 condemnet,
819 3255 883 3296 non
905 3236 1046 3313 vindicet,

126 3337 188 3378 non
212 3325 315 3393 noeet,
338 3338 400 3379 non
423 3317 552 3398 mordet,
576 3337 639 3379 non
662 3316 790 3397 impedit
812 3325 882 3398 ete,
905 3319 961 3381 sed
984 3316 1044 3379 snb·

125 3401 187 3462 lata
212 3400 409 3462 damnatione
421 3401 506 3461 iuvet
528 3408 559 3462 et
576 3400 738 3480 benefecit,
760 3402 803 3460 ite
825 3407 856 3461 et
879 3420 936 3463 vos
950 3402 1046 3463 feoite.

127 3482 217 3559 Quod
239 3485 265 3544 si
287 3502 350 3543 non
374 3483 525 3564 feceritis,
548 3483 619 3545 dieo
642 3482 740 3561 vobis,
763 3483 847 3564 quod
870 3492 901 3546 et
922 3486 1046 3567 ipsoex

124 3567 248 3626 iuvante
279 3564 332 3626 liet
362 3565 572 3627 condemnans
595 3585 781 3647 supervos,
815 3573 964 3648 tanquam
987 3586 1046 3643 eos,

125 3649 176 3727 qui
198 3648 261 3708 hoe
280 3650 349 3729 ipso
372 3648 452 3710 teoto
476 3656 578 3711 vestro
602 3650 756 3711 oontrerio
778 3655 874 3711 testes
888 3651 973 3729 estis,
995 3667 1045 3711 voe

126 3729 260 3791 nondum
276 3733 434 3812 eooepisse
448 3733 513 3793 eius
530 3734 671 3816 gratiam,
692 3732 917 3815 remissionem,
938 3731 1044 3809 iudicii,
