2348 4162
335 240 426 295 amico
447 239 556 296 cuidam
575 239 773 310 praescriptae.
817 254 820 259 ·
957 236 1019 304 399

105 408 304 473 Dominica
326 410 443 486 Quasi
465 409 574 471 modo
598 411 735 491 geniti,
754 408 901 471 Iohannis
923 404 1018 488 XX.¹)

180 577 257 638 (lum
280 595 355 658 ergo
371 594 440 638 sero
453 583 535 637 esset
556 576 605 637 dic
626 575 689 655 illo,
712 573 1020 653 nnefiabbethorum,

105 667 132 723 et
150 660 233 721 fores
257 667 361 721 essent
383 660 521 739 clausus,
552 659 603 721 ubi
625 663 712 719 erant
734 657 872 738 discipuli
894 676 1022 737 congre-

105 745 160 825 gcti
181 740 642 824 proptermetumludaeorum‚
663 739 889 823 venitlesus²)‚
911 745 943 801 et
963 746 1021 801 ste-

105 828 134 887 lit
153 827 185 886 in
208 826 322 904 medio,
345 834 376 887 et
397 825 470 887 dicit
491 827 550 886 eis':
573 826 637 885 Pax
658 824 757 886 vobis.
791 824 831 884 Et
852 843 921 884 cnm
934 822 1022 886 vhaec

105 909 245 987 dixisset,
274 909 408 972 ostendit
435 911 478 969 eis
501 927 609 969 monus
631 915 660 969 et
682 909 772 968 letus.
824 905 929 968 Gavisi
952 913 1023 966 sunt

105 1011 173 1074 ergo
196 991 337 1073 discipuli
360 994 426 1053 viso
449 992 590 1056 Domino.
624 990 710 1053 Dixit
731 1008 805 1071 ergo
828 991 871 1051 cis
895 990 1021 1049 iterum:

105 1076 164 1136 Pax
187 1075 286 1155 vobis,
309 1077 388 1135 sicut
411 1076 492 1135 misit
514 1094 562 1135 me
586 1075 685 1154 Peter,
708 1081 740 1134 et
760 1092 820 1153 ego
843 1074 930 1133 mitto
953 1090 1019 1134 vos.

105 1158 186 1220 llaec
208 1177 277 1219 cnm
301 1158 438 1237 dixisset,
460 1157 626 1219 insulflsvit
648 1164 678 1218 et
696 1157 769 1217 dicit
790 1158 850 1218 cis:
880 1156 1022 1236 Accipite

105 1242 245 1323 Spiritum
270 1248 425 1319 sanctum,
459 1260 587 1320 quornm
609 1241 786 1301 remiseritis
808 1246 955 1320 peccata,
977 1257 1023 1299 re·

104 1327 260 1385 mittuntur
282 1325 343 1404 eis,
366 1332 396 1384 ct
413 1343 542 1404 quorum
564 1324 765 1404 retinueritis,
804 1329 922 1383 retenta
944 1328 1023 1383 sunt.

104 1408 238 1469 l'homss
260 1414 361 1467 nutem
385 1426 462 1467 unus
485 1426 524 1467 ex
537 1405 708 1486 duodecim,
731 1407 781 1485 qui
804 1404 912 1466 dicitur
927 1404 1025 1485 Didy-

104 1510 179 1568 mus,
202 1509 266 1551 non
289 1498 354 1551 erat
378 1492 523 1570 cumeis,
547 1489 670 1569 quondo
692 1490 776 1549 venit
800 1488 892 1552 lesus.
935 1488 1024 1548 Dixe-

104 1580 171 1635 ruct
192 1592 267 1654 ergo
289 1575 317 1633 ei
339 1573 390 1634 alii
414 1573 569 1653 discipuli:
591 1570 731 1635 Vidimus
754 1571 929 1632 Dominum.
967 1568 1025 1631 Ille

104 1664 206 1719 antem
224 1657 301 1717 dixit
323 1657 383 1716 eis:
404 1656 469 1716 Nisi
493 1655 596 1716 videro
610 1657 641 1715 in
657 1654 797 1715 manibus
810 1656 874 1714 eins
896 1652 1025 1713 fixuram
1105 1674 1108 1679 ¹

105 1741 262 1802 clavorum
303 1746 333 1800 et
362 1741 479 1802 mittem
508 1738 636 1821 digitum
671 1758 769 1798 meum
792 1739 822 1796 in
846 1739 946 1798 locum
968 1736 1026 1796 els-

105 1842 212 1884 vorum
229 1828 260 1883 et
271 1824 387 1883 mittem
399 1842 521 1883 manum
540 1841 639 1883 meam
651 1823 681 1882 in
697 1822 775 1881 latus
796 1822 872 1901 eins,
886 1838 947 1880 non
961 1838 1025 1879 cre·

106 1907 187 1983 dem,
211 1913 241 1965 et
265 1912 335 1986 post
367 1905 431 1966 dies
460 1912 531 1966 octo
559 1908 666 1966 iterum
690 1912 776 1965 erant
798 1903 939 1984 discipuli
962 1904 1026 1964 eius

104 1992 196 2068 intus,
233 1997 264 2048 et
293 1986 430 2050 Thomas
463 2007 531 2049 cnm
565 1991 618 2050 eis.
684 1988 775 2048 Venit
807 1985 895 2048 Iesus
929 1987 1027 2047 ianuis

109 2073 235 2149 clausis,
258 2080 288 2132 ct
310 2073 393 2132 stetit
414 2073 444 2131 in
467 2072 584 2149 medio,
607 2078 638 2132 et
659 2071 736 2132 dixit
758 2071 817 2131 eis:
840 2070 905 2131 Pax
929 2069 1026 2130 vobis.

106 2154 228 2219 Deinde
251 2154 324 2215 dicit
344 2155 498 2216 Thomae:
529 2155 608 2217 lnfer
630 2154 757 2235 digitum
780 2162 863 2215 tuum
892 2153 960 2234 huc,
996 2157 1027 2214 et

108 2238 177 2300 vide
200 2257 309 2298 manus
332 2258 433 2318 mess,
457 2246 488 2298 et
510 2237 585 2299 effer
607 2257 728 2299 monum
752 2244 852 2316 tuom,
884 2243 914 2297 et
943 2237 1028 2296 mitte

106 2325 138 2383 in
160 2322 242 2382 lotus
261 2340 361 2381 rneum
385 2331 415 2381 et
442 2322 504 2381 noli
527 2341 596 2381 esse
618 2320 810 2397 incredulus,
844 2318 898 2380 sed
922 2318 1032 2381 fidelis.
1126 2352 1129 2359 ·

107 2403 281 2485 Respondit
301 2404 449 2483 Thomas,
483 2412 514 2464 et
536 2403 611 2463 dixit
641 2406 683 2464 ei:
713 2404 865 2464 Dominus
887 2420 973 2463 meus
1002 2410 1032 2462 et

109 2488 192 2549 Deus
214 2506 310 2552 mens.
344 2488 424 2547 Dicit
446 2489 473 2548 ei
486 2488 587 2548 lesus:
612 2485 692 2562 Quin
705 2485 805 2546 vidisti
826 2504 884 2564 me,
901 2486 1031 2564 Thema,

109 2570 281 2651 credidisti3
304 2571 397 2650 besti,
421 2572 547 2650 quinon
572 2569 714 2631 viderunt
734 2578 764 2629 et
786 2568 989 2630 crediderunt.

192 2654 288 2715 lllulta
311 2654 433 2733 quidem
460 2666 492 2715 et
514 2654 573 2714 clia
595 2655 684 2735 signa
705 2653 778 2713 lecit
799 2652 883 2713 lesus
905 2653 936 2711 in
959 2670 1032 2719 con-

109 2745 216 2818 spectu
240 2736 458 2818 discipulorum
480 2755 615 2816 suorum,
637 2755 717 2816 qnae
740 2754 800 2796 non
825 2742 895 2796 sunt
918 2736 1033 2816 scripto
1124 2758 1128 2765 ·

109 2823 140 2881 in
163 2821 243 2884 libro
264 2819 334 2882 hoc.
377 2820 463 2881 Haec
485 2827 587 2881 entem
609 2821 723 2900 scripte
744 2826 824 2898 sunt,
848 2817 1035 2893 utcredatis‚

111 2907 183 2984 quio
204 2903 292 2967 Iesus
327 2910 373 2965 est
394 2902 530 2964 Christus
552 2903 631 2965 iilius
654 2904 727 2982 Dei,
761 2912 791 2963 et
820 2911 852 2963 ut
874 2901 1033 2963 credentes

111 2989 205 3048 vitum
227 2987 367 3048 habentis
388 2989 418 3046 in
442 2989 566 3048 nomine
589 2989 664 3052 eius.

195 3068 230 3132 In
253 3072 318 3131 istis
341 3071 441 3131 verbis
478 3072 535 3131 tria
563 3080 633 3131 sunt
655 3070 857 3131 observande.
900 3070 1032 3129 Primum

111 3163 159 3215 est
180 3155 330 3214 institutio
353 3153 464 3234 divine,
488 3154 627 3232 scilicet,
652 3153 734 3234 quod
766 3156 832 3234 ipse
860 3152 943 3212 Dens
965 3171 1034 3213 sese

112 3238 245 3302 demittit
266 3244 298 3298 et
321 3237 443 3298 ordinat
463 3240 626 3299 autoritate
639 3236 749 3307 divine,
774 3234 856 3315 quod
879 3235 1032 3297 absolutio

185 3542 213 3609 1)
233 3537 310 3597 Haec
329 3540 510 3596 conciuncula
529 3541 556 3595 in
576 3541 618 3598 cd.
642 3541 771 3612 originali
796 3540 939 3597 interiecta
958 3540 1034 3599 inve·

112 3612 187 3669 nitur
204 3612 276 3668 iuter
294 3612 503 3668 conciunculam
522 3613 667 3670 Dominica
688 3613 765 3669 Oculi
783 3618 812 3670 et
828 3611 975 3668 Dominica
993 3614 1037 3669 Iu·

112 3684 207 3740 bilatc.
249 3683 282 3753 2)
304 3683 395 3741 Verba
412 3684 558 3756 Evangelii
576 3685 710 3742 hactenus
728 3690 836 3741 tantum
853 3684 945 3743 ined.
964 3685 1035 3757 orig.

113 3755 275 3823 redduntur,
294 3755 401 3825 reliqua
421 3757 538 3825 repetita
556 3762 621 3814 sunt
639 3772 657 3813 a
674 3756 755 3813 nobis
775 3774 809 3814 ex
827 3757 872 3814 ed.
892 3759 948 3814 Ion.
