<?xml version="1.0" encoding="UTF-8"?>
<!DOCTYPE html PUBLIC "-//W3C//DTD XHTML 1.0 Transitional//EN"
    "http://www.w3.org/TR/xhtml1/DTD/xhtml1-transitional.dtd">
<html xmlns="http://www.w3.org/1999/xhtml" xml:lang="en" lang="en">
 <head>
  <title>
</title>
<meta http-equiv="Content-Type" content="text/html;charset=utf-8" />
  <meta name='ocr-system' content='tesseract 3.04.00' />
  <meta name='ocr-capabilities' content='ocr_page ocr_carea ocr_par ocr_line ocrx_word'/>
</head>
<body>
  <div class='ocr_page' id='page_1' title='image "./dmartinilutheri02luthgoog_0353.png"; bbox 0 0 2348 4162; ppageno 0'>
   <div class='ocr_carea' id='block_1_1' title="bbox 6 255 805 344">
    <p class='ocr_par' dir='ltr' id='par_1_1' title="bbox 6 255 805 344">
     <span class='ocr_line' id='line_1_1' title="bbox 6 255 805 344; baseline -0.008 -27"><span class='ocrx_word' id='word_1_1' title='bbox 6 334 12 344; x_wconf 92' lang='lat'><strong>.</strong></span> <span class='ocrx_word' id='word_1_2' title='bbox 131 257 194 323; x_wconf 86' lang='grc'><strong>340</strong></span> <span class='ocrx_word' id='word_1_3' title='bbox 373 255 417 312; x_wconf 87' lang='lat' dir='ltr'><strong>De</strong></span> <span class='ocrx_word' id='word_1_4' title='bbox 433 270 515 313; x_wconf 86' lang='lat' dir='ltr'><strong>servo</strong></span> <span class='ocrx_word' id='word_1_5' title='bbox 534 255 649 312; x_wconf 87' lang='lat' dir='ltr'><strong>arbitrio</strong></span> <span class='ocrx_word' id='word_1_6' title='bbox 666 255 703 310; x_wconf 91' lang='lat' dir='ltr'><strong>D.</strong></span> <span class='ocrx_word' id='word_1_7' title='bbox 720 256 755 312; x_wconf 83' lang='lat' dir='ltr'><strong>ll.</strong></span> <span class='ocrx_word' id='word_1_8' title='bbox 775 256 805 311; x_wconf 85' lang='lat' dir='ltr'><strong>L.</strong></span> 
     </span>
    </p>
   </div>
   <div class='ocr_carea' id='block_1_2' title="bbox 130 423 1065 1671">
    <p class='ocr_par' dir='ltr' id='par_1_2' title="bbox 130 423 1065 1671">
     <span class='ocr_line' id='line_1_2' title="bbox 130 423 1058 508; baseline -0.003 -21"><span class='ocrx_word' id='word_1_9' title='bbox 130 427 200 487; x_wconf 92' lang='lat' dir='ltr'><strong>liter</strong></span> <span class='ocrx_word' id='word_1_10' title='bbox 236 427 315 487; x_wconf 85' lang='lat' dir='ltr'><strong>inter</strong></span> <span class='ocrx_word' id='word_1_11' title='bbox 341 432 521 506; x_wconf 89' lang='lat' dir='ltr'><strong>peccatores</strong></span> <span class='ocrx_word' id='word_1_12' title='bbox 549 423 772 508; x_wconf 76' lang='lat' dir='ltr'><strong>numeraretl).</strong></span> <span class='ocrx_word' id='word_1_13' title='bbox 832 423 883 486; x_wconf 80' lang='lat' dir='ltr'><strong>Sic</strong></span> <span class='ocrx_word' id='word_1_14' title='bbox 910 430 941 486; x_wconf 86' lang='lat' dir='ltr'><strong>et</strong></span> <span class='ocrx_word' id='word_1_15' title='bbox 964 423 1058 485; x_wconf 90' lang='lat' dir='ltr'><strong>illud:</strong></span> 
     </span>
     <span class='ocr_line' id='line_1_3' title="bbox 131 507 1061 590; baseline -0.001 -21"><span class='ocrx_word' id='word_1_16' title='bbox 131 508 222 585; x_wconf 77' lang='lat' dir='ltr'><strong>Quod</strong></span> <span class='ocrx_word' id='word_1_17' title='bbox 244 529 299 571; x_wconf 90' lang='lat' dir='ltr'><strong>eos</strong></span> <span class='ocrx_word' id='word_1_18' title='bbox 321 509 420 590; x_wconf 84' lang='lat' dir='ltr'><strong>gloria</strong></span> <span class='ocrx_word' id='word_1_19' title='bbox 441 510 498 570; x_wconf 90' lang='lat' dir='ltr'><strong>Dei</strong></span> <span class='ocrx_word' id='word_1_20' title='bbox 523 511 630 571; x_wconf 88' lang='lat' dir='ltr'><strong>inanes</strong></span> <span class='ocrx_word' id='word_1_21' title='bbox 654 509 735 570; x_wconf 89' lang='lat' dir='ltr'><strong>dicit.</strong></span> <span class='ocrx_word' id='word_1_22' title='bbox 770 507 909 570; x_wconf 82' lang='lat' dir='ltr'><strong>Gloriam</strong></span> <span class='ocrx_word' id='word_1_23' title='bbox 932 508 992 570; x_wconf 84' lang='lat' dir='ltr'><strong>Dei</strong></span> <span class='ocrx_word' id='word_1_24' title='bbox 1006 507 1061 568; x_wconf 88' lang='lat' dir='ltr'><strong>hic</strong></span> 
     </span>
     <span class='ocr_line' id='line_1_4' title="bbox 130 591 1061 673; baseline -0.003 -19"><span class='ocrx_word' id='word_1_25' title='bbox 130 594 232 673; x_wconf 90' lang='lat' dir='ltr'><strong>possis</strong></span> <span class='ocrx_word' id='word_1_26' title='bbox 254 592 393 653; x_wconf 81' lang='lat' dir='ltr'><strong>bifariam</strong></span> <span class='ocrx_word' id='word_1_27' title='bbox 406 593 557 673; x_wconf 88' lang='lat' dir='ltr'><strong>accipere,</strong></span> <span class='ocrx_word' id='word_1_28' title='bbox 579 594 680 654; x_wconf 88' lang='lat' dir='ltr'><strong>active</strong></span> <span class='ocrx_word' id='word_1_29' title='bbox 702 599 732 653; x_wconf 89' lang='lat' dir='ltr'><strong>et</strong></span> <span class='ocrx_word' id='word_1_30' title='bbox 743 594 877 673; x_wconf 87' lang='lat' dir='ltr'><strong>passive,</strong></span> <span class='ocrx_word' id='word_1_31' title='bbox 900 591 963 653; x_wconf 91' lang='lat' dir='ltr'><strong>hoc</strong></span> <span class='ocrx_word' id='word_1_32' title='bbox 983 591 1061 652; x_wconf 86' lang='lat' dir='ltr'><strong>iacit</strong></span> 
     </span>
     <span class='ocr_line' id='line_1_5' title="bbox 132 674 1061 757; baseline -0.002 -21"><span class='ocrx_word' id='word_1_33' title='bbox 132 676 243 736; x_wconf 88' lang='lat' dir='ltr'><strong>Paulus</strong></span> <span class='ocrx_word' id='word_1_34' title='bbox 266 677 328 737; x_wconf 89' lang='lat' dir='ltr'><strong>suis</strong></span> <span class='ocrx_word' id='word_1_35' title='bbox 350 675 528 757; x_wconf 81' lang='lat' dir='ltr'><strong>ldbraismis,</strong></span> <span class='ocrx_word' id='word_1_36' title='bbox 551 676 660 756; x_wconf 89' lang='lat' dir='ltr'><strong>quibus</strong></span> <span class='ocrx_word' id='word_1_37' title='bbox 683 676 790 737; x_wconf 91' lang='lat' dir='ltr'><strong>crebro</strong></span> <span class='ocrx_word' id='word_1_38' title='bbox 813 676 914 740; x_wconf 85' lang='lat' dir='ltr'><strong>utitur.</strong></span> <span class='ocrx_word' id='word_1_39' title='bbox 946 674 1061 735; x_wconf 84' lang='lat' dir='ltr'><strong>Active</strong></span> 
     </span>
     <span class='ocr_line' id='line_1_6' title="bbox 132 757 1060 840; baseline 0.001 -22"><span class='ocrx_word' id='word_1_40' title='bbox 132 757 311 839; x_wconf 89' lang='lat' dir='ltr'><strong>gloria-Dei</strong></span> <span class='ocrx_word' id='word_1_41' title='bbox 335 764 390 836; x_wconf 88' lang='lat' dir='ltr'><strong>est,</strong></span> <span class='ocrx_word' id='word_1_42' title='bbox 413 777 473 838; x_wconf 89' lang='lat' dir='ltr'><strong>qua</strong></span> <span class='ocrx_word' id='word_1_43' title='bbox 494 761 562 840; x_wconf 87' lang='lat' dir='ltr'><strong>ipse</strong></span> <span class='ocrx_word' id='word_1_44' title='bbox 584 761 613 820; x_wconf 90' lang='lat' dir='ltr'><strong>in</strong></span> <span class='ocrx_word' id='word_1_45' title='bbox 628 758 717 820; x_wconf 92' lang='lat' dir='ltr'><strong>nobis</strong></span> <span class='ocrx_word' id='word_1_46' title='bbox 739 759 897 839; x_wconf 87' lang='lat' dir='ltr'><strong>gloriatur,</strong></span> <span class='ocrx_word' id='word_1_47' title='bbox 921 758 1060 839; x_wconf 78' lang='lat' dir='ltr'><strong>passive,</strong></span> 
     </span>
     <span class='ocr_line' id='line_1_7' title="bbox 134 842 1061 923; baseline 0 -22"><span class='ocrx_word' id='word_1_48' title='bbox 134 861 194 922; x_wconf 85' lang='lat' dir='ltr'><strong>qua</strong></span> <span class='ocrx_word' id='word_1_49' title='bbox 226 861 283 903; x_wconf 92' lang='lat' dir='ltr'><strong>uos</strong></span> <span class='ocrx_word' id='word_1_50' title='bbox 312 842 343 902; x_wconf 92' lang='lat' dir='ltr'><strong>in</strong></span> <span class='ocrx_word' id='word_1_51' title='bbox 366 843 433 903; x_wconf 89' lang='lat' dir='ltr'><strong>Dec</strong></span> <span class='ocrx_word' id='word_1_52' title='bbox 462 842 639 923; x_wconf 83' lang='lat' dir='ltr'><strong>gloriamur.</strong></span> <span class='ocrx_word' id='word_1_53' title='bbox 697 842 770 903; x_wconf 87' lang='lat' dir='ltr'><strong>Mihi</strong></span> <span class='ocrx_word' id='word_1_54' title='bbox 803 849 906 903; x_wconf 86' lang='lat' dir='ltr'><strong>tamen</strong></span> <span class='ocrx_word' id='word_1_55' title='bbox 930 843 1061 923; x_wconf 87' lang='lat' dir='ltr'><strong>passive</strong></span> 
     </span>
     <span class='ocr_line' id='line_1_8' title="bbox 133 923 1062 1005; baseline 0 -20"><span class='ocrx_word' id='word_1_56' title='bbox 133 926 233 1005; x_wconf 89' lang='lat' dir='ltr'><strong>accipi</strong></span> <span class='ocrx_word' id='word_1_57' title='bbox 255 923 367 985; x_wconf 91' lang='lat' dir='ltr'><strong>debere</strong></span> <span class='ocrx_word' id='word_1_58' title='bbox 387 944 470 985; x_wconf 89' lang='lat' dir='ltr'><strong>nunc</strong></span> <span class='ocrx_word' id='word_1_59' title='bbox 491 926 630 1004; x_wconf 88' lang='lat' dir='ltr'><strong>videtur,</strong></span> <span class='ocrx_word' id='word_1_60' title='bbox 659 932 693 985; x_wconf 90' lang='lat' dir='ltr'><strong>ut</strong></span> <span class='ocrx_word' id='word_1_61' title='bbox 722 924 798 986; x_wconf 87' lang='lat' dir='ltr'><strong>fides</strong></span> <span class='ocrx_word' id='word_1_62' title='bbox 828 925 940 986; x_wconf 85' lang='lat' dir='ltr'><strong>Christi</strong></span> <span class='ocrx_word' id='word_1_63' title='bbox 962 924 1062 985; x_wconf 87' lang='lat' dir='ltr'><strong>latine</strong></span> 
     </span>
     <span class='ocr_line' id='line_1_9' title="bbox 133 1006 1061 1088; baseline -0.001 -20"><span class='ocrx_word' id='word_1_64' title='bbox 133 1014 233 1087; x_wconf 87' lang='lat' dir='ltr'><strong>sonat,</strong></span> <span class='ocrx_word' id='word_1_65' title='bbox 255 1026 345 1087; x_wconf 86' lang='lat' dir='ltr'><strong>qnam</strong></span> <span class='ocrx_word' id='word_1_66' title='bbox 369 1008 505 1069; x_wconf 85' lang='lat' dir='ltr'><strong>Christus</strong></span> <span class='ocrx_word' id='word_1_67' title='bbox 527 1008 629 1088; x_wconf 88' lang='lat' dir='ltr'><strong>habet,</strong></span> <span class='ocrx_word' id='word_1_68' title='bbox 652 1008 705 1069; x_wconf 87' lang='lat' dir='ltr'><strong>sed</strong></span> <span class='ocrx_word' id='word_1_69' title='bbox 728 1008 855 1069; x_wconf 80' lang='lat' dir='ltr'><strong>Ebraeis</strong></span> <span class='ocrx_word' id='word_1_70' title='bbox 877 1006 955 1069; x_wconf 85' lang='lat' dir='ltr'><strong>fides</strong></span> <span class='ocrx_word' id='word_1_71' title='bbox 974 1007 1061 1068; x_wconf 82' lang='lat' dir='ltr'><strong>Olrri-</strong></span> 
     </span>
     <span class='ocr_line' id='line_1_10' title="bbox 134 1090 1063 1171; baseline 0 -20"><span class='ocrx_word' id='word_1_72' title='bbox 134 1092 171 1151; x_wconf 90' lang='lat' dir='ltr'><strong>sti</strong></span> <span class='ocrx_word' id='word_1_73' title='bbox 193 1091 388 1171; x_wconf 86' lang='lat' dir='ltr'><strong>intelligitur,</strong></span> <span class='ocrx_word' id='word_1_74' title='bbox 417 1093 547 1171; x_wconf 89' lang='lat' dir='ltr'><strong>quaein</strong></span> <span class='ocrx_word' id='word_1_75' title='bbox 571 1091 722 1153; x_wconf 80' lang='lat' dir='ltr'><strong>Christum</strong></span> <span class='ocrx_word' id='word_1_76' title='bbox 750 1091 889 1152; x_wconf 88' lang='lat' dir='ltr'><strong>habetur.</strong></span> <span class='ocrx_word' id='word_1_77' title='bbox 938 1090 990 1152; x_wconf 81' lang='lat' dir='ltr'><strong>sic</strong></span> <span class='ocrx_word' id='word_1_78' title='bbox 1018 1092 1063 1151; x_wconf 91' lang='lat' dir='ltr'><strong>iu·</strong></span> 
     </span>
     <span class='ocr_line' id='line_1_11' title="bbox 134 1173 1061 1255; baseline 0.001 -21"><span class='ocrx_word' id='word_1_79' title='bbox 134 1175 216 1234; x_wconf 87' lang='lat' dir='ltr'><strong>stitia</strong></span> <span class='ocrx_word' id='word_1_80' title='bbox 245 1174 302 1234; x_wconf 91' lang='lat' dir='ltr'><strong>Dei</strong></span> <span class='ocrx_word' id='word_1_81' title='bbox 331 1173 426 1235; x_wconf 90' lang='lat' dir='ltr'><strong>latine</strong></span> <span class='ocrx_word' id='word_1_82' title='bbox 454 1175 586 1253; x_wconf 91' lang='lat' dir='ltr'><strong>dicitur,</strong></span> <span class='ocrx_word' id='word_1_83' title='bbox 615 1194 705 1255; x_wconf 90' lang='lat' dir='ltr'><strong>quam</strong></span> <span class='ocrx_word' id='word_1_84' title='bbox 738 1175 821 1236; x_wconf 88' lang='lat' dir='ltr'><strong>Deus</strong></span> <span class='ocrx_word' id='word_1_85' title='bbox 856 1173 973 1252; x_wconf 84' lang='lat' dir='ltr'><strong>habet,</strong></span> <span class='ocrx_word' id='word_1_86' title='bbox 1004 1175 1061 1235; x_wconf 88' lang='lat' dir='ltr'><strong>sed</strong></span> 
     </span>
     <span class='ocr_line' id='line_1_12' title="bbox 135 1256 1065 1338; baseline 0.002 -21"><span class='ocrx_word' id='word_1_87' title='bbox 135 1256 262 1317; x_wconf 80' lang='lat' dir='ltr'><strong>Ebraeis</strong></span> <span class='ocrx_word' id='word_1_88' title='bbox 284 1256 472 1338; x_wconf 73' lang='lat' dir='ltr'><strong>intelligitur,</strong></span> <span class='ocrx_word' id='word_1_89' title='bbox 495 1276 573 1337; x_wconf 88' lang='lat' dir='ltr'><strong>quae</strong></span> <span class='ocrx_word' id='word_1_90' title='bbox 596 1278 636 1319; x_wconf 89' lang='lat' dir='ltr'><strong>ax</strong></span> <span class='ocrx_word' id='word_1_91' title='bbox 654 1259 720 1319; x_wconf 88' lang='lat' dir='ltr'><strong>Deo</strong></span> <span class='ocrx_word' id='word_1_92' title='bbox 743 1264 774 1318; x_wconf 87' lang='lat' dir='ltr'><strong>et</strong></span> <span class='ocrx_word' id='word_1_93' title='bbox 795 1276 899 1319; x_wconf 91' lang='lat' dir='ltr'><strong>coram</strong></span> <span class='ocrx_word' id='word_1_94' title='bbox 913 1257 983 1319; x_wconf 88' lang='lat' dir='ltr'><strong>Deo</strong></span> <span class='ocrx_word' id='word_1_95' title='bbox 1007 1257 1065 1319; x_wconf 89' lang='lat' dir='ltr'><strong>ha··</strong></span> 
     </span>
     <span class='ocr_line' id='line_1_13' title="bbox 136 1338 1062 1421; baseline 0 -20"><span class='ocrx_word' id='word_1_96' title='bbox 136 1339 232 1405; x_wconf 78' lang='lat' dir='ltr'><strong>betur,</strong></span> <span class='ocrx_word' id='word_1_97' title='bbox 284 1338 333 1401; x_wconf 87' lang='lat' dir='ltr'><strong>Ita</strong></span> <span class='ocrx_word' id='word_1_98' title='bbox 363 1341 493 1421; x_wconf 83' lang='lat' dir='ltr'><strong>gloriam</strong></span> <span class='ocrx_word' id='word_1_99' title='bbox 525 1342 581 1402; x_wconf 89' lang='lat' dir='ltr'><strong>Dei</strong></span> <span class='ocrx_word' id='word_1_100' title='bbox 608 1359 675 1403; x_wconf 89' lang='lat' dir='ltr'><strong>uon</strong></span> <span class='ocrx_word' id='word_1_101' title='bbox 701 1342 815 1421; x_wconf 89' lang='lat' dir='ltr'><strong>latine,</strong></span> <span class='ocrx_word' id='word_1_102' title='bbox 844 1340 898 1401; x_wconf 91' lang='lat' dir='ltr'><strong>sed</strong></span> <span class='ocrx_word' id='word_1_103' title='bbox 928 1340 1062 1402; x_wconf 79' lang='lat' dir='ltr'><strong>Ebraice</strong></span> 
     </span>
     <span class='ocr_line' id='line_1_14' title="bbox 136 1423 1062 1503; baseline 0.001 -20"><span class='ocrx_word' id='word_1_104' title='bbox 136 1423 313 1502; x_wconf 89' lang='lat' dir='ltr'><strong>accipimus,</strong></span> <span class='ocrx_word' id='word_1_105' title='bbox 337 1425 468 1503; x_wconf 86' lang='lat' dir='ltr'><strong>quaein</strong></span> <span class='ocrx_word' id='word_1_106' title='bbox 492 1424 561 1485; x_wconf 89' lang='lat' dir='ltr'><strong>Deo</strong></span> <span class='ocrx_word' id='word_1_107' title='bbox 585 1432 615 1485; x_wconf 91' lang='lat' dir='ltr'><strong>et</strong></span> <span class='ocrx_word' id='word_1_108' title='bbox 637 1443 741 1486; x_wconf 87' lang='lat' dir='ltr'><strong>coram</strong></span> <span class='ocrx_word' id='word_1_109' title='bbox 765 1426 833 1486; x_wconf 91' lang='lat' dir='ltr'><strong>Deo</strong></span> <span class='ocrx_word' id='word_1_110' title='bbox 855 1423 1007 1503; x_wconf 88' lang='lat' dir='ltr'><strong>habetur,</strong></span> <span class='ocrx_word' id='word_1_111' title='bbox 1030 1429 1062 1485; x_wconf 90' lang='lat' dir='ltr'><strong>et</strong></span> 
     </span>
     <span class='ocr_line' id='line_1_15' title="bbox 135 1506 1062 1588; baseline 0.003 -23"><span class='ocrx_word' id='word_1_112' title='bbox 135 1506 234 1587; x_wconf 84' lang='lat' dir='ltr'><strong>gloria</strong></span> <span class='ocrx_word' id='word_1_113' title='bbox 254 1506 285 1565; x_wconf 92' lang='lat' dir='ltr'><strong>in</strong></span> <span class='ocrx_word' id='word_1_114' title='bbox 308 1506 376 1568; x_wconf 92' lang='lat' dir='ltr'><strong>Deo</strong></span> <span class='ocrx_word' id='word_1_115' title='bbox 400 1506 459 1567; x_wconf 92' lang='lat' dir='ltr'><strong>dici</strong></span> <span class='ocrx_word' id='word_1_116' title='bbox 482 1514 597 1588; x_wconf 83' lang='lat' dir='ltr'><strong>posset.</strong></span> <span class='ocrx_word' id='word_1_117' title='bbox 641 1506 797 1569; x_wconf 79' lang='lat' dir='ltr'><strong>Gloriatur</strong></span> <span class='ocrx_word' id='word_1_118' title='bbox 815 1508 907 1588; x_wconf 87' lang='lat' dir='ltr'><strong>igitur</strong></span> <span class='ocrx_word' id='word_1_119' title='bbox 927 1508 958 1567; x_wconf 93' lang='lat' dir='ltr'><strong>in</strong></span> <span class='ocrx_word' id='word_1_120' title='bbox 982 1506 1062 1586; x_wconf 88' lang='lat' dir='ltr'><strong>Deo,</strong></span> 
     </span>
     <span class='ocr_line' id='line_1_16' title="bbox 137 1588 1062 1671; baseline 0.002 -22"><span class='ocrx_word' id='word_1_121' title='bbox 137 1589 188 1668; x_wconf 91' lang='lat' dir='ltr'><strong>qui</strong></span> <span class='ocrx_word' id='word_1_122' title='bbox 210 1595 295 1650; x_wconf 83' lang='lat' dir='ltr'><strong>certo</strong></span> <span class='ocrx_word' id='word_1_123' title='bbox 317 1592 384 1668; x_wconf 88' lang='lat' dir='ltr'><strong>scit,</strong></span> <span class='ocrx_word' id='word_1_124' title='bbox 407 1590 504 1650; x_wconf 88' lang='lat' dir='ltr'><strong>Deum</strong></span> <span class='ocrx_word' id='word_1_125' title='bbox 528 1608 599 1652; x_wconf 89' lang='lat' dir='ltr'><strong>esse</strong></span> <span class='ocrx_word' id='word_1_126' title='bbox 626 1590 683 1652; x_wconf 88' lang='lat' dir='ltr'><strong>sibi</strong></span> <span class='ocrx_word' id='word_1_127' title='bbox 705 1592 858 1652; x_wconf 86' lang='lat' dir='ltr'><strong>faventem</strong></span> <span class='ocrx_word' id='word_1_128' title='bbox 881 1596 912 1652; x_wconf 86' lang='lat' dir='ltr'><strong>et</strong></span> <span class='ocrx_word' id='word_1_129' title='bbox 933 1588 1062 1671; x_wconf 84' lang='lat' dir='ltr'><strong>dignan-</strong></span> 
     </span>
    </p>
   </div>
   <div class='ocr_carea' id='block_1_3' title="bbox 42 1673 1061 1754">
    <p class='ocr_par' dir='ltr' id='par_1_3' title="bbox 42 1673 1061 1754">
     <span class='ocr_line' id='line_1_17' title="bbox 42 1673 1061 1754; baseline 0.006 -25"><span class='ocrx_word' id='word_1_130' title='bbox 42 1716 47 1729; x_wconf 91' lang='lat'><strong>.</strong></span> <span class='ocrx_word' id='word_1_131' title='bbox 136 1679 197 1733; x_wconf 88' lang='lat' dir='ltr'><strong>tem</strong></span> <span class='ocrx_word' id='word_1_132' title='bbox 220 1691 289 1732; x_wconf 85' lang='lat' dir='ltr'><strong>sese</strong></span> <span class='ocrx_word' id='word_1_133' title='bbox 310 1679 453 1754; x_wconf 83' lang='lat' dir='ltr'><strong>respectu</strong></span> <span class='ocrx_word' id='word_1_134' title='bbox 475 1673 640 1753; x_wconf 87' lang='lat' dir='ltr'><strong>benevolo,</strong></span> <span class='ocrx_word' id='word_1_135' title='bbox 662 1681 695 1735; x_wconf 91' lang='lat' dir='ltr'><strong>ut</strong></span> <span class='ocrx_word' id='word_1_136' title='bbox 716 1675 860 1754; x_wconf 76' lang='lat' dir='ltr'><strong>placeant</strong></span> <span class='ocrx_word' id='word_1_137' title='bbox 882 1692 989 1736; x_wconf 86' lang='lat' dir='ltr'><strong>coram</strong></span> <span class='ocrx_word' id='word_1_138' title='bbox 1014 1692 1061 1754; x_wconf 87' lang='lat' dir='ltr'><strong>ec,</strong></span> 
     </span>
    </p>
   </div>
   <div class='ocr_carea' id='block_1_4' title="bbox 136 1754 1062 3503">
    <p class='ocr_par' dir='ltr' id='par_1_4' title="bbox 136 1754 1060 1919">
     <span class='ocr_line' id='line_1_18' title="bbox 137 1754 1060 1837; baseline 0.004 -23"><span class='ocrx_word' id='word_1_139' title='bbox 137 1773 216 1834; x_wconf 90' lang='lat' dir='ltr'><strong>quae</strong></span> <span class='ocrx_word' id='word_1_140' title='bbox 237 1754 320 1837; x_wconf 82' lang='lat' dir='ltr'><strong>facit,</strong></span> <span class='ocrx_word' id='word_1_141' title='bbox 344 1763 396 1818; x_wconf 90' lang='lat' dir='ltr'><strong>ant</strong></span> <span class='ocrx_word' id='word_1_142' title='bbox 411 1755 624 1819; x_wconf 88' lang='lat' dir='ltr'><strong>condonentur</strong></span> <span class='ocrx_word' id='word_1_143' title='bbox 646 1763 677 1818; x_wconf 92' lang='lat' dir='ltr'><strong>et</strong></span> <span class='ocrx_word' id='word_1_144' title='bbox 698 1758 874 1837; x_wconf 88' lang='lat' dir='ltr'><strong>tolerentur,</strong></span> <span class='ocrx_word' id='word_1_145' title='bbox 898 1776 980 1837; x_wconf 91' lang='lat' dir='ltr'><strong>quae</strong></span> <span class='ocrx_word' id='word_1_146' title='bbox 999 1775 1060 1819; x_wconf 91' lang='lat' dir='ltr'><strong>uon</strong></span> 
     </span>
     <span class='ocr_line' id='line_1_19' title="bbox 136 1839 270 1919; baseline 0.03 -21"><span class='ocrx_word' id='word_1_147' title='bbox 136 1839 270 1919; x_wconf 85' lang='lat' dir='ltr'><strong>placent.</strong></span> 
     </span>
    </p>

    <p class='ocr_par' dir='ltr' id='par_1_5' title="bbox 137 1920 1062 3503">
     <span class='ocr_line' id='line_1_20' title="bbox 220 1920 1060 2001; baseline 0.002 -19"><span class='ocrx_word' id='word_1_148' title='bbox 220 1920 252 1982; x_wconf 82' lang='lat' dir='ltr'><strong>Si</strong></span> <span class='ocrx_word' id='word_1_149' title='bbox 273 1920 365 2001; x_wconf 87' lang='lat' dir='ltr'><strong>igitur</strong></span> <span class='ocrx_word' id='word_1_150' title='bbox 385 1920 472 1982; x_wconf 87' lang='lat' dir='ltr'><strong>liberi</strong></span> <span class='ocrx_word' id='word_1_151' title='bbox 485 1923 599 1984; x_wconf 87' lang='lat' dir='ltr'><strong>arbitrii</strong></span> <span class='ocrx_word' id='word_1_152' title='bbox 615 1928 744 1983; x_wconf 87' lang='lat' dir='ltr'><strong>conatus</strong></span> <span class='ocrx_word' id='word_1_153' title='bbox 766 1928 819 1982; x_wconf 86' lang='lat' dir='ltr'><strong>aut</strong></span> <span class='ocrx_word' id='word_1_154' title='bbox 839 1921 974 1983; x_wconf 89' lang='lat' dir='ltr'><strong>studium</strong></span> <span class='ocrx_word' id='word_1_155' title='bbox 999 1941 1060 1984; x_wconf 90' lang='lat' dir='ltr'><strong>non</strong></span> 
     </span>
     <span class='ocr_line' id='line_1_21' title="bbox 137 2003 1062 2088; baseline 0.003 -25"><span class='ocrx_word' id='word_1_156' title='bbox 137 2010 184 2064; x_wconf 88' lang='lat' dir='ltr'><strong>est</strong></span> <span class='ocrx_word' id='word_1_157' title='bbox 205 2009 379 2085; x_wconf 88' lang='lat' dir='ltr'><strong>peccatum,</strong></span> <span class='ocrx_word' id='word_1_158' title='bbox 401 2003 456 2064; x_wconf 92' lang='lat' dir='ltr'><strong>sed</strong></span> <span class='ocrx_word' id='word_1_159' title='bbox 478 2004 593 2066; x_wconf 90' lang='lat' dir='ltr'><strong>bonnm</strong></span> <span class='ocrx_word' id='word_1_160' title='bbox 616 2025 721 2067; x_wconf 89' lang='lat' dir='ltr'><strong>coram</strong></span> <span class='ocrx_word' id='word_1_161' title='bbox 745 2006 828 2087; x_wconf 88' lang='lat' dir='ltr'><strong>Deo,</strong></span> <span class='ocrx_word' id='word_1_162' title='bbox 851 2012 936 2067; x_wconf 84' lang='lat' dir='ltr'><strong>certe</strong></span> <span class='ocrx_word' id='word_1_163' title='bbox 959 2010 1062 2088; x_wconf 83' lang='lat' dir='ltr'><strong>potest</strong></span> 
     </span>
     <span class='ocr_line' id='line_1_22' title="bbox 137 2086 1060 2171; baseline 0.005 -25"><span class='ocrx_word' id='word_1_164' title='bbox 137 2086 272 2167; x_wconf 85' lang='lat' dir='ltr'><strong>gloriari,</strong></span> <span class='ocrx_word' id='word_1_165' title='bbox 294 2092 325 2147; x_wconf 89' lang='lat' dir='ltr'><strong>et</strong></span> <span class='ocrx_word' id='word_1_166' title='bbox 347 2106 415 2147; x_wconf 93' lang='lat' dir='ltr'><strong>cum</strong></span> <span class='ocrx_word' id='word_1_167' title='bbox 432 2088 544 2150; x_wconf 85' lang='lat' dir='ltr'><strong>fiducia</strong></span> <span class='ocrx_word' id='word_1_168' title='bbox 564 2090 596 2149; x_wconf 93' lang='lat' dir='ltr'><strong>in</strong></span> <span class='ocrx_word' id='word_1_169' title='bbox 619 2109 656 2150; x_wconf 89' lang='lat' dir='ltr'><strong>ea</strong></span> <span class='ocrx_word' id='word_1_170' title='bbox 667 2089 767 2169; x_wconf 91' lang='lat' dir='ltr'><strong>gloria</strong></span> <span class='ocrx_word' id='word_1_171' title='bbox 783 2089 894 2169; x_wconf 87' lang='lat' dir='ltr'><strong>dicere,</strong></span> <span class='ocrx_word' id='word_1_172' title='bbox 915 2089 977 2150; x_wconf 90' lang='lat' dir='ltr'><strong>hoc</strong></span> <span class='ocrx_word' id='word_1_173' title='bbox 999 2088 1060 2171; x_wconf 82' lang='lat' dir='ltr'><strong>plu·</strong></span> 
     </span>
     <span class='ocr_line' id='line_1_23' title="bbox 138 2169 1060 2254; baseline 0.003 -24"><span class='ocrx_word' id='word_1_174' title='bbox 138 2177 186 2230; x_wconf 90' lang='lat' dir='ltr'><strong>cet</strong></span> <span class='ocrx_word' id='word_1_175' title='bbox 209 2170 285 2248; x_wconf 91' lang='lat' dir='ltr'><strong>Deo,</strong></span> <span class='ocrx_word' id='word_1_176' title='bbox 308 2169 378 2230; x_wconf 90' lang='lat' dir='ltr'><strong>huic</strong></span> <span class='ocrx_word' id='word_1_177' title='bbox 399 2170 482 2232; x_wconf 86' lang='lat' dir='ltr'><strong>favet</strong></span> <span class='ocrx_word' id='word_1_178' title='bbox 505 2173 598 2251; x_wconf 88' lang='lat' dir='ltr'><strong>Deus,</strong></span> <span class='ocrx_word' id='word_1_179' title='bbox 621 2173 681 2233; x_wconf 90' lang='lat' dir='ltr'><strong>hoc</strong></span> <span class='ocrx_word' id='word_1_180' title='bbox 703 2172 845 2253; x_wconf 83' lang='lat' dir='ltr'><strong>dignatur</strong></span> <span class='ocrx_word' id='word_1_181' title='bbox 866 2179 896 2232; x_wconf 87' lang='lat' dir='ltr'><strong>et</strong></span> <span class='ocrx_word' id='word_1_182' title='bbox 908 2179 1060 2254; x_wconf 86' lang='lat' dir='ltr'><strong>acceptat,</strong></span> 
     </span>
     <span class='ocr_line' id='line_1_24' title="bbox 137 2253 1058 2337; baseline 0.003 -25"><span class='ocrx_word' id='word_1_183' title='bbox 137 2253 187 2313; x_wconf 82' lang='lat' dir='ltr'><strong>vel</strong></span> <span class='ocrx_word' id='word_1_184' title='bbox 210 2254 316 2313; x_wconf 89' lang='lat' dir='ltr'><strong>saltem</strong></span> <span class='ocrx_word' id='word_1_185' title='bbox 343 2253 455 2316; x_wconf 84' lang='lat' dir='ltr'><strong>tolerat</strong></span> <span class='ocrx_word' id='word_1_186' title='bbox 477 2261 507 2315; x_wconf 86' lang='lat' dir='ltr'><strong>et</strong></span> <span class='ocrx_word' id='word_1_187' title='bbox 527 2257 659 2337; x_wconf 88' lang='lat' dir='ltr'><strong>ignoscit</strong></span> <span class='ocrx_word' id='word_1_188' title='bbox 676 2256 770 2316; x_wconf 90' lang='lat' dir='ltr'><strong>Deus.</strong></span> <span class='ocrx_word' id='word_1_189' title='bbox 800 2255 886 2316; x_wconf 89' lang='lat' dir='ltr'><strong>Haec</strong></span> <span class='ocrx_word' id='word_1_190' title='bbox 908 2264 957 2316; x_wconf 89' lang='lat' dir='ltr'><strong>est</strong></span> <span class='ocrx_word' id='word_1_191' title='bbox 981 2257 1058 2318; x_wconf 88' lang='lat' dir='ltr'><strong>enim</strong></span> 
     </span>
     <span class='ocr_line' id='line_1_25' title="bbox 137 2335 1058 2420; baseline 0.004 -24"><span class='ocrx_word' id='word_1_192' title='bbox 137 2337 236 2417; x_wconf 88' lang='lat' dir='ltr'><strong>gloria</strong></span> <span class='ocrx_word' id='word_1_193' title='bbox 258 2335 391 2397; x_wconf 86' lang='lat' dir='ltr'><strong>fidelium</strong></span> <span class='ocrx_word' id='word_1_194' title='bbox 413 2338 444 2397; x_wconf 91' lang='lat' dir='ltr'><strong>in</strong></span> <span class='ocrx_word' id='word_1_195' title='bbox 467 2338 553 2418; x_wconf 91' lang='lat' dir='ltr'><strong>Deo,</strong></span> <span class='ocrx_word' id='word_1_196' title='bbox 584 2339 750 2419; x_wconf 85' lang='lat' dir='ltr'><strong>quam&#39;qui</strong></span> <span class='ocrx_word' id='word_1_197' title='bbox 772 2357 835 2399; x_wconf 91' lang='lat' dir='ltr'><strong>non</strong></span> <span class='ocrx_word' id='word_1_198' title='bbox 858 2338 984 2418; x_wconf 89' lang='lat' dir='ltr'><strong>habent,</strong></span> <span class='ocrx_word' id='word_1_199' title='bbox 1008 2358 1058 2420; x_wconf 90' lang='lat' dir='ltr'><strong>pc·</strong></span> 
     </span>
     <span class='ocr_line' id='line_1_26' title="bbox 137 2419 1059 2504; baseline 0.005 -26"><span class='ocrx_word' id='word_1_200' title='bbox 137 2421 197 2479; x_wconf 88' lang='lat' dir='ltr'><strong>tius</strong></span> <span class='ocrx_word' id='word_1_201' title='bbox 225 2419 452 2480; x_wconf 84' lang='lat' dir='ltr'><strong>confunduntur</strong></span> <span class='ocrx_word' id='word_1_202' title='bbox 481 2440 585 2482; x_wconf 91' lang='lat' dir='ltr'><strong>coram</strong></span> <span class='ocrx_word' id='word_1_203' title='bbox 615 2422 702 2503; x_wconf 90' lang='lat' dir='ltr'><strong>Deo,</strong></span> <span class='ocrx_word' id='word_1_204' title='bbox 730 2422 783 2482; x_wconf 91' lang='lat' dir='ltr'><strong>sed</strong></span> <span class='ocrx_word' id='word_1_205' title='bbox 814 2421 877 2482; x_wconf 92' lang='lat' dir='ltr'><strong>hoc</strong></span> <span class='ocrx_word' id='word_1_206' title='bbox 898 2431 993 2504; x_wconf 87' lang='lat' dir='ltr'><strong>negat</strong></span> <span class='ocrx_word' id='word_1_207' title='bbox 1014 2422 1059 2483; x_wconf 90' lang='lat' dir='ltr'><strong>liic</strong></span> 
     </span>
     <span class='ocr_line' id='line_1_27' title="bbox 137 2502 1058 2586; baseline 0.004 -24"><span class='ocrx_word' id='word_1_208' title='bbox 137 2502 259 2584; x_wconf 86' lang='lat' dir='ltr'><strong>Paulus,</strong></span> <span class='ocrx_word' id='word_1_209' title='bbox 281 2502 397 2584; x_wconf 89' lang='lat' dir='ltr'><strong>dicens,</strong></span> <span class='ocrx_word' id='word_1_210' title='bbox 419 2504 502 2584; x_wconf 91' lang='lat' dir='ltr'><strong>quod</strong></span> <span class='ocrx_word' id='word_1_211' title='bbox 524 2505 581 2565; x_wconf 91' lang='lat' dir='ltr'><strong>hac</strong></span> <span class='ocrx_word' id='word_1_212' title='bbox 602 2506 701 2586; x_wconf 89' lang='lat' dir='ltr'><strong>gloria</strong></span> <span class='ocrx_word' id='word_1_213' title='bbox 716 2507 776 2565; x_wconf 88' lang='lat' dir='ltr'><strong>sint</strong></span> <span class='ocrx_word' id='word_1_214' title='bbox 796 2524 922 2585; x_wconf 89' lang='lat' dir='ltr'><strong>prorsus</strong></span> <span class='ocrx_word' id='word_1_215' title='bbox 943 2507 1058 2567; x_wconf 84' lang='lat' dir='ltr'><strong>inanes.</strong></span> 
     </span>
     <span class='ocr_line' id='line_1_28' title="bbox 137 2585 1057 2670; baseline 0.003 -25"><span class='ocrx_word' id='word_1_216' title='bbox 137 2585 178 2646; x_wconf 82' lang='lat' dir='ltr'><strong>Et</strong></span> <span class='ocrx_word' id='word_1_217' title='bbox 198 2586 259 2647; x_wconf 92' lang='lat' dir='ltr'><strong>hoc</strong></span> <span class='ocrx_word' id='word_1_218' title='bbox 281 2587 391 2667; x_wconf 88' lang='lat' dir='ltr'><strong>probat</strong></span> <span class='ocrx_word' id='word_1_219' title='bbox 422 2589 513 2648; x_wconf 86' lang='lat' dir='ltr'><strong>ctiam</strong></span> <span class='ocrx_word' id='word_1_220' title='bbox 541 2590 739 2669; x_wconf 83' lang='lat' dir='ltr'><strong>experientia.</strong></span> <span class='ocrx_word' id='word_1_221' title='bbox 796 2589 957 2670; x_wconf 87' lang='lat' dir='ltr'><strong>Interroga</strong></span> <span class='ocrx_word' id='word_1_222' title='bbox 990 2588 1057 2649; x_wconf 83' lang='lat' dir='ltr'><strong>milri</strong></span> 
     </span>
     <span class='ocr_line' id='line_1_29' title="bbox 138 2671 1056 2749; baseline 0.002 -20"><span class='ocrx_word' id='word_1_223' title='bbox 138 2687 245 2730; x_wconf 90' lang='lat' dir='ltr'><strong>omnes</strong></span> <span class='ocrx_word' id='word_1_224' title='bbox 267 2671 297 2729; x_wconf 93' lang='lat' dir='ltr'><strong>in</strong></span> <span class='ocrx_word' id='word_1_225' title='bbox 313 2672 485 2731; x_wconf 84' lang='lat' dir='ltr'><strong>universum</strong></span> <span class='ocrx_word' id='word_1_226' title='bbox 508 2671 593 2732; x_wconf 89' lang='lat' dir='ltr'><strong>liberi</strong></span> <span class='ocrx_word' id='word_1_227' title='bbox 607 2672 720 2734; x_wconf 89' lang='lat' dir='ltr'><strong>arbitrii</strong></span> <span class='ocrx_word' id='word_1_228' title='bbox 733 2678 908 2749; x_wconf 81' lang='lat' dir='ltr'><strong>conolores,</strong></span> <span class='ocrx_word' id='word_1_229' title='bbox 931 2674 957 2733; x_wconf 92' lang='lat' dir='ltr'><strong>si</strong></span> <span class='ocrx_word' id='word_1_230' title='bbox 970 2690 1056 2734; x_wconf 88' lang='lat' dir='ltr'><strong>unum</strong></span> 
     </span>
     <span class='ocr_line' id='line_1_30' title="bbox 137 2753 1055 2834; baseline 0.001 -21"><span class='ocrx_word' id='word_1_231' title='bbox 137 2753 252 2832; x_wconf 84' lang='lat' dir='ltr'><strong>poteris</strong></span> <span class='ocrx_word' id='word_1_232' title='bbox 285 2753 469 2834; x_wconf 88' lang='lat' dir='ltr'><strong>ostendere,</strong></span> <span class='ocrx_word' id='word_1_233' title='bbox 504 2756 555 2834; x_wconf 90' lang='lat' dir='ltr'><strong>qui</strong></span> <span class='ocrx_word' id='word_1_234' title='bbox 589 2756 668 2816; x_wconf 89' lang='lat' dir='ltr'><strong>serio</strong></span> <span class='ocrx_word' id='word_1_235' title='bbox 696 2762 727 2815; x_wconf 93' lang='lat' dir='ltr'><strong>et</strong></span> <span class='ocrx_word' id='word_1_236' title='bbox 749 2774 788 2814; x_wconf 89' lang='lat' dir='ltr'><strong>ex</strong></span> <span class='ocrx_word' id='word_1_237' title='bbox 810 2757 914 2816; x_wconf 91' lang='lat' dir='ltr'><strong>auimo</strong></span> <span class='ocrx_word' id='word_1_238' title='bbox 938 2756 977 2817; x_wconf 93' lang='lat' dir='ltr'><strong>de</strong></span> <span class='ocrx_word' id='word_1_239' title='bbox 999 2755 1055 2816; x_wconf 90' lang='lat' dir='ltr'><strong>ullo</strong></span> 
     </span>
     <span class='ocr_line' id='line_1_31' title="bbox 137 2830 1056 2920; baseline 0.002 -25"><span class='ocrx_word' id='word_1_240' title='bbox 137 2854 194 2896; x_wconf 89' lang='lat' dir='ltr'><strong>suo</strong></span> <span class='ocrx_word' id='word_1_241' title='bbox 218 2836 319 2896; x_wconf 89' lang='lat' dir='ltr'><strong>studio</strong></span> <span class='ocrx_word' id='word_1_242' title='bbox 342 2844 371 2896; x_wconf 91' lang='lat' dir='ltr'><strong>et</strong></span> <span class='ocrx_word' id='word_1_243' title='bbox 401 2843 514 2898; x_wconf 87' lang='lat' dir='ltr'><strong>conatu</strong></span> <span class='ocrx_word' id='word_1_244' title='bbox 537 2845 630 2918; x_wconf 87' lang='lat' dir='ltr'><strong>queat</strong></span> <span class='ocrx_word' id='word_1_245' title='bbox 659 2837 773 2899; x_wconf 89' lang='lat' dir='ltr'><strong>dicere:</strong></span> <span class='ocrx_word' id='word_1_246' title='bbox 806 2830 876 2898; x_wconf 88' lang='lat' dir='ltr'><strong>Hoc</strong></span> <span class='ocrx_word' id='word_1_247' title='bbox 909 2840 976 2901; x_wconf 90' lang='lat' dir='ltr'><strong>scio</strong></span> <span class='ocrx_word' id='word_1_248' title='bbox 998 2839 1056 2920; x_wconf 89' lang='lat' dir='ltr'><strong>pla·</strong></span> 
     </span>
     <span class='ocr_line' id='line_1_32' title="bbox 138 2919 1055 3002; baseline 0.003 -24"><span class='ocrx_word' id='word_1_249' title='bbox 138 2936 207 2978; x_wconf 89' lang='lat' dir='ltr'><strong>cere</strong></span> <span class='ocrx_word' id='word_1_250' title='bbox 230 2919 307 2996; x_wconf 88' lang='lat' dir='ltr'><strong>Deo,</strong></span> <span class='ocrx_word' id='word_1_251' title='bbox 330 2920 427 2980; x_wconf 88' lang='lat' dir='ltr'><strong>victus</strong></span> <span class='ocrx_word' id='word_1_252' title='bbox 450 2920 523 2982; x_wconf 91' lang='lat' dir='ltr'><strong>volo</strong></span> <span class='ocrx_word' id='word_1_253' title='bbox 546 2922 680 3002; x_wconf 90' lang='lat' dir='ltr'><strong>palmam</strong></span> <span class='ocrx_word' id='word_1_254' title='bbox 698 2919 884 3000; x_wconf 77' lang='lat' dir='ltr'><strong>concedere,</strong></span> <span class='ocrx_word' id='word_1_255' title='bbox 908 2922 964 2982; x_wconf 90' lang='lat' dir='ltr'><strong>sed</strong></span> <span class='ocrx_word' id='word_1_256' title='bbox 987 2922 1055 2997; x_wconf 89' lang='lat' dir='ltr'><strong>scio,</strong></span> 
     </span>
     <span class='ocr_line' id='line_1_33' title="bbox 138 2999 1056 3084; baseline 0.003 -25"><span class='ocrx_word' id='word_1_257' title='bbox 138 2999 220 3080; x_wconf 90' lang='lat' dir='ltr'><strong>qnod</strong></span> <span class='ocrx_word' id='word_1_258' title='bbox 252 3001 352 3062; x_wconf 88' lang='lat' dir='ltr'><strong>nullus</strong></span> <span class='ocrx_word' id='word_1_259' title='bbox 380 3004 555 3084; x_wconf 79' lang='lat' dir='ltr'><strong>reperietur.</strong></span> <span class='ocrx_word' id='word_1_260' title='bbox 614 3003 647 3067; x_wconf 83' lang='lat' dir='ltr'><strong>si</strong></span> <span class='ocrx_word' id='word_1_261' title='bbox 683 3011 784 3065; x_wconf 89' lang='lat' dir='ltr'><strong>autem</strong></span> <span class='ocrx_word' id='word_1_262' title='bbox 823 3003 953 3066; x_wconf 88' lang='lat' dir='ltr'><strong>deluerit</strong></span> <span class='ocrx_word' id='word_1_263' title='bbox 986 3004 1056 3066; x_wconf 88' lang='lat' dir='ltr'><strong>haec</strong></span> 
     </span>
     <span class='ocr_line' id='line_1_34' title="bbox 138 3083 1056 3165; baseline 0.002 -21"><span class='ocrx_word' id='word_1_264' title='bbox 138 3083 262 3165; x_wconf 86' lang='lat' dir='ltr'><strong>gloria,</strong></span> <span class='ocrx_word' id='word_1_265' title='bbox 296 3093 328 3147; x_wconf 90' lang='lat' dir='ltr'><strong>ut</strong></span> <span class='ocrx_word' id='word_1_266' title='bbox 348 3087 537 3147; x_wconf 87' lang='lat' dir='ltr'><strong>conscientia</strong></span> <span class='ocrx_word' id='word_1_267' title='bbox 565 3106 627 3148; x_wconf 91' lang='lat' dir='ltr'><strong>uon</strong></span> <span class='ocrx_word' id='word_1_268' title='bbox 655 3088 768 3148; x_wconf 86' lang='lat' dir='ltr'><strong>audeat</strong></span> <span class='ocrx_word' id='word_1_269' title='bbox 788 3093 874 3149; x_wconf 88' lang='lat' dir='ltr'><strong>certo</strong></span> <span class='ocrx_word' id='word_1_270' title='bbox 909 3088 1056 3149; x_wconf 75' lang='lat' dir='ltr'><strong>scire&#39;aut</strong></span> 
     </span>
     <span class='ocr_line' id='line_1_35' title="bbox 138 3167 1054 3251; baseline 0.001 -23"><span class='ocrx_word' id='word_1_271' title='bbox 138 3167 301 3247; x_wconf 88' lang='lat' dir='ltr'><strong>confidere,</strong></span> <span class='ocrx_word' id='word_1_272' title='bbox 323 3169 385 3231; x_wconf 89' lang='lat' dir='ltr'><strong>hoc</strong></span> <span class='ocrx_word' id='word_1_273' title='bbox 405 3169 529 3250; x_wconf 88' lang='lat' dir='ltr'><strong>placere</strong></span> <span class='ocrx_word' id='word_1_274' title='bbox 551 3172 634 3251; x_wconf 89' lang='lat' dir='ltr'><strong>Deo,</strong></span> <span class='ocrx_word' id='word_1_275' title='bbox 663 3178 777 3232; x_wconf 88' lang='lat' dir='ltr'><strong>eertum</strong></span> <span class='ocrx_word' id='word_1_276' title='bbox 801 3177 868 3249; x_wconf 92' lang='lat' dir='ltr'><strong>est,</strong></span> <span class='ocrx_word' id='word_1_277' title='bbox 895 3171 979 3251; x_wconf 93' lang='lat' dir='ltr'><strong>quod</strong></span> <span class='ocrx_word' id='word_1_278' title='bbox 1002 3188 1054 3233; x_wconf 90' lang='lat' dir='ltr'><strong>non</strong></span> 
     </span>
     <span class='ocr_line' id='line_1_36' title="bbox 137 3251 1052 3336; baseline 0.002 -25"><span class='ocrx_word' id='word_1_279' title='bbox 137 3251 240 3332; x_wconf 88' lang='lat' dir='ltr'><strong>placet</strong></span> <span class='ocrx_word' id='word_1_280' title='bbox 262 3253 339 3315; x_wconf 87' lang='lat' dir='ltr'><strong>Dec.</strong></span> <span class='ocrx_word' id='word_1_281' title='bbox 373 3253 452 3329; x_wconf 77' lang='lat' dir='ltr'><strong>Quia</strong></span> <span class='ocrx_word' id='word_1_282' title='bbox 474 3255 553 3315; x_wconf 88' lang='lat' dir='ltr'><strong>sicut</strong></span> <span class='ocrx_word' id='word_1_283' title='bbox 576 3254 681 3336; x_wconf 87' lang='lat' dir='ltr'><strong>credit,</strong></span> <span class='ocrx_word' id='word_1_284' title='bbox 704 3255 748 3315; x_wconf 90' lang='lat' dir='ltr'><strong>sic</strong></span> <span class='ocrx_word' id='word_1_285' title='bbox 770 3252 871 3335; x_wconf 86' lang='lat' dir='ltr'><strong>habet,</strong></span> <span class='ocrx_word' id='word_1_286' title='bbox 894 3274 958 3317; x_wconf 91' lang='lat' dir='ltr'><strong>non</strong></span> <span class='ocrx_word' id='word_1_287' title='bbox 981 3256 1052 3316; x_wconf 86' lang='lat' dir='ltr'><strong>enim</strong></span> 
     </span>
     <span class='ocr_line' id='line_1_37' title="bbox 137 3334 1053 3418; baseline 0.001 -24"><span class='ocrx_word' id='word_1_288' title='bbox 137 3334 235 3396; x_wconf 89' lang='lat' dir='ltr'><strong>credit</strong></span> <span class='ocrx_word' id='word_1_289' title='bbox 256 3355 325 3397; x_wconf 88' lang='lat' dir='ltr'><strong>sese</strong></span> <span class='ocrx_word' id='word_1_290' title='bbox 348 3345 432 3398; x_wconf 92' lang='lat' dir='ltr'><strong>certo</strong></span> <span class='ocrx_word' id='word_1_291' title='bbox 454 3337 598 3418; x_wconf 90' lang='lat' dir='ltr'><strong>placere,</strong></span> <span class='ocrx_word' id='word_1_292' title='bbox 621 3336 703 3418; x_wconf 91' lang='lat' dir='ltr'><strong>quod</strong></span> <span class='ocrx_word' id='word_1_293' title='bbox 727 3344 830 3399; x_wconf 89' lang='lat' dir='ltr'><strong>tamen</strong></span> <span class='ocrx_word' id='word_1_294' title='bbox 854 3339 1053 3400; x_wconf 86' lang='lat' dir='ltr'><strong>necessarium</strong></span> 
     </span>
     <span class='ocr_line' id='line_1_38' title="bbox 137 3419 1052 3503; baseline 0.001 -25"><span class='ocrx_word' id='word_1_295' title='bbox 137 3424 193 3499; x_wconf 88' lang='lat' dir='ltr'><strong>est,</strong></span> <span class='ocrx_word' id='word_1_296' title='bbox 216 3438 285 3480; x_wconf 89' lang='lat' dir='ltr'><strong>cnm</strong></span> <span class='ocrx_word' id='word_1_297' title='bbox 307 3419 367 3481; x_wconf 91' lang='lat' dir='ltr'><strong>hoc</strong></span> <span class='ocrx_word' id='word_1_298' title='bbox 387 3421 486 3502; x_wconf 86' lang='lat' dir='ltr'><strong>ipsum</strong></span> <span class='ocrx_word' id='word_1_299' title='bbox 516 3423 555 3482; x_wconf 86' lang='lat' dir='ltr'><strong>ait</strong></span> <span class='ocrx_word' id='word_1_300' title='bbox 576 3421 796 3483; x_wconf 86' lang='lat' dir='ltr'><strong>incredulitatis</strong></span> <span class='ocrx_word' id='word_1_301' title='bbox 818 3422 957 3503; x_wconf 88' lang='lat' dir='ltr'><strong>crimen,</strong></span> <span class='ocrx_word' id='word_1_302' title='bbox 980 3419 1052 3482; x_wconf 88' lang='lat' dir='ltr'><strong>dubi·</strong></span> 
     </span>
    </p>
   </div>
   <div class='ocr_carea' id='block_1_5' title="bbox 136 3703 1076 3833">
    <p class='ocr_par' dir='ltr' id='par_1_6' title="bbox 136 3703 1076 3833">
     <span class='ocr_line' id='line_1_39' title="bbox 208 3703 1076 3773; baseline 0.003 -13"><span class='ocrx_word' id='word_1_303' title='bbox 208 3706 240 3772; x_wconf 88' lang='grc'><strong>1)</strong></span> <span class='ocrx_word' id='word_1_304' title='bbox 265 3704 294 3759; x_wconf 93' lang='lat' dir='ltr'><strong>ln</strong></span> <span class='ocrx_word' id='word_1_305' title='bbox 320 3703 365 3761; x_wconf 83' lang='lat' dir='ltr'><strong>ed.</strong></span> <span class='ocrx_word' id='word_1_306' title='bbox 389 3706 474 3765; x_wconf 80' lang='lat'>1526:</span> <span class='ocrx_word' id='word_1_307' title='bbox 503 3710 639 3773; x_wconf 63' lang='lat' dir='ltr'><strong>numerem</strong></span> <span class='ocrx_word' id='word_1_308' title='bbox 673 3704 701 3760; x_wconf 90' lang='lat' dir='ltr'><strong>iu</strong></span> <span class='ocrx_word' id='word_1_309' title='bbox 724 3705 767 3762; x_wconf 88' lang='lat' dir='ltr'><strong>cd.</strong></span> <span class='ocrx_word' id='word_1_310' title='bbox 788 3705 858 3765; x_wconf 80' lang='lat'><strong>1525</strong></span> <span class='ocrx_word' id='word_1_311' title='bbox 877 3711 906 3764; x_wconf 85' lang='lat' dir='ltr'><strong>et</strong></span> <span class='ocrx_word' id='word_1_312' title='bbox 924 3707 1076 3765; x_wconf 76' lang='lat' dir='ltr'><strong>ad.1u.==</strong></span> 
     </span>
     <span class='ocr_line' id='line_1_40' title="bbox 136 3782 301 3833; baseline 0.018 -3"><span class='ocrx_word' id='word_1_313' title='bbox 136 3782 301 3833; x_wconf 86' lang='lat' dir='ltr'><strong>numeraret.</strong></span> 
     </span>
    </p>
   </div>
   <div class='ocr_carea' id='block_1_6' title="bbox 0 0 1183 4162">
    <p class='ocr_par' dir='ltr' id='par_1_7' title="bbox 0 0 1183 4162">
     <span class='ocr_line' id='line_1_41' title="bbox 0 0 1183 4162; baseline 0 0"><span class='ocrx_word' id='word_1_314' title='bbox 0 0 1183 4162; x_wconf 95' lang='lat' dir='ltr'><strong> </strong></span> 
     </span>
    </p>
   </div>
  </div>
 </body>
</html>
