2348 4162
111 169 174 237 132
251 152 255 159 ¹
356 171 499 229 Deserto
519 169 741 228 arbitrium.
762 172 792 227 L.

110 346 258 423 nostrum,
279 343 359 403 inter
382 342 531 422 cpusDei
554 348 585 402 et
607 348 757 423 nostrum,
779 342 804 401 si
817 341 961 403 volumus
983 342 1036 423 pie

110 443 225 485 vivere.

192 504 238 566 lta
260 507 359 587 vides,
393 506 454 568 hcc
476 506 637 589 problema
658 524 727 568 esse
748 515 865 588 partem
902 506 1036 569 alteram

110 590 202 650 totius
225 609 363 651 summac
387 587 628 652 Christianarum
651 610 761 668 rerum,
782 591 814 651 in
836 609 897 670 quo
919 588 1039 671 pendet

110 677 142 732 et
163 673 352 752 periclitatur
364 674 499 753 cognitio
522 675 568 733 sui
595 675 702 754 ipsius,
721 674 857 754 cognitio
881 678 912 734 st
933 673 1036 754 glorio

112 754 178 836 Dei,
201 774 295 835 quare
318 775 378 817 non
403 766 449 816 est
470 756 628 817 ferendum
651 758 680 816 in
704 763 745 837 te,
769 757 809 817 mi
831 756 963 817 Erasme
1003 762 1037 817 ut

110 839 170 898 boc
191 857 284 900 nosse
295 838 511 918 irreligiosum,
535 840 687 900 curiosum
711 847 742 901 et
755 858 867 900 vanum
882 804 1032 919 appelles.

110 918 205 982 Multa
241 923 294 982 tibi
318 920 485 998 debemus,
515 922 569 983 sed
603 923 708 1002 pietati
741 923 846 982 omnia
875 920 1035 983 debemus.

111 1002 190 1079 Quin
213 1012 244 1065 tu
266 1005 334 1085 ipse
355 1012 452 1071 toturn
476 1004 592 1067 bonum
614 1011 751 1065 nostrum
774 1005 839 1065 Dec
862 1003 1037 1065 adscriben-

111 1084 182 1146 dum
206 1106 275 1148 esse
297 1090 402 1167 sentis,
425 1087 517 1168 idque
544 1088 655 1148 asseris
690 1089 720 1147 in
754 1087 854 1148 forma
885 1088 929 1147 tui
951 1086 1035 1157 curt-

110 1170 268 1231 stianismi.
310 1170 379 1232 Hoc
415 1179 518 1232 autem
550 1177 668 1231 asserto
692 1178 775 1232 certe
799 1169 889 1230 simul
912 1170 1037 1248 asseris,

110 1250 168 1312 Dei
191 1253 430 1314 misericordiam
453 1254 551 1314 solam
576 1254 680 1315 omnia
704 1272 813 1333 agere,
844 1261 875 1313 et
894 1253 1034 1314 volunte-

110 1342 171 1394 tem
194 1339 330 1397 nostram
354 1337 428 1397 nihil
450 1334 553 1417 agere,
576 1335 629 1397 sed
653 1338 756 1417 polius
778 1335 893 1417 pati¹)‚
917 1334 1035 1419 alioqui

111 1436 173 1478 non
196 1421 293 1479 toturn
316 1419 382 1480 Dec
405 1418 562 1482 tribuetur.
613 1419 654 1479 At
675 1420 769 1499 paulo
791 1425 864 1499 post
885 1437 983 1499 negas
1005 1416 1035 1478 id

111 1519 248 1562 asserere
278 1501 326 1563 vel
360 1521 453 1563 nosse
475 1521 544 1563 esse
566 1502 764 1582 religiosum,
794 1503 877 1582 pium
900 1509 933 1562 et
953 1501 1036 1562 salu·

110 1591 185 1662 tara,
207 1584 260 1645 sed
284 1586 329 1645 sic
351 1585 434 1666 loqui
459 1586 579 1666 cogitur
600 1604 687 1646 ruens
715 1584 854 1665 sibiipsi
876 1603 939 1646 non
963 1602 1035 1646 con·

111 1675 206 1744 stans,
228 1669 258 1728 in
280 1669 371 1729 rebus
393 1670 516 1749 pietatis
538 1670 656 1729 incerta
677 1674 710 1728 ct
730 1668 881 1749 imperita.

194 1750 299 1810 Altera
321 1771 392 1831 pars
415 1770 553 1811 summae
575 1750 766 1813 Christianae
788 1759 835 1811 est
855 1768 966 1831 nosse,
995 1769 1035 1811 an

112 1833 193 1892 Deus
216 1834 432 1912 contingenter
462 1833 575 1913 aliquid
599 1836 770 1915 praesciat,
805 1840 836 1894 et
865 1853 906 1895 an
931 1834 1037 1909 omnia

111 1914 258 1979 iaciamus
281 1916 518 1990 necessitatclt.
554 1917 595 1977 Et
614 1918 695 1978 hanc
717 1917 1036 1997 etiamirreligiosam‚

111 1999 263 2059 curiosam
286 2005 317 2059 et
350 2019 460 2060 vanam
483 2000 573 2078 facis,
596 2001 675 2061 sicut
695 2007 726 2061 et
748 2018 856 2061 omnes
885 1999 972 2079 impii
983 1998 1037 2085 ,ic-

112 2082 204 2161 ciunt,
227 2083 298 2161 quin
312 2081 489 2144 -daemcnes
521 2090 553 2144 et
575 2083 710 2143 damnati
742 2101 872 2144 exosam
893 2088 926 2143 et
947 2100 1036 2143 exse-

112 2163 257 2224 crabilem
279 2165 404 2227 faciunt.
447 2167 555 2245 Neque
577 2165 687 2226 stultus
711 2185 764 2243 es,
799 2166 919 2226 si'istis
941 2182 1036 2245 quae·

112 2248 261 2308 stionibus
285 2255 314 2308 te
336 2251 468 2327 eximis,
496 2248 588 2310 modo
617 2248 648 2309 id
670 2247 736 2309 lieri
757 2249 857 2311 liceat.
901 2246 962 2309 Sed
991 2248 1037 2307 in·

111 2331 198 2390 terim
221 2351 326 2411 parurn
350 2330 450 2393 bonus
471 2331 577 2393 rhet-or
599 2341 630 2392 et
652 2331 817 2413 theologus
839 2350 898 2411 eo,
920 2332 973 2410 qni
995 2330 1035 2391 de

110 2411 207 2474 libero
229 2416 354 2475 arbitrio
388 2416 455 2475 aine
482 2416 548 2475 istis
576 2415 711 2495 partibus
735 2415 837 2476 dicere
868 2419 900 2475 ct
921 2414 1030 2474 docere

110 2499 289 2577 praesumis.
333 2499 454 2578 Fungar
485 2499 562 2559 colis
590 2499 656 2558 vice
688 2505 719 2559 et
738 2499 806 2578 ipse
838 2515 901 2557 non
929 2496 1024 2557 rhetc'

111 2582 268 2661 egregium
290 2581 441 2642 rhetorem
465 2579 558 2641 cilicii
580 2583 626 2641 sui
651 2581 795 2642 monebo.
839 2577 872 2643 Si
894 2578 933 2639 de
955 2579 1017 2641 Oro

110 2665 189 2723 toria
211 2662 377 2744 scripturus
401 2665 446 2724 sic
468 2664 583 2724 diceret
605 2662 827 2740 Quintilianus:
860 2663 931 2723 Meo
958 2661 1011 2722 ind

110 2746 158 2805 cic
179 2746 234 2807 illa
256 2748 349 2807 stulta
374 2754 404 2806 et
427 2765 659 2828 supervacanea
680 2747 718 2807 de
740 2747 941 2826 inventione,
970 2744 1002 2805 di

109 2829 273 2907 positione,
297 2829 482 2908 elocutione,
503 2831 662 2909 memoria,
674 2830 932 2910 pronunciatione
945 2847 996 2889 om

110 2911 203 2971 tenda
225 2918 305 2992 sunt,
328 2914 402 2973 satis
425 2914 464 2974 sit
485 2931 588 2991 nosse,
612 2914 776 2974 oratoriam
800 2930 870 2973 esse
888 2910 968 2974 benc

110 2993 199 3054 cendi
211 2992 242 3077 ³)
275 2997 440 3074 peritiam,
468 3015 572 3056 nonne
600 2996 715 3057 rideres
747 2993 919 3056 artificem?
962 2993 987 3055 u

109 3075 197 3137 aliter
217 3088 250 3138 tu
271 3096 394 3158 qnoque
414 3077 501 3157 facis,
524 3080 691 3158 scripturus
716 3079 756 3139 de
777 3076 873 3138 libero
895 3077 979 3138 arbit·

108 3159 208 3241 abigis
231 3168 263 3222 et
298 3162 405 3223 abiicis
434 3163 564 3242 primum
600 3169 698 3221 tntum
720 3180 832 3241 corpus
869 3169 901 3221 et
922 3178 972 3221 cm

108 3252 211 3323 partes
249 3243 368 3306 artificii
401 3246 477 3325 eiu's,
507 3245 545 3305 de
574 3262 636 3324 quc
666 3246 833 3324 scripturus
856 3262 900 3306 es.
950 3240 966 3304 l

108 3327 173 3387 fleri
196 3346 258 3389 non
276 3336 389 3408 potest,
413 3336 445 3389 ut
458 3330 548 3406 scies,
571 3327 643 3409 quid
659 3329 699 3388 sit
714 3326 841 3388 liberum
863 3326 959 3387 arbitr

108 3522 479 3533 --..—.-—--—.-—..0——-—-··--
487 3524 526 3531 ...ι-

143 3614 173 3677 1)
193 3612 223 3665 In
245 3611 289 3667 ed.
309 3613 383 3667 len:
402 3613 458 3683 agi.
495 3615 528 3676 2)
551 3611 638 3670 lbid.:·
654 3612 790 3668 faciamus
808 3611 908 3667 coacti.

107 3684 151 3739 ed.
170 3685 239 3740 1525
258 3686 390 3742 et1526:
409 3683 605 3739 benedicendi.
