2348 4162
198 246 260 312 188
435 246 480 302 De
500 261 581 302 nervo
601 244 715 301 arbitrio
733 246 768 302 D.
787 245 822 302 Μ.
843 246 873 303 L.

280 416 382 492 Quare
421 415 503 476 bano
541 415 829 496 disputatiunculam
869 416 915 477 sio
948 415 1123 479 oonolndo:

198 500 255 560 Per
277 499 475 580 dempturum,
497 506 530 561 ut
553 498 733 578 obscuram,
759 500 907 561 baotenus
935 499 1008 560 nibil
1044 499 1120 561 oerti

199 581 357 643 delinitum
380 588 437 660 eat,
458 601 517 643 neo
539 581 656 644 deliniri
678 588 781 663 potest
802 582 840 644 de
863 583 957 644 libero
981 582 1120 659 arbitrio,

198 672 229 727 te
250 667 319 746 ipso
342 671 435 744 teate3
457 667 624 746 pervitam
642 686 716 727 vero
740 668 875 727 omnium
898 665 1058 727 hominurn
1081 664 1120 726 ab

198 749 284 810 initio
307 749 410 809 mundi
432 749 506 811 nihil
536 755 582 808 est
605 757 759 810 ostensum
783 768 839 830 pro
861 749 958 810 libero
982 749 1134 827 arbitrio,'

198 839 231 893 ut
252 833 391 912 superius
413 831 594 894 estdiotum.
630 830 753 894 Dooere
774 834 867 914 igitur
888 831 1014 913 aliquid,
1037 830 1120 913 quod

198 917 278 976 intra
299 915 469 994 Soriptnras
492 934 553 974 non
577 922 623 975 est
640 917 704 977 ullo
719 915 814 977 verbo
837 917 1071 996 praescriptum,
1091 919 1121 976 et

198 1004 286 1060 extra
308 998 555 1078 Scripturasnon
579 1004 626 1059 est
649 1000 807 1061 ullotaoto
831 1006 1045 1079 monstratum,
1061 998 1120 1059 hoa

198 1101 259 1143 non
289 1083 419 1162 pertinet
448 1081 486 1142 ad
517 1081 661 1163 dogmate
698 1082 959 1162 Christianorum,
997 1082 1053 1142 sed
1082 1079 1119 1143 sd

198 1166 388 1226 narrationes
408 1184 498 1225 verae
519 1164 661 1240 Luciam,
690 1167 747 1226 aiei
769 1165 851 1245 quod
874 1166 1027 1226 Lnoianus
1049 1167 1120 1226 iooo

199 1251 231 1309 et
260 1247 426 1327 prudenter
451 1247 542 1308 rebus
573 1247 699 1313 ludicris
727 1248 835 1309 ludens
868 1248 1022 1310 neminem
1044 1248 1121 1309 fallit

197 1348 297 1410 neque
324 1331 426 1411 laedit,
447 1332 496 1392 isti
519 1349 593 1392 vero
615 1333 710 1393 nostri
733 1351 766 1393 re
788 1330 889 1407 aeria,
917 1338 952 1393 et
979 1350 1061 1412 quae
1082 1330 1120 1393 ad

199 1419 353 1475 aeternam
377 1414 506 1475 salutem
529 1416 676 1494 pertinet,
697 1416 853 1477 insaniunt
885 1416 916 1475 in
945 1413 1122 1496 perditione

197 1497 461 1558 innumerabilium
485 1499 663 1559 animarum.

282 1580 333 1642 Sin
355 1588 385 1641 et
413 1600 472 1659 ego
495 1580 678 1642 absolverim
697 1585 793 1643 totam
810 1581 891 1642 bano
907 1582 1121 1661 quaestionem

201 1662 239 1726 de
259 1664 356 1725 libero
379 1663 520 1744 arbitrio,
544 1665 634 1724 etiam
666 1665 843 1726 testimonio
875 1663 1121 1725 adversariorum

200 1767 319 1809 meeum
340 1747 472 1808 faciente
494 1754 523 1806 et
544 1747 603 1807 illis
624 1748 700 1827 ipsis
722 1752 898 1828 pugnante,
922 1766 990 1808 oum
1013 1747 1122 1809 fortior

198 1831 340 1911 probatio
363 1830 447 1890 nulla
469 1831 516 1906 sit,
540 1849 631 1909 quiam
652 1831 774 1910 ipsine,
807 1831 857 1910 qni
879 1849 948 1892 rens
970 1837 1028 1910 eat,
1051 1848 1121 1910 pro-

200 1916 267 1993 pria
300 1913 454 1973 confessio
488 1918 519 1972 et
550 1914 757 1974 testimonium
790 1920 899 1974 oontra
935 1932 969 1974 ae
1007 1914 1120 1994 ipsum.

200 1998 323 2073 Verum,
337 1995 525 2074 quiaPaulus
534 1997 873 2076 praeeipitvaniloquoe
886 1990 1123 2076 ἔτηστομίζειν,

201 2098 324 2140 oausam
348 2081 444 2159 ipsam
468 2078 692 2158 aggrediemur,
715 2085 745 2139 et
767 2079 894 2156 ordine,
923 2097 985 2158 quo
1006 2077 1123 2141 inoedit

201 2161 348 2240 diatribe‚
372 2181 435 2222 rem
459 2169 633 2238 tractemus,
657 2169 690 2222 ut
710 2162 840 2243 primum
864 2162 1057 2225 confutemus
1078 2182 1123 2225 ar·

201 2251 347 2325 gumenta
369 2263 424 2325 pro
449 2245 546 2305 libero
569 2245 693 2306 arbitrio
715 2245 859 2325 addnota,
885 2245 996 2306 deinde
1018 2246 1123 2307 eontu-

200 2333 265 2390 tata
287 2335 393 2389 nostra
415 2328 624 2403 defendamus¹
647 2327 770 2388 tandem
795 2336 902 2389 eontra
923 2328 1052 2390 liberum
1075 2348 1122 2389 ar·

200 2411 322 2473 bitrium
345 2430 401 2491 pro
425 2413 523 2491 gratia
547 2411 602 2470 Dei
628 2430 810 2491 pugnemus.

286 2496 332 2554 Ao
353 2495 482 2575 primum
511 2492 637 2574 abipsa
661 2492 840 2555 delinitione
871 2500 954 2554 reete
976 2494 1125 2556 faciemus

200 2579 333 2656 initium,
355 2596 416 2656 qua
438 2578 483 2636 sio
504 2575 612 2636 delinis
634 2577 762 2638 liberum
786 2576 945 2638 arbirium:

284 2659 416 2736 Porr02)
452 2659 577 2720 liberum
606 2659 760 2720 arbitrium
794 2660 854 2721 hoo
874 2660 944 2720 loeo
978 2660 1126 2721 sentimus

201 2743 262 2803 vim
285 2743 436 2804 humanae
457 2742 633 2816 voluntatis,
656 2761 715 2822 qua
738 2762 772 2803 se
794 2745 893 2823 possit
913 2743 1008 2805 homo
1031 2742 1126 2823 appli-

202 2845 273 2888 oare
294 2825 332 2885 ad
361 2845 408 2903 ea,
441 2845 521 2905 quae
541 2825 714 2906 perduount
744 2825 781 2886 ad
805 2833 961 2887 aeternam
985 2826 1126 2903 salutem,

203 2914 255 2970 aut
277 2908 315 2969 ab
338 2908 445 2968 iisdem
470 2917 617 2970 avertere.

287 2991 453 3051 Prudenter
475 3011 551 3052 sane
572 2991 710 3052 definitio
733 3010 751 3051 a
774 2997 805 3051 te
818 2991 899 3052 nuda
911 2993 1047 3072 ponitur,
1068 3010 1129 3052 neo

202 3072 265 3135 ulla
287 3076 353 3135 eius
376 3074 525 3154 partioula
549 3073 600 3158 (ut
621 3094 688 3136 moa
711 3073 918 3157 estaliorum)
944 3074 1129 3154 deolaratur,

204 3156 286 3238 quod
309 3158 499 3238 naufragium
531 3177 591 3219 non
615 3178 706 3218 unum
729 3159 808 3219 forte
830 3159 943 3219 veritus
966 3159 1017 3223 sis.
1071 3159 1129 3221 Co·

204 3260 262 3322 gor
282 3242 385 3321 itaque
408 3260 467 3321 ego
490 3242 625 3321 singulas
649 3241 811 3304 discutere.
845 3242 947 3322 Ipsum
971 3247 1054 3302 oerte
1076 3242 1129 3302 de·

204 3324 335 3401 finitum,
359 3326 383 3384 si
406 3323 504 3404 rigide
526 3325 728 3398 examinetur,
751 3324 840 3385 latius
854 3331 939 3405 patet
962 3342 1054 3403 quam
1080 3325 1129 3386 de-

202 3406 320 3484 finitio,
351 3407 471 3487 qualem
495 3407 703 3468 definitionem
725 3406 892 3488 Sophistse
920 3408 1065 3469 vitiosam
1087 3408 1129 3469 di·

205 3497 318 3571 nerent,
341 3492 462 3569 quoties
485 3490 629 3551 videlieet
650 3490 788 3552 definitio
811 3510 873 3553 non
895 3490 1001 3570 explet
1025 3490 1129 3553 deflui·

274 3761 309 3824 2)
327 3759 358 3814 In
377 3759 418 3815 ed.
440 3760 495 3816 len.
516 3758 563 3816 hio
580 3759 699 3831 margini
719 3759 880 3830 inscriptum
899 3762 956 3819 eat:
986 3726 1132 3825 Bruuius.
