2348 4162
342 220 380 277 ad
397 221 433 278 D
451 221 594 291 Krasmurn
613 178 837 279 Roterodamumi
985 222 1049 288 289

121 409 214 472 quarn
239 408 303 452 non
325 389 486 472 significat,
510 389 681 473 Scripturas
703 394 796 474 prot
782 391 892 455 tabulis
915 391 1050 454 sessba·

121 473 204 537 bere.
250 473 330 550 Quid
343 474 549 555 Hieronymus
573 476 623 537 hic
635 491 774 556 nugetur,
797 476 872 537 nihil
885 495 1049 554 moramur,

124 565 242 619 certum
266 564 327 637 est,
351 558 444 637 quod
447 558 531 618 nihil
553 558 679 639 probat,
702 579 802 639 nequs
824 558 864 620 de
885 579 976 619 sensu
997 557 1049 618 Hi-

123 640 275 722 eronymi,
297 641 352 701 sed
376 641 415 702 de
437 660 527 702 sensu
550 641 725 740 scripturae
748 642 948 723 disputamus
982 641 1048 702 Fin-

124 732 176 805 get
208 743 371 805 perversor
399 722 592 805 Scripturas,
626 727 763 806 spiritum
788 727 845 787 Dei
877 722 1050 805 significare

123 806 380 905 indignationem.
422 807 487 868 Nos
509 807 655 886 dicimus,
695 809 808 889 duplici
830 808 915 869 illum
937 807 1048 888 proba·

123 891 208 952 tione
221 888 364 968 delicere,
387 893 494 971 prima,
517 890 599 970 quod
612 910 673 951 non
686 893 784 972 possit
806 891 941 972 proferre
955 909 1046 951 unum

124 973 225 1035 locum
248 971 470 1070 Scripturee,'
462 994 492 1033 m
516 993 576 1053 quo
607 975 729 1055 spiritus
753 975 810 1035 Dei
832 993 887 1056 pro
909 973 1046 1053 indigna·

124 1058 209 1118 tione
231 1057 415 1136 accipiatur,
451 1076 520 1117 cum
543 1065 651 1118 contra
673 1057 797 1155 Spiritui
821 1057 994 1137 benignitas
1018 1064 1049 1116 et

123 1141 258 1201 suavitas
279 1139 393 1219 ubique
414 1140 578 1216 tribuatur,
601 1139 727 1222 deinde,
763 1144 788 1202 si
810 1161 870 1221 qua
894 1140 1047 1221 probaret,

123 1222 234 1283 alicubi
268 1241 325 1303 pro
351 1222 563 1302 indignatione
584 1225 697 1303 accipi,
728 1244 789 1285 non
822 1231 923 1285 tamen
956 1228 1050 1301 queat

123 1307 224 1367 statim
247 1304 379 1385 probare
419 1306 506 1385 sequi
539 1309 732 1386 necessario,
767 1314 798 1368 et
828 1307 888 1367 boc
911 1305 980 1366 loco
1002 1307 1048 1366 sie

124 1386 340 1468 accipiendum
363 1407 441 1452 esee.
485 1388 537 1450 Sic
559 1388 673 1469 fingat,
697 1408 820 1450 carnem
846 1406 901 1469 pro
923 1387 1047 1450 infirmi·

123 1477 185 1533 tate
207 1472 326 1551 accipi,
355 1477 460 1532 tamen
482 1491 581 1551 aeque
603 1471 676 1532 nihil
700 1472 819 1552 probet.
862 1471 939 1532 Nam
964 1471 1047 1550 quod

124 1552 299 1617 Corinthios
321 1553 483 1633 Paulus*)
524 1554 662 1614 carnales
695 1555 846 1635 appellat,
878 1572 941 1613 non
965 1560 1048 1615 certe

122 1635 341 1716 infirmitatem,
364 1637 418 1697 sed
441 1639 545 1698 vitium
569 1635 739 1716 significet,
772 1657 841 1701 cum
863 1643 973 1716 arguat
993 1654 1048 1697 ecs

122 1721 214 1781 sectis
237 1728 269 1780 st
290 1721 426 1800 partibus
450 1719 607 1798 laborare,
631 1720 713 1799 quod
735 1740 796 1782 nou
821 1727 868 1780 est
889 1717 1048 1780 infirmitas

87 1801 92 1809 ’
123 1810 175 1865 aut
194 1804 385 1880 incapacitas
408 1803 561 1865 solidioris
585 1803 757 1883 doctrinae,
794 1804 848 1863 ssd
879 1802 994 1862 malitia
1016 1808 1048 1881 pt

122 1887 304 1947 termentum
326 1893 431 1966 vetus,
454 1885 537 1965 quod
562 1905 734 1967 expurgare
755 1885 849 1948 iubet.
892 1885 1045 1946 Ebrasum

122 1968 295 2031 videamus.

203 2050 276 2112 Non
296 2050 443 2112 iudicabit
471 2054 593 2133 spiritus
626 2071 712 2112 meus
741 2054 771 2112 in
794 2051 918 2113 homins
941 2057 1049 2131 perpsi

121 2142 185 2210 tuo,
208 2135 281 2214 quia
303 2154 375 2195 earo
399 2141 463 2214 est,
485 2137 529 2195 sio
550 2137 630 2195 enirn
643 2135 737 2196 habet
759 2133 933 2196 adverbum
950 2135 1046 2197 Mose.

122 2215 226 2297 Atque
248 2218 274 2277 si
302 2224 405 2278 nostra
430 2215 551 2278 somnia
574 2220 770 2298 mitteremus,
792 2219 866 2280 satis
889 2225 1047 2298 apertast

122 2301 208 2362 clara
231 2298 337 2382 (puto)
371 2308 452 2361 stant
485 2300 527 2361 ibi
563 2301 666 2366 verba.
711 2302 786 2362 Esse
821 2308 922 2361 autem
952 2299 1046 2360 verba

121 2384 191 2445 irati
215 2383 282 2459 Dei,
304 2384 378 2444 satis
402 2382 567 2446 ostendunt
587 2383 803 2463 praecedentia
825 2392 856 2443 st
888 2384 1047 2461 sequentia

123 2485 193 2527 cum
217 2464 327 2527 effectu
350 2465 464 2528 diluvii.
507 2466 610 2527 Causa
631 2468 711 2527 enim
735 2465 855 2526 dicendi
877 2466 942 2541 fuit,
964 2464 1047 2544 quod

123 2548 178 2611 lilii
199 2547 357 2610 hominum
381 2549 528 2610 ducerent
550 2568 662 2610 uxores
686 2568 769 2609 mera
793 2550 892 2609 earnis
910 2547 1046 2626 libidine,

124 2631 238 2695 deinde
259 2632 419 2714 tyrannide
441 2640 550 2693 terram
574 2639 762 2712 premerent,
784 2634 827 2692 ila
849 2638 881 2692 ut
903 2630 1046 2691 diluvium

123 2714 299 2777 accelerare
323 2722 471 2796 cogerent
490 2717 599 2776 iratum
622 2716 740 2794 Deum,
772 2721 803 2775 et
837 2717 887 2775 vix
925 2721 1047 2795 centum

123 2799 233 2878 viginti
255 2817 353 2861 annos
376 2797 512 2874 differre,
540 2798 621 2878 quod
644 2797 719 2858 alias
742 2816 897 2877 nunquam
920 2802 986 2857 erat
1005 2798 1048 2856 in·

123 2880 280 2944 docturus.
322 2881 405 2961 Lege
417 2882 525 2942 Mosen
549 2892 578 2942 st
601 2881 741 2961 observa,
764 2881 942 2960 videbisque
965 2879 1048 2941 clare

123 2963 154 3035 id
177 2983 247 3025 eum
270 2965 358 3029 velle.
403 2962 484 3039 Quid
506 2965 614 3024 mirum
645 2984 733 3041 vero,
766 2966 791 3023 si
814 2964 965 3026 obscurae
988 2963 1049 3024 sint

124 3046 311 3127 Scripturas,
333 3054 386 3108 aut
408 3067 462 3127 per
483 3049 566 3128 ipsas
581 3046 611 3129 ¹)
636 3067 698 3108 non
723 3047 815 3107 modo
834 3048 971 3143 liberum,
993 3046 1046 3105 ssd

123 3132 217 3192 stiam
241 3130 375 3191 divinum
397 3131 554 3193 arbitrium
578 3138 703 3210 statuas,
726 3133 750 3189 si
773 3132 817 3190 sic
841 3131 940 3191 licet
932 3149 962 3188 m
985 3129 1047 3189 illis

125 3213 242 3291 ludere,
263 3233 301 3274 ac
323 3215 347 3274 si
372 3213 479 3293 Virgili
503 3223 652 3275 centonas
676 3215 704 3272 in
728 3212 787 3272 illis
810 3213 961 3295 quaeras?
947 3211 1049 3273 tSci-
1127 3282 1130 3287 Ι

123 3296 198 3360 lieet
237 3298 298 3359 hoe
329 3303 376 3358 est
409 3295 509 3357 nodos
544 3297 700 3376 explicare
732 3304 763 3355 et
794 3286 1048 3375 interpretatione

124 3381 324 3460 quaestiones
357 3378 510 3441 dirimere
554 3380 665 3441 Verum
689 3379 894 3459 Hieronymus
924 3385 955 3438 st
976 3396 1048 3437 suus

128 3719 135 3734 .
197 3649 229 3718 ¹¹⁸)
252 3651 277 3707 1.
301 3647 364 3704 (ior.
384 3651 409 3705 3.
456 3648 487 3717 1)
507 3647 538 3702 In
567 3646 611 3703 ed.
632 3649 713 3705 1525:
737 3645 826 3715 ipsas;
853 3645 881 3699 in
900 3643 944 3700 ed.
966 3645 1049 3702 1526:

126 3735 243 3862 Ἦιιοιι
259 3831 311 3872 opp.
325 3823 351 3864 v.
368 3823 395 3863 n.
409 3822 439 3863 sc
466 3821 509 3868 rar.
527 3821 579 3862 na.
592 3822 606 3861 r,
622 3832 642 3871 p.
661 3821 710 3861 vor.
727 3821 768 3862 ru
876 3792 915 3853 19
