2348 4162
139 262 203 329 316
382 262 427 317 De
441 278 524 317 nerto
541 262 658 316 arbitrio
675 263 710 317 D.
728 262 763 317 Ι.
781 263 814 318 ῐ.

138 436 242 515 iugum
266 435 349 511 maii,
373 438 472 495 nisum
495 435 631 496 odbono
648 448 680 495 et
701 435 819 513 reliquo
839 454 858 495 e
880 432 972 494 coeio
994 450 1059 493 enne

140 538 198 579 nos
220 517 321 582 docet.
344 520 433 598 quoni
454 519 532 578 haec
553 520 633 579 uiiun
653 521 776 598 ignoret
788 530 841 578 out
862 516 978 597 neget?
997 516 1059 576 Nor

140 602 179 661 de
201 604 300 681 gretie
333 616 381 679 et,
414 614 446 660 ιιι
466 604 535 682 ipen
556 602 650 681 dixit,
680 602 721 662 de
741 602 864 662 Chrinto
902 612 934 659 et
966 601 1059 659 iruoto

139 686 322 765 evangelico
345 685 515 764 loquimur,
546 687 615 764 ipro
647 703 721 745 vero
749 686 790 745 de
811 694 923 745 noturn
942 683 1060 743 interim

139 768 275 828 iubuiuta
297 782 418 848 tempor
432 768 552 828 redimit
565 768 596 833 ¹)
622 778 654 829 et
675 788 800 829 οιιιιιιιιιι
811 766 914 845 trehit,
935 765 1061 845 rudique

140 852 245 912 lectori
268 852 379 912 nubem
402 850 542 912 offundit.
584 851 645 913 Sed
666 853 788 912 interim
801 870 865 912 non
885 849 989 909 ooium
1002 868 1061 909 non

139 935 256 1015 profert
276 934 370 995 ulium
393 934 578 1014 exemplum,
599 935 652 995 ubi
673 935 748 995 nihii
759 953 817 1015 pro
838 932 965 994 modioo
987 933 1060 994 oeci·

141 1020 249 1096 pietur.
270 1019 349 1078 sicut
369 1020 510 1083 instituit.
530 1038 636 1079 rerum
649 1020 742 1079 etiem
758 1028 867 1098 aperte
875 1016 982 1096 prodit
995 1034 1061 1077 oreo

139 1102 213 1160 nihil
237 1101 409 1182 intelligere
440 1118 494 1163 ont
528 1121 650 1175 curere..
684 1102 759 1183 quid
788 1102 828 1162 eit
850 1100 993 1163 Christus
1014 1106 1061 1160 out

139 1186 255 1263 gratio.
290 1196 343 1244 out
364 1185 522 1264 quomodo
544 1184 627 1247 uliud
648 1186 688 1244 nit
709 1186 810 1266 grafio
830 1202 924 1263 quam
946 1192 1060 1261 nature,

139 1266 223 1345 quod
247 1280 349 1327 temen
371 1270 465 1331 etium
488 1268 640 1328 rudiooimi
663 1267 829 1348 sophistae
859 1276 1014 1329 noverunt
1034 1272 1062 1326 rt

140 1371 197 1409 usu
221 1350 431 1430 vulgatissimo
460 1353 521 1413 hoe
542 1352 705 1412 discrimen
734 1354 765 1411 in
788 1354 852 1412 ruio
872 1351 990 1413 schotti
1011 1349 1062 1410 do·

141 1435 302 1511 triverunt,
332 1434 484 1514 simulque
506 1435 580 1495 nihii
601 1434 701 1509 ridet,
737 1435 821 1513 quod
842 1455 899 1496 ono
922 1432 1060 1515 exemplo

140 1518 244 1578 omnin
265 1536 322 1596 pro
344 1518 434 1578 nobie
466 1526 574 1580 contro
601 1519 699 1596 ipram
727 1518 850 1581 iooiont.
894 1519 964 1579 floo
985 1517 1060 1577 enim

140 1601 213 1660 ioeit
235 1599 362 1661 verbum
383 1602 552 1682 Baptistae,
573 1600 656 1680 quod
678 1601 774 1663 homo
796 1600 871 1662 nihil
892 1608 999 1681 potent
1017 1616 1061 1660 ιιι-

141 1703 263 1827 {titi
277 1684 790 1830 'ittittc¹¹¹ttf¹¹3iit⁰titt
811 1684 1060 1845 iiiiii&

56 1850 65 1867 ’
142 1852 170 1908 ei
195 1869 248 1928 per
269 1850 419 1911 diutriben
442 1870 528 1911 ormo
548 1852 761 1931 porriguntur,
792 1870 855 1930 quo
886 1852 957 1931 ipoo
985 1846 1060 1911 nodo

142 1948 172 1992 et
193 1931 325 1993 imbellis
357 1933 528 1995 conficitur.
570 1933 623 1994 Sio
644 1953 706 1994 uno
736 1933 864 1995 verbulo
890 1932 958 1995 Seri
982 1942 1061 1992 torto

142 2015 317 2091 solvuntur,
353 2016 463 2095 quihus
498 2024 586 2097 urget
607 2016 757 2077 Lntherun
778 2018 927 2097 pervim
947 1954 1001 2076 iiie
1019 2032 1060 2075 ιι·

144 2111 252 2158 sertor.

227 2181 300 2242 Post
321 2183 399 2242 hoeo
420 2182 531 2243 multuo
553 2189 712 2242 enumerut
733 2181 967 2257 similitudines,
1003 2179 1058 2259 qoi-

144 2264 200 2322 bus
223 2265 295 2324 nihii
318 2266 409 2342 fucit,
442 2266 501 2325 nisi
524 2273 555 2325 ut
583 2285 670 2325 more
699 2284 757 2325 suo
784 2263 823 2324 od
845 2265 950 2325 olieno
969 2264 1059 2343 ropitt

143 2348 266 2407 stultum
290 2350 446 2425 lentorem,
468 2367 581 2410 causae
601 2350 722 2411 interim
744 2366 871 2428 prorsus
892 2347 1003 2409 oblitu:
1031 2350 1058 2404 ut

144 2431 228 2491 Deus
251 2451 361 2491 novem
383 2431 507 2510 quidem
529 2442 643 2499 servat,
665 2431 718 2492 oed
742 2432 847 2492 nerito
868 2428 1056 2491 tumenduoit

143 2514 182 2573 od
205 2525 343 2592 portum,
372 2533 466 2592 quere
501 2515 637 2576 nonnihil
666 2516 728 2593 ogit
752 2516 863 2574 nerito
907 2513 1055 2575 Diversum

146 2617 236 2674 tipus,
258 2599 378 2658 seilicet
399 2599 466 2658 Deo
490 2597 643 2671 servandi,
666 2599 790 2657 navitae
812 2597 944 2657 ducendi
966 2593 1056 2655 tribuit

143 2682 202 2739 isto
234 2680 411 2743 similitudo.
454 2680 573 2742 Deinde
605 2683 630 2741 si
654 2680 724 2760 quid
747 2681 875 2760 probet,
896 2679 928 2740 id
949 2676 1055 2760 probet,

146 2761 228 2839 quod
252 2762 310 2824 Dei
341 2765 381 2823 sit
409 2770 507 2825 totum
530 2784 609 2845 opuo
630 2763 789 2841 servandi,
824 2766 949 2824 navitae
969 2768 1055 2822 toturn

145 2864 224 2987 ἱιὶιιιῖ
248 2845 395 2927 ducendi,
427 2854 459 2907 et
480 2856 582 2908 tomen
615 2853 662 2907 est
682 2846 810 2928 pulchro
841 2853 873 2906 et
894 2854 968 2927 opto
987 2840 1054 2905 roni·

158 2948 200 2986 ru
224 2947 254 2988 o.
1051 2954 1054 2959 ·

228 3010 280 3071 Sio
311 3013 448 3091 agricolo
478 3013 623 3073 convehit
644 3021 825 3093 proventus,
859 3011 945 3073 Deus
964 3013 1053 3070 auton

145 3092 227 3153 dedit
250 3096 358 3154 iterum
381 3095 502 3155 diverso
514 3115 611 3176 opero
623 3096 691 3157 Deo
713 3103 743 3156 et
761 3095 888 3171 homini,
909 3095 967 3154 nini
987 3089 1053 3171 egri·

146 3176 245 3237 colom
268 3177 357 3238 simui
391 3186 560 3240 creatorem
582 3179 663 3259 feeit,
685 3180 736 3258 qui
754 3177 873 3238 dederit
891 3182 1053 3258 proventu

145 3259 206 3319 Sed
229 3259 340 3321 dentur
360 3260 461 3322 adhue
474 3261 582 3323 eodem
605 3281 700 3339 opero
716 3262 783 3321 Deo
799 3270 829 3321 et
847 3261 974 3337 homini,
993 3250 1053 3337 qnid

146 3343 281 3403 efficiunt
300 3346 377 3403 istae
399 3345 634 3406 similitudines?
656 3344 729 3405 nihii
753 3345 810 3404 nisi
824 3344 907 3423 quod
931 3348 1053 3404 creatu·

146 3426 214 3486 Deo
237 3428 378 3507 operanti
406 3438 598 3508 cooperatur.
643 3430 684 3488 At
715 3427 851 3507 nunquid
874 3446 933 3489 noo
956 3425 994 3486 do
1011 3438 1052 3482 oo

220 3711 246 3775 t·
265 3710 360 3764 Lectio
378 3710 518 3766 redimit
545 3712 664 3783 repetita
682 3718 724 3767 eut
744 3727 778 3766 ex
797 3710 841 3767 ed.
866 3712 950 3777 1525,
979 3706 1006 3763 in
1019 3698 1050 3759 td

149 3780 219 3839 toto
237 3779 349 3852 iegitur:
370 3781 494 3838 redemit
