2348 4162
195 262 257 332 218
441 267 483 325 De
502 282 583 324 nervo
602 269 717 326 arbitrio
735 271 769 327 D.
788 272 823 329 ld.
841 274 872 330 1.

195 438 261 499 lusa
295 440 423 523 habeat,
464 461 550 503 more
581 443 806 507 immundorem
836 444 1051 527 Sophistsrnm
1090 451 1123 509 et

195 521 283 583 buius
306 526 464 586 oscitantis
486 525 640 589 diatribes.

277 607 355 668 Nam
370 608 491 690 videl),
514 610 670 688 quomodo
682 616 790 672 tractet
804 611 962 693 insignem
973 613 1059 673 illum
1075 612 1122 675 lo·

195 706 264 750 cum
289 690 461 752 Ezechielis
485 695 538 758 18:
563 695 641 754 Vivo
666 713 736 775 ego,
760 693 834 755 dicit
856 696 1022 776 Dominus,
1044 696 1122 757 nolo

195 780 323 834 mortem
346 777 528 856 peccatoris,
552 776 606 837 sed
629 779 728 859 magis
752 784 785 839 ut
807 785 1003 840 convertatur
1024 785 1057 840 et
1078 780 1124 840 vi·

196 863 256 919 vat.
278 856 423 936 Primum,
447 861 537 920 toties
562 862 691 940 (inquit)
717 862 864 940 repetitur
876 863 906 922 in
924 862 986 924 hoc
1007 863 1123 943 capite,

196 941 351 1001 Averterit
371 961 414 1020 se,
439 942 518 1020 fecit,
543 949 687 1024 operatus
711 950 767 1019 est,
789 946 819 1005 in
835 944 947 1006 bonam
962 945 1123 1006 etmalsm

195 1033 332 1105 partem3
353 1031 384 1085 et
406 1023 455 1085 ubi
475 1034 553 1105 aunt,
578 1028 629 1107 qui
642 1033 758 1108 negent
778 1027 934 1107 hominem
956 1030 1122 1108 quicquam

235 1107 305 1167 ere?

194 1130 234 1192 ag
279 1190 357 1251 Vide
378 1209 493 1270 quaeso
516 1194 673 1273 egregiam
689 1194 952 1273 consequentiam,
972 1199 1123 1255 nonatum

195 1296 232 1337 ac
254 1274 386 1335 studium
410 1275 577 1355 probatura
599 1282 664 1337 erat
685 1276 770 1338 liberi
792 1276 924 1355 arbitrii,
956 1283 987 1338 et
1009 1276 1125 1357 probat

195 1366 294 1421 toturn
317 1358 441 1433 factum,
460 1360 588 1440 impleta
609 1361 714 1420 omnia
734 1379 789 1440 per
811 1359 938 1421 liberum
952 1359 1124 1423 arbitrium.

196 1442 255 1506 Ubi
291 1460 373 1502 nunc
405 1447 490 1520 sunt,
524 1462 657 1521 quaeso,
692 1444 743 1522 qui
777 1445 906 1523 gratiam
929 1450 960 1504 et
980 1444 1124 1524 spiritum

195 1532 338 1588 sanctum
361 1526 540 1603 requirant?
562 1524 615 1588 Sic
637 1527 718 1586 enim
731 1533 888 1606 argutalur
902 1525 1023 1588 dicens:
1045 1526 1124 1588 Ene-

194 1611 273 1672 cbiel
297 1608 379 1685 dicit,
402 1607 434 1670 Si
452 1609 596 1671 averterit
611 1628 645 1669 se
666 1609 777 1688 impius
795 1616 825 1670 et
846 1609 953 1670 lecerit
972 1608 1124 1671 iustitiam

194 1703 226 1757 et
246 1692 401 1770 indicium,
425 1692 516 1767 vivet,
539 1711 613 1773 ergo
628 1693 737 1772 impius
761 1711 836 1753 mox
856 1693 898 1753 ita
919 1692 993 1753 lacit
1015 1696 1046 1752 et
1068 1712 1125 1774 po·

196 1784 257 1840 test
278 1777 388 1837 facere.
431 1775 578 1836 Ezechiel
600 1775 768 1856 significat,
803 1774 876 1855 quid
896 1774 964 1836 fieri
997 1774 1122 1853 debeat,

196 1859 326 1922 diatribe
361 1856 503 1939 intelligit
539 1859 569 1919 id
602 1857 668 1920 fieri
697 1864 728 1919 et
755 1859 867 1939 factum
894 1877 978 1938 ease,
1011 1859 1124 1920 iterum

195 1963 277 2006 nova
300 1942 501 2021 grammatica
523 1961 580 2003 nos
603 1940 747 2020 ductura,
781 1941 863 2020 quod
886 1941 967 2002 idem
1002 1942 1042 2002 sit
1073 1940 1127 2003 de·

195 2028 268 2089 bere
291 2032 322 2086 et
343 2023 466 2101 habere,
488 2024 570 2086 idem
592 2026 676 2106 exigi
697 2031 729 2084 el
741 2027 900 2105 praestari,
922 2024 1004 2086 idern
1018 2032 1125 2106 postu·

109 2182 112 2187 ¹
192 2111 259 2171 lare
282 2115 312 2168 et
334 2106 475 2169 reddere.

279 2189 441 2267 Deinde1)
486 2190 568 2251 illam
605 2210 714 2252 vocem
753 2188 921 2250 dulcissimi
942 2189 1125 2271 Evangelii:

197 2276 278 2339 Nolo
292 2280 420 2335 mortem
443 2275 617 2353 peccatoris
640 2283 698 2339 etc.
721 2274 766 2334 sic
788 2279 907 2337 versat:
930 2274 1124 2354 Deploratne

194 2362 262 2442 pius
285 2358 435 2419 Dominus
458 2363 587 2417 mortem
609 2357 716 2438 populi
738 2358 800 2434 sui,
835 2376 926 2436 quam
958 2359 1028 2438 ipsc
1050 2374 1124 2438 ope·

194 2451 278 2505 ratur
299 2443 329 2501 in
352 2440 434 2500 illis?
468 2439 499 2501 Si
524 2439 576 2501 ille
597 2460 661 2501 non
684 2439 750 2500 vult
772 2447 916 2516 mortem,
939 2442 1047 2520 ntique
1070 2460 1124 2502 no·

196 2534 277 2588 strae
299 2524 449 2585 voluntati
477 2523 688 2604 imputandum
713 2531 774 2602 est,
806 2525 832 2584 si
853 2524 998 2603 perimus.
1043 2522 1124 2600 Quid

197 2629 270 2671 vero
292 2610 425 2688 imputes
447 2606 500 2684 illi,
523 2609 574 2685 qui
598 2607 672 2667 nihil
694 2613 798 2687 potest
811 2626 902 2687 agere
923 2625 1028 2687 neque
1050 2606 1123 2668 boni

196 2713 235 2754 ne
259 2712 297 2753 ue
319 2688 414 2755 mali?

237 2714 255 2773 q
277 2775 363 2836 Idem
386 2780 416 2834 et
439 2773 580 2853 Pelagius
603 2772 786 2850 cantlllavit,
810 2791 878 2833 curn
901 2790 965 2834 non
988 2772 1121 2835 studium

198 2878 297 2938 neque
320 2862 475 2934 conatum,
498 2855 553 2916 sed
575 2863 672 2917 totam
685 2857 745 2916 vim
768 2856 915 2934 implendi
927 2875 967 2917 ac
987 2855 1121 2919 faciendi

198 2943 304 3003 omnia
324 2938 470 2999 tribueret
492 2939 587 3000 libero
610 2939 745 3002 arbitrio.
788 2940 950 3001 Nemeam
972 2941 1038 3001 vim
1053 2958 1121 3021 pro·

197 3025 271 3086 bant
293 3025 370 3084 istae
393 3022 538 3100 sequelae
562 3021 613 3102 (nt
634 3023 806 3097 diximus),
833 3024 859 3084 si
882 3022 955 3103 quid
978 3023 1120 3103 probant,

197 3114 229 3169 nt
252 3125 350 3187 aeque
372 3105 488 3166 fortiter
510 3113 602 3184 atque
624 3105 702 3167 adeo
726 3106 833 3166 lortius
855 3113 995 3187 pugnent
1016 3113 1121 3170 contra

196 3193 295 3273 ipsum
327 3189 493 3266 diatriben,
526 3207 606 3267 quae
627 3196 721 3269 negat
741 3188 826 3249 illam
849 3191 909 3250 vim
934 3189 1022 3251 liberi
1044 3188 1119 3253 arbi·

197 3277 245 3337 trii
267 3280 298 3335 et
319 3272 418 3334 solum
442 3277 587 3332 conatum
611 3274 707 3354 struit,
730 3279 822 3351 atque
844 3279 953 3334 contra
974 3293 1034 3336 nos
1049 3292 1119 3354 pug-

197 3366 286 3434 nant,
323 3357 490 3435 quitatum
527 3354 654 3417 liberum
678 3355 833 3417 arbitrium
856 3375 1018 3435 negamus.
1062 3352 1118 3419 sel

198 3442 314 3503 omissa
334 3439 508 3520 ignorantia
530 3440 597 3499 eins
619 3459 683 3500 rem
706 3440 803 3519 ipsam
827 3437 974 3504 dicemus.

279 3525 352 3584 Vox
372 3521 561 3602 Euangeliou
592 3528 622 3583 et
663 3521 871 3584 dulcissimum
905 3523 1053 3585 solatium
1075 3526 1117 3585 est

269 3807 301 3879 1)
321 3806 354 3862 In
373 3804 417 3861 ed.
437 3805 493 3860 len.
511 3804 629 3875 margini
647 3803 808 3874 inscriptum
826 3810 881 3861 est:
900 3804 1040 3863 Erasmus.
