2348 4162
174 244 237 312 23ss
416 244 459 300 ne
477 260 557 301 savo
574 228 693 301 'nermo
711 245 747 301 u.
765 246 800 300 u.
819 244 849 301 u.

174 419 249 475 naut
271 419 302 474 et
323 414 498 477 abstineant
521 436 540 477 a
564 416 661 495 malis,
683 414 886 493 neiulleutur,
910 410 1009 476 securi
1024 414 1103 476 liant

175 504 206 558 et
224 499 414 560 insolescant
435 501 465 559 iu
488 501 632 580 peccatis.
676 498 767 573 Quod
790 499 814 558 si
836 499 976 560 hieratio
991 517 1101 560 nasum

173 588 263 660 roget
284 590 314 641 et
336 581 431 643 dicat:
475 583 537 644 Gur
557 584 617 643 ista
638 581 711 641 velit
732 582 818 642 Deus
840 602 896 663 per
909 581 1004 643 verba
1023 580 1102 658 fleri,

175 684 243 724 cum
267 663 377 726 talibus
399 664 500 726 verbis
528 665 603 725 nihil
625 663 787 745 efficiatur,
823 684 924 745 neque
956 664 1102 726 voluntas

174 749 203 807 iu
228 754 325 807 utram
348 755 464 829 partem
490 768 559 809 sese
581 755 698 809 vertere
720 749 828 828 possit,
851 768 904 809 cur
919 767 982 809 non
1006 748 1102 809 tacito

174 829 268 891 verbo
292 830 375 907 facit,
397 831 479 911 qood
501 832 583 908 tacit,
607 850 674 892 cum
689 832 788 911 possit
810 830 1102 893 omniasineverbo

174 912 297 974 facere?
328 920 358 973 et
378 916 521 977 voluutas
543 935 597 994 per
619 932 688 975 sess
710 933 768 974 uec
788 915 857 994 plus
880 915 963 975 valet
983 921 1037 975 aot
1059 914 1104 975 fa·

175 997 216 1056 cit
237 996 332 1057 verbo
355 997 470 1075 audito,
493 1000 517 1057 ai
541 998 620 1058 desit
632 997 762 1077 Spiritus
783 999 865 1057 intus
888 1016 1027 1078 movens,
1042 1016 1104 1056 neo

176 1081 274 1143 miuus
296 1080 411 1141 valeret
432 1087 485 1142 aut
506 1082 621 1141 iaceret
641 1078 737 1140 verbo
761 1082 864 1157 tacito,
887 1082 912 1140 si
934 1079 1016 1141 adsit
1034 1078 1104 1160 spt-

173 1164 258 1241 ritus‚
283 1181 351 1223 cum
373 1170 470 1224 totum
492 1164 627 1245 pendeat
647 1167 677 1222 iu
701 1164 811 1224 virtuts
839 1170 870 1225 et
891 1182 985 1244 opere
1007 1162 1104 1242 Spiri-

174 1251 222 1305 tus
245 1248 357 1326 sancti,
380 1246 529 1308 dicemus:
572 1246 624 1308 Sic
644 1246 789 1326 placitum
815 1253 862 1307 est
885 1247 960 1324 Deo,
982 1252 1102 1307 utnon

175 1331 240 1389 siue
263 1329 369 1408 verbo,
392 1330 445 1391 sed
468 1330 665 1408 perverbum
688 1328 800 1391 tribuat
821 1329 976 1410 Spiritum,
998 1334 1104 1390 utnoa

174 1410 287 1473 habeat
308 1430 382 1473 suos
405 1422 635 1493 cooperatores,
657 1411 727 1473 dum
751 1412 992 1493 lorissonemuo,
1016 1411 1103 1492 quod

173 1495 255 1556 intus
276 1497 343 1574 ipse
367 1496 451 1556 solus
478 1497 583 1577 spirat,
607 1494 710 1556 ubiubi
733 1496 872 1571 voluerit,
896 1514 974 1575 quae
995 1502 1102 1556 tamen

174 1577 290 1657 absque
313 1578 406 1640 verbo
429 1579 530 1639 iacere
552 1583 668 1659 posset,
691 1577 745 1639 aed
768 1597 831 1640 nou
853 1579 925 1641 vult.
970 1578 1034 1638 lam
1051 1579 1104 1657 qui

174 1681 279 1722 sumus
301 1681 369 1739 uos,
390 1669 423 1722 ut
440 1663 606 1724 voluntatis
625 1661 746 1722 divinae
759 1680 883 1722 causam
897 1661 1104 1742 quaeramus?

175 1744 255 1806 Satis
278 1752 325 1805 est
346 1764 450 1823 nosse,
473 1744 555 1825 quod
570 1745 653 1806 Deus
674 1746 718 1804 ita
740 1745 824 1825 velit,
848 1751 879 1806 et
896 1746 977 1806 hanc
994 1744 1105 1806 voluu-

175 1833 267 1888 tatem
292 1830 439 1907 revereri,
473 1828 599 1908 diligere
630 1834 661 1888 et
677 1827 808 1889 adorare
831 1827 934 1908 decet,
967 1829 1107 1888 coercita

174 1911 300 1971 rationis
324 1913 493 1971 temeritate
508 1910 550 1993 1).
593 1910 644 1972 Sic
673 1929 730 1971 noe
753 1911 870 1990 ubsque
892 1928 974 1991 pauc
995 1916 1108 1991 posset

175 1993 257 2054 alere
288 1999 318 2053 et
352 2013 461 2054 revera
496 1996 558 2054 vim
596 1993 696 2054 alendi
729 1995 831 2055 tribuit
853 1996 919 2054 siue
940 2012 1038 2074 pane,
1074 2000 1108 2053 ut

175 2075 281 2138 matth.
297 2079 326 2138 4.
350 2076 437 2137 dicit:
460 2076 528 2138 Non
542 2077 733 2137 aliturhomo
745 2095 826 2157 pane
838 2077 916 2152 solo,
938 2076 992 2136 sed
1006 2076 1107 2137 verbo

174 2158 242 2234 Dei,
265 2159 380 2239 placuit
401 2167 503 2220 tamen
518 2179 574 2240 per
586 2165 697 2239 panem
720 2168 750 2220 et
773 2179 840 2220 cum
862 2170 942 2240 pane
963 2159 1039 2220 foris
1052 2159 1107 2220 ad·

175 2241 271 2303 hibita
293 2243 373 2303 iulus
396 2262 454 2304 noo
477 2242 559 2304 alere
582 2242 688 2304 verbo.

258 2325 325 2385 Stat
345 2327 453 2405 igitur,
481 2345 520 2386 ex
549 2325 690 2386 mercede
718 2344 779 2385 uon
804 2325 927 2405 probari
950 2325 1107 2404 meritum,

176 2407 282 2469 saltem
307 2410 337 2468 iu
360 2408 542 2488 scripturis,
569 2408 679 2469 deiude
701 2427 740 2468 ex
762 2409 871 2481 merito
894 2427 955 2468 non
979 2407 1108 2488 probari

175 2491 302 2552 liberum
326 2491 500 2568 arbitrium,
524 2492 620 2552 multo
643 2495 742 2551 miuus
765 2491 828 2551 tale
850 2491 1007 2552 arbitrium
1032 2491 1108 2552 libe·

175 2594 259 2652 rum,
293 2575 383 2654 quale
416 2574 544 2635 diatribe
577 2575 711 2654 suscepit
745 2574 954 2653 probandum,
992 2592 1109 2653 nempe

176 2657 258 2737 quod
281 2676 315 2717 se
337 2659 405 2718 solo
427 2657 500 2718 nihil
524 2663 626 2738 potest
655 2656 727 2717 boui
750 2656 839 2717 velle.
882 2657 960 2717 Nam
984 2658 1109 2718 etiamsi

178 2742 316 2800 meritum
340 2739 437 2801 dones
472 2747 503 2801 et
524 2740 620 2800 addas
641 2742 716 2801 istas
740 2741 847 2800 solitas
868 2740 997 2800 rationis
1020 2741 1108 2800 simi·

175 2823 318 2883 litudines
340 2830 371 2883 et
392 2823 544 2901 sequelas,
566 2830 655 2903 puta,
678 2824 787 2883 trustra
808 2824 960 2902 praecipi,
993 2822 1109 2884 frustra

177 2904 348 2966 mercedem
360 2907 623 2986 promitti,frustra
636 2907 732 2966 minas
744 2907 898 2986 intentari,
909 2905 1107 2967 nisiliberum

176 2990 216 3048 sit
226 2988 390 3052 arbitrium.
414 2989 465 3066 Iis,
486 2991 622 3069 inquam,
632 2991 656 3048 si
670 2988 742 3070 quid
757 2987 912 3069 probatur,
925 2988 986 3049 hoc
996 2990 1110 3067 proba·

177 3078 235 3147 tur,
247 3073 328 3150 quod
343 3071 469 3133 liberum
478 3072 633 3133 arbitrium
649 3092 682 3133 se
707 3072 775 3132 solo
799 3073 896 3151 possit
917 3072 1032 3134 omnia.
1077 3072 1109 3133 si

177 3155 257 3216 enim
281 3174 314 3215 se
337 3156 405 3217 solo
429 3174 489 3217 non
514 3161 616 3235 potest
637 3156 755 3230 omnia,
779 3162 882 3215 manet
903 3154 957 3215 illa
979 3156 1110 3233 sequela

176 3239 320 3299 rationis:
363 3239 446 3318 Ergo
469 3239 580 3299 frustra
600 3239 801 3318 praecipitur,
825 3238 934 3299 trustra
955 3239 1107 3318 promitti-

249 3541 280 3606 1)
302 3539 354 3593 Hic
384 3539 412 3593 iu
437 3539 481 3594 ed.
500 3539 555 3593 Ieu.
588 3539 687 3593 addita
713 3538 841 3608 leguntur
868 3536 952 3592 baec:
988 3537 1061 3591 Nam
1080 3542 1109 3592 et

177 3610 302 3665 Christus
320 3609 416 3665 Matth.
438 3614 470 3667 11
499 3610 601 3665 nullam
622 3610 705 3664 aliam
730 3610 864 3664 rationem
884 3609 972 3671 affert,
994 3624 1045 3664 cur
1063 3622 1108 3663 sa·

176 3680 316 3750 pientibus
335 3681 526 3737 abscondatur
544 3681 739 3750 Evangelium,
764 3681 839 3751 quod
857 3679 981 3750 parvulis
1000 3680 1106 3735 revela·

176 3758 228 3820 tur,
248 3767 329 3823 quam
350 3754 425 3823 quod
442 3754 482 3808 sic
501 3754 606 3822 placuit
624 3753 709 3807 Patri.
