2348 4162
124 252 188 327 414
230 295 236 306 ·
311 260 516 319 consummas
533 248 673 332 quamn
689 262 726 318 n.
743 261 780 319 ri.
798 262 831 320 u

95 450 99 457 ·
127 451 198 492 num
221 432 289 494 Dei.
331 432 548 508 Quadratum
570 440 618 494 aet
639 452 680 493 ex
700 450 810 514 earne,
837 450 912 494 earo
934 434 998 512 est,
1018 433 1047 491 at

127 514 210 595 qnod
231 523 338 576 natum
355 525 402 577 eat
422 535 464 577 ex
485 519 603 599 spiritu,
625 517 749 599 spiritus
771 523 828 579 ert.
870 515 941 577 Nou
965 515 1046 575 mire

125 601 176 680 ris,
199 600 271 678 quia
292 598 355 659 dixi
379 599 444 678 tibi,
467 607 590 680 oportet
611 619 668 661 vos
689 600 775 661 nurui
796 598 909 661 denuo.
953 596 1047 678 Spiri-

125 690 176 743 tus
197 682 249 742 ubi
272 683 338 743 vult
359 685 455 764 spirat
475 690 507 745 et
528 702 637 745 vocem
661 684 726 744 eius
747 683 846 764 audis,
868 680 922 743 sed
937 681 1046 755 neseis,

126 764 208 826 unde
225 767 330 826 veniat
351 774 403 827 aut
425 784 485 846 quo
509 767 612 846 vadat,
633 767 678 827 sio
702 772 749 826 est
763 767 874 846 omnis,
895 767 950 844 qui
962 772 1048 826 natue

127 856 174 909 est
209 869 249 910 ex
270 850 388 930 spiritu.
429 849 602 931 Respondit
623 849 812 911 Niuodemus
845 857 877 910 et
909 847 988 908 dixit
1007 849 1048 907 ei:

127 931 292 1007 Quomodo
323 940 454 1013 possunt
484 933 562 994 haeo
583 932 671 993 fleri?
705 928 880 1014 Respondit
900 931 988 993 Iesus
1019 938 1048 991 et

126 1015 204 1075 dixit
225 1017 271 1081 ei:
290 1015 337 1075 Tu
358 1035 391 1076 es
414 1017 561 1097 magister
581 1017 612 1076 in
634 1015 731 1078 Israel
754 1017 883 1077 ethaeo
904 1012 1047 1096 ignoraui

126 1100 225 1158 Arnen
248 1117 337 1159 amen
361 1099 430 1160 diuo
453 1099 517 1179 tibi,
540 1100 691 1179 quiahoc
713 1098 795 1179 quod
817 1099 933 1160 suimus
955 1097 1047 1177 loqui

126 1201 193 1259 mur
220 1190 251 1242 et
273 1181 355 1261 quod
378 1182 510 1243 vidimus
540 1189 687 1245 testamur
713 1189 744 1243 et
763 1182 975 1243 testimonium
998 1199 1045 1241 no·

126 1271 220 1325 strum
243 1283 304 1326 non
340 1267 489 1346 aouipitis.
533 1266 565 1328 Si
585 1272 708 1327 terrena
735 1265 799 1327 dixi
822 1266 912 1326 vobis
935 1271 968 1326 et
988 1283 1045 1324 non

126 1346 259 1427 aredius,
283 1348 452 1428 quomod0,
474 1350 500 1411 si
522 1348 631 1411 dixero
654 1349 743 1411 vobis
765 1348 927 1427 eoelestia,
948 1346 1046 1409 erede

128 1431 189 1492 tis?
233 1431 273 1491 Et
295 1451 386 1493 nemo
410 1432 550 1494 aseendit
570 1435 600 1493 iu
624 1432 755 1510 eoelum,
777 1433 835 1493 nisi
858 1434 911 1512 qui
923 1431 1044 1492 desnen-

127 1513 172 1574 dit
193 1513 233 1574 de
255 1515 354 1594 coelo,
378 1515 470 1576 Filius
492 1514 643 1594 hominis,
662 1517 714 1596 qui
737 1517 838 1577 estin
860 1515 969 1578 ousiis.
1012 1513 1046 1573 Et

125 1600 204 1659 sieut
224 1598 329 1660 Moses
351 1598 499 1660 exaltavit
519 1607 694 1680 serpentem
716 1601 747 1659 in
769 1598 912 1680 deserto,
936 1600 980 1659 ita
999 1617 1045 1658 ex·

127 1682 214 1742 altari
237 1689 360 1762 oportet
381 1682 489 1743 Filium
512 1683 660 1762 hominis,
690 1690 723 1743 ut
744 1683 862 1765 omnis,
884 1683 941 1765 qui
955 1680 1045 1743 uredit

125 1768 155 1825 in
178 1766 258 1845 ipso,
282 1784 344 1825 non
367 1774 483 1848 pereat,
506 1766 560 1828 sed
583 1765 696 1827 habeat
718 1768 810 1827 vitam
833 1772 1004 1828 aeternam.

209 1849 341 1925 Primpm
365 1857 412 1910 est
434 1858 560 1931 propter
580 1851 691 1911 festum
713 1848 892 1911 tractandus
914 1845 1044 1922 loausda

123 1931 271 1992 trinitate
293 1932 332 1993 ad
354 1934 545 1995 retinendam
566 1931 660 1996 fidem
682 1935 712 1994 in
736 1932 877 2011 eooleaia,
901 1950 983 2012 quae
1005 1935 1045 1992 att

125 2016 203 2075 ratio
226 2015 295 2076 festi
317 2015 416 2080 huius.

207 2097 248 2157 Et
269 2099 320 2159 hio
353 2100 500 2160 articulus
529 2106 575 2160 est
601 2098 777 2161 tractandus
800 2098 982 2180 simplieiter
1002 2114 1043 2157 sa·

126 2180 259 2241 nundum
296 2187 400 2263 partes
434 2182 588 2263 Symboli,
629 2182 679 2244 ubi
717 2182 841 2243 dieitur:
886 2179 989 2243 Credo
1018 2180 1041 2239 ir

125 2265 245 2342 Deum,
280 2274 309 2325 et
331 2266 363 2325 in
386 2262 551 2327 Dominum
572 2266 675 2330 lesum
698 2272 756 2326 eto.
790 2273 821 2326 et
852 2265 883 2325 in
905 2264 1041 2345 Spiritum

125 2355 264 2409 sanetum
287 2355 345 2414 eto.
389 2349 522 2412 Credere
557 2358 659 2411 autem
689 2357 737 2410 eet
770 2348 870 2411 uultus
898 2349 959 2410 soii
982 2348 1040 2406 Deo

125 2432 277 2493 exhibitus
310 2439 341 2493 et
372 2433 446 2495 nulii
468 2440 627 2495 creaturae
654 2432 855 2496 exhibendus.
899 2431 960 2492 Hie
987 2447 1041 2491 non

125 2522 172 2576 est
193 2515 280 2577 loeus
304 2516 489 2598 disputandi,
511 2518 566 2578 sed
588 2517 765 2598 simpliciter
786 2513 949 2594 credendi,
978 2513 1041 2594 quio

126 2599 245 2680 dieitur,
269 2599 376 2678 Credo,
399 2619 461 2662 non
485 2600 603 2680 dieitur,
626 2601 737 2682 Cogito
760 2600 808 2661 vel
821 2598 958 2679 disputo,
979 2599 1041 2659 sunt

125 2701 218 2763 supra
241 2689 273 2743 et
294 2689 382 2744 extra
406 2693 586 2750 ereaturam.

207 2765 380 2827 Secundum
404 2767 442 2827 de
452 2768 624 2849 Evangelio
648 2763 693 2851 (si
712 2785 788 2847 opus
801 2766 893 2827 fuerit
914 2784 955 2828 eo
972 2761 1041 2845 die),

99 2904 102 2909 .
125 2850 175 2911 ubi
198 2851 297 2930 agitur
318 2851 356 2911 de
376 2851 604 2915 iustificatione.
646 2850 687 2911 ldt
708 2848 865 2928 definitur,
900 2850 1040 2910 iustitiam

125 2953 227 2995 veram
251 2952 404 2995 nonense
437 2954 479 2996 ex
510 2935 580 3015 lege
611 2939 642 2994 et
664 2932 806 3014 operibus
839 2951 946 2995 eoram
971 2932 1041 3005 Deo,

125 3016 179 3076 sed
202 3036 242 3078 ex
264 3036 346 3078 nova
372 3016 542 3082 nativitate.
585 3017 670 3079 Haeo
698 3017 838 3079 doctriua
872 3021 936 3078 tarn
959 3012 1041 3077 subii·

126 3101 194 3176 mis,
215 3108 276 3159 tam
299 3108 446 3162 extranea
466 3110 513 3163 est
534 3102 658 3179 rationi,
681 3108 714 3162 ut
735 3102 827 3163 etiam
848 3098 1041 3173 Niaodemtu,

124 3182 243 3243 seilicet
266 3182 342 3264 legis
366 3184 477 3247 doctor
499 3186 529 3248 in
551 3182 657 3267 Israel,
679 3203 742 3246 nun
765 3185 866 3247 sotum
878 3203 944 3245 non
967 3183 1040 3243 rom-

124 3267 172 3348 rit,
196 3266 250 3329 sed
271 3286 311 3328 ne
330 3268 481 3352 intelligat
504 3272 638 3353 quidem,
660 3266 722 3332 im'u
744 3276 959 3347 remurmurat,
983 3276 1039 3327 tau·

123 3370 214 3432 quam
251 3352 294 3411 rei
316 3353 517 3437 impossibili,
550 3354 707 3436 quomodo
732 3353 865 3436 (inquit)
888 3351 956 3414 fieri
979 3366 1038 3431 pot·

124 3443 191 3497 sent
206 3434 234 3520 ¹)
256 3438 316 3497 ista
338 3436 424 3500 ete?
795 3484 800 3491 -

206 3521 310 3601 Igitur,
332 3523 444 3582 iustum
465 3521 531 3584 fieri
553 3541 616 3584 non
638 3528 685 3583 eet
706 3522 846 3603 operari,
874 3520 931 3584 sed
952 3517 1039 3582 nasei.

194 3794 226 3865 1)
248 3792 280 3850 Iu
298 3791 342 3849 ed.
362 3792 434 3849 Ian:
452 3794 580 3863 possunt.
