2348 4162
315 221 352 276 ad
370 222 404 277 D.
424 223 568 279 Erasmnm
588 224 812 281 Roterodamnm.
938 237 941 244 ·
966 224 1026 327 23}

97 390 202 445 etnos
225 383 300 445 nihil
320 405 424 467 posse,
447 393 486 461 et,
509 388 533 445 si
557 386 628 466 qnid
650 387 789 467 facimus,
813 387 911 448 Deum
928 389 957 448 in
974 408 1026 450 no·

96 467 145 529 bis
170 469 299 548 operari.
323 468 374 531 Sic
394 469 454 529 illis
476 469 625 546 dicerem,
649 472 698 548 qui
722 489 782 529 non
807 472 942 532 contenti
967 472 1025 533 vel·
1079 496 1083 515 ·

96 550 166 612 lant
187 568 268 627 asse,
285 552 373 630 quod
395 552 455 612 illis
481 552 580 613 verbis
603 552 702 612 solum
717 554 899 632 impotentia
920 561 1027 616 nostra

97 632 223 693 ostendi
245 632 363 716 dicitur,
385 634 438 696 sed
462 637 552 695 etiam
576 636 638 696 vim
651 635 784 715 aliquam
803 642 834 696 et
856 639 1024 715 potentiam

95 714 230 777 faciendi
253 736 305 796 aa,
340 736 418 797 quae
439 720 681 799 praecipiuntur,
714 718 836 797 probari
859 719 1024 781 contende-

96 804 176 877 rent,
197 800 241 860 ita
262 801 353 861 simul
376 821 480 862 varum
510 801 615 878 fleret,
640 811 671 862 ut
695 802 767 862 nihil
790 822 952 883 possemus
975 822 1026 864 eo·

95 902 176 961 rnm,
200 899 280 961 qnae
303 885 538 964 praecipiuntur,
561 893 590 944 et
613 886 703 945 simul
726 887 830 946 omnia
852 904 1024 967 possemus,

95 963 309 1037 illudncstris
331 967 455 1043 viribus,
476 967 537 1028 hoc
559 968 676 1047 gratias
699 968 758 1028 Dei
781 967 953 1030 tribuendo.

181 1046 285 1110 Tertio
307 1049 381 1111 illud
396 1050 542 1112 diatriben
566 1058 684 1130 movet,
708 1050 757 1112 ubi
782 1052 871 1112 toties
885 1057 1024 1112 estmen·

96 1132 153 1210 tio,
175 1131 458 1275 inquitpbonorum
482 1153 608 1213 opernm
632 1135 845 1213 etmalorum,
868 1133 920 1195 ubi
941 1154 1024 1195 men·

95 1214 140 1275 tio
165 1233 267 1275 merce
289 1234 334 1292 rs,
354 1214 397 1276 ibi
419 1235 481 1277 non
503 1217 659 1296 intelligo,
682 1236 743 1296 qno
764 1224 856 1298 pacto
880 1217 965 1280 locus
987 1218 1026 1278 sit

96 1316 203 1359 merae
224 1300 418 1377 necessitati3
441 1320 541 1380 neque
563 1307 687 1378 natura,
711 1301 768 1379 ait,
797 1318 898 1379 neque
920 1320 1025 1362 neces·

94 1380 173 1441 sitas
196 1379 290 1442 habat
311 1384 460 1447 meritum.

179 1462 287 1542 Neque
309 1481 370 1544 ego
393 1484 467 1526 sans
489 1464 640 1544 intelligo,
663 1465 722 1525 nisi
744 1462 827 1543 qnod
850 1465 955 1544 opinio
972 1463 1025 1527 illa

93 1544 266 1627 probabilis
288 1549 503 1609 necessitatem
527 1567 640 1609 meram
665 1549 784 1625 asserit,
807 1545 878 1606 dum
897 1545 1023 1607 liberum

94 1629 254 1692 arbitrium
277 1629 350 1692 dicit
371 1631 446 1692 nihil
469 1630 543 1692 boni
564 1650 657 1711 posse
679 1631 775 1710 velle,
797 1637 828 1689 et
850 1636 951 1689 tamen
974 1629 1024 1690 hie

94 1713 189 1774 etiam
224 1714 363 1774 meritum
396 1716 423 1774 ei
458 1715 569 1776 tribuit.
614 1713 702 1774 Adeo
733 1712 864 1793 profecit
896 1711 1022 1772 liberum

93 1794 253 1857 arbitrium
281 1804 439 1857 crescente
467 1797 545 1858 libro
573 1803 604 1856 et
626 1795 833 1877 disputatione
867 1794 1022 1873 diatribae,

93 1885 128 1939 nt
149 1898 234 1939 nunc
255 1897 318 1940 non
349 1880 449 1940 solum
479 1886 622 1941 conatum
647 1887 678 1941 et
699 1878 830 1939 studium
854 1879 1022 1958 proprium,

93 1961 205 2023 alianis
228 1968 330 2023 tamen
353 1963 477 2043 viribus,
500 1962 629 2042 habeat,
650 1964 712 2023 imo
736 1981 797 2022 non
821 1961 920 2021 solum
943 1960 1022 2021 bene

93 2044 170 2106 velit
192 2051 221 2104 et
243 2045 346 2122 faciat,
369 2046 422 2106 sed
447 2046 537 2107 etiam
561 2054 714 2108 mereatur
736 2046 830 2115 vitam
854 2051 1021 2120 aeternam,

94 2126 221 2189 dicente
254 2127 375 2189 Christo
408 2127 517 2193 Matth.
547 2133 582 2194 5:
617 2129 757 2190 Gaudete
794 2136 823 2188 et
858 2128 1021 2205 exsultate,

94 2211 242 2291 quonjam
265 2230 382 2272 meroes
416 2218 518 2273 vestra
552 2214 680 2293 copiosa
703 2213 800 2272 estin
824 2210 936 2289 coelis,
973 2230 1021 2271 ve·

92 2301 178 2372 atra,
198 2293 229 2354 id
252 2301 314 2372 est,
343 2294 428 2355 liberi
452 2295 582 2375 arbitrii,
618 2297 663 2355 sio
686 2295 765 2355 enim
791 2293 919 2354 diatribe
941 2293 1023 2353 hunc

92 2376 198 2437 locum
230 2376 387 2457 intelligit,
425 2384 458 2438 ut
480 2378 616 2439 Christus
646 2385 676 2437 et
709 2377 831 2455 spiritus
854 2376 912 2437 Dei
947 2375 1022 2436 nihil

93 2460 167 2523 sint,
211 2458 290 2534 Quid
313 2461 395 2520 enim
417 2460 475 2521 illis
499 2480 577 2541 opus
600 2460 698 2535 fuerit,
722 2460 747 2519 si
770 2457 853 2518 bona
874 2477 969 2538 opera
991 2464 1022 2519 et

94 2543 206 2604 merita
226 2562 282 2623 per
303 2542 431 2604 liberum
455 2543 610 2604 arbitrium
632 2541 803 2602 habemus?
835 2541 921 2600 Haec
942 2540 1022 2617 dico,

94 2633 127 2686 nt
151 2624 328 2705 videamus,
350 2645 412 2687 non
437 2646 505 2687 esse
528 2646 644 2704 rarum,
667 2625 748 2684 viros
771 2623 957 2684 excellentes
979 2626 1022 2684 in·

93 2709 190 2789 genio
221 2708 322 2769 solere
357 2710 510 2770 caecutire
531 2711 561 2770 in
586 2728 618 2769 re
641 2709 732 2768 etium
766 2725 870 2768 crasso
902 2714 933 2767 et
955 2705 1021 2767 rudi

93 2791 222 2872 ingenio
246 2791 424 2868 manifesta,
458 2800 488 2853 et
510 2812 600 2872 quam
625 2791 775 2852 infirmum
799 2791 838 2851 sit
859 2809 1021 2870 argumen-

94 2885 160 2937 tum
183 2873 222 2935 ab
246 2876 409 2936 autoritate
432 2875 566 2936 humana
588 2877 617 2935 in
640 2874 730 2936 rebus
754 2874 877 2951 divinis,
905 2874 935 2932 in
959 2873 1021 2952 qui·

95 2956 154 3019 bus
168 2956 244 3017 ¹sola
267 2956 349 3018 valet
371 2959 518 3019 autoritas
542 2959 653 3021 divina.
854 2957 859 2960 ’

148 3091 153 3099 .
179 3040 249 3101 Duo
281 3039 332 3100 hic
365 3041 495 3102 dicenda
517 3048 603 3122 sunt,
637 3042 766 3121 primum
788 3038 826 3100 de
848 3039 1021 3119 praeceptis

93 3123 168 3185 nori
191 3122 390 3202 Testamenti,
413 3123 524 3184 deinde
547 3124 584 3185 de
607 3125 725 3185 merito.
764 3122 933 3200 Utrumque
955 3121 1020 3182 bre-

94 3206 173 3267 viter
196 3206 410 3286 expediemus,
444 3208 519 3268 alias
543 3208 689 3287 prolixius
719 3205 756 3265 de
779 3204 895 3265 eisdem
918 3204 1021 3268 locuti.

93 3289 217 3350 Novum
224 3289 452 3350 Testamentum
462 3292 584 3371 proprie
596 3297 717 3351 constat
728 3286 983 3371 promissionibus
993 3293 1023 3346 et

93 3371 377 3448 exhortationibus,
400 3374 480 3434 sicut
493 3381 579 3435 vetus
603 3374 711 3454 poprie
727 3378 848 3434 constat
861 3370 979 3451 legibus
992 3378 1022 3430 et
1055 3420 1059 3425 .

94 3456 195 3517 minis.
217 3455 296 3517 Nam
318 3456 348 3516 in
364 3475 446 3518 novo
459 3457 657 3518 Testamento
680 3454 1022 3536 praedicatanvange·

94 3539 183 3617 lium,
204 3538 287 3618 quod
312 3544 360 3600 ost
381 3539 464 3601 aliud
486 3540 569 3619 nihil,
593 3559 684 3619 quam
707 3558 826 3619 sermo,
849 3546 909 3617 q‘uo
933 3535 1021 3598 offer·

94 3629 145 3682 tur
177 3622 302 3702 spiritus
323 3627 355 3682 et
375 3623 474 3703 gratia
506 3626 536 3684 in
567 3623 778 3683 remissionem
812 3627 1021 3702 peccatorum,

93 3724 152 3786 per
174 3704 327 3766 Christum
352 3704 530 3768 crucifixum
553 3726 609 3787 pro
633 3706 722 3789 nobis
745 3707 954 3786 impetratam,
976 3704 1021 3764 id·
1135 3737 1141 3746 ·
