2348 4162
123 218 190 287 ΜΟ
416 214 767 275 emeramnus

126 393 204 455 tiae:
246 410 309 453 non
331 388 415 470 quod
443 390 582 471 ignorem
605 397 659 451 ant
679 388 848 452 defendere
869 388 976 467 velim,
996 388 1047 450 ali·

126 482 204 557 quot
223 472 399 556 Scripturas
431 473 515 535 dicta
551 475 717 555 improprie
751 493 807 555 per
833 491 885 534 ms
907 473 1049 553 allegata,

125 559 252 621 adrem
288 558 367 619 sorte
400 576 462 618 non
496 555 661 619 efficaciter
692 556 853 635 facientia,
891 555 949 617 sed
971 555 1050 636 qnod

128 643 211 705 malo
233 660 289 722 per
310 641 474 702 ecclesiam
496 640 554 700 Dei
576 640 694 702 traduci
722 639 887 701 verborum
910 639 1049 700 indoctus

127 730 183 790 sut
203 725 368 805 indiligens
409 732 440 784 et
472 742 542 784 unm
575 724 671 785 Panlo
703 725 866 805 imperitus
899 741 1049 801 sermons,

128 827 221 889 qnam
243 812 307 889 pati
330 807 487 868 libidinem
508 806 594 867 illam
616 808 753 868 mutandi
776 806 979 888 antsugendi
1000 806 1048 867 sli-

127 912 205 955 onos
239 892 343 956 libros.
384 890 592 969 Ignorantiam
622 910 722 951 meam
745 891 836 951 facile
857 890 937 951 feret
959 896 992 950 et
1011 892 1049 970 ig·

127 982 238 1037 noscet
259 973 333 1034 mihi
354 974 486 1034 ecclesia
507 973 579 1051 Dei,
607 976 714 1055 regina
736 975 788 1034 illa
811 974 1049 1049 misericordias,

128 1066 161 1121 st
181 1060 268 1118 onius
290 1059 410 1117 viscera
440 1064 511 1117 snnt
533 1075 637 1117 merae
658 1058 872 1117 miserationes
895 1063 927 1118 et
948 1058 1050 1118 remis·

128 1143 232 1203 aiones
265 1149 471 1219 peccalorum.
513 1138 575 1201 sed
609 1139 705 1201 libido
727 1140 864 1221 augendi
886 1140 983 1200 libros
1004 1139 1051 1200 ali·

129 1243 206 1287 enos
227 1244 277 1284 res
308 1231 355 1283 est
377 1224 502 1303 pessimi
526 1223 669 1303 exempli,
692 1241 754 1303 quo
777 1222 827 1301 lit,
861 1231 896 1283 nt
930 1222 1049 1284 tandem

128 1309 280 1391 pessimus
301 1308 432 1385 quiaque
464 1308 557 1366 etiam
588 1308 696 1387 optimi
717 1308 834 1367 sutoris
857 1305 984 1367 labores
1002 1308 1051 1367 im·

129 1397 216 1474 petat
238 1399 269 1450 et
290 1389 452 1470 depravet,
475 1391 640 1469 veniatque
661 1391 829 1471 pretiosum
852 1391 1050 1450 amarioinnm

129 1474 207 1535 inter
230 1493 310 1534 sues.
352 1472 433 1533 Satis
455 1472 538 1533 bona
559 1483 607 1532 est
627 1474 833 1551 conscientia,
857 1475 884 1533 si
908 1473 985 1533 nihil
1002 1474 1051 1533 im·

130 1558 180 1637 pie
202 1557 369 1619 docuerim.
411 1553 584 1636 Improprie
613 1556 755 1617 dixerunt
776 1558 869 1617 etiam
892 1556 1053 1617 summisi

130 1640 258 1721 piissimi
280 1639 387 1700 Patres
408 1641 439 1699 in
461 1640 603 1720 ecclesis,
625 1639 717 1720 idque
738 1658 799 1700 non
823 1658 895 1700 raro
909 1646 1004 1719 atque
1023 1639 1052 1699 in

129 1725 204 1804 ipsis
226 1723 352 1783 summis
384 1723 518 1783 articulis
539 1721 625 1800 fidei,
659 1724 770 1783 frustra
797 1723 999 1784 contenditur
1017 1721 1053 1783 da

134 1806 224 1867 dictis
246 1812 300 1867 ant
322 1804 464 1885 vocibus,
502 1804 552 1866 ubi
582 1806 652 1885 ipsa
674 1806 813 1867 doctrina
835 1812 962 1867 constat
982 1823 1054 1867 sana

130 1891 301 1953 stainceru.
324 1889 632 1950 Contentiosiautem
654 1888 816 1951 verborum
838 1892 1054 1971 pensitatores,

130 1991 261 2053 quorum
285 1979 350 2032 tota
371 1971 479 2052 religio
502 1980 555 2033 aut
576 1973 712 2051 suspicio
736 1974 839 2054 potins
862 1979 928 2052 cst,
947 1973 1054 2052 quibus

131 2055 250 2117 voculis
263 2055 438 2134 loquantur,
459 2056 580 2116 interim
594 2055 634 2116 de
655 2076 689 2116 re
708 2058 778 2136 ipsa
798 2075 908 2137 parurn
921 2055 1053 2133 solliciti,

130 2139 193 2199 imo
211 2157 273 2198 non
297 2139 354 2198 nisi
377 2140 471 2216 impia
492 2140 651 2216 docentes,
674 2141 694 2200 ii
708 2158 831 2219 semper
842 2141 1007 2200 inveniunt
1025 2140 1053 2199 in

131 2222 239 2283 alienis
263 2222 345 2282 libris
360 2220 444 2301 quod
467 2222 698 2300 calumnientur,
721 2222 860 2283 colantes
885 2218 1055 2283 culicem'st

131 2305 295 2386 glutientes
318 2305 480 2383 camelum,
503 2305 652 2366 festucam
674 2307 861 2386 impropriae
884 2306 1015 2367 voculas
1026 2307 1053 2365 in

132 2389 200 2450 aliis
222 2389 429 2469 criminantur,
450 2390 570 2449 interim
593 2387 696 2450 trabes
717 2391 880 2469 impiarum
894 2389 1056 2450 sententia·

131 2492 197 2533 rum
221 2473 250 2531 in
274 2473 336 2532 suis
359 2473 451 2532 etiam
473 2472 604 2532 adorant
623 2472 710 2534 velut
731 2472 923 2533 divinitatem
943 2472 1054 2553 perlec-

133 2562 210 2630 tam,
243 2557 263 2616 ii
286 2555 410 2615 valeant
442 2563 472 2615 et
494 2557 556 2615 suis
585 2555 775 2616 delectentur
797 2555 876 2633 soli,
910 2564 1054 2635 quantum

131 2639 251 2717 volent,
288 2646 393 2700 nostra
415 2638 570 2699 fastidiant
592 2658 683 2716 sanc,
718 2638 771 2698 sed
800 2658 840 2699 ne
865 2644 1054 2700 contrectent

130 2724 233 2784 etiam.
277 2722 361 2783 llaec
382 2722 464 2783 volui
486 2724 569 2802 pium
592 2722 738 2782 lectorem
761 2740 900 2803 monere,
923 2742 965 2783 nc
987 2740 1051 2783 meo

131 2806 254 2867 silentio
282 2806 471 2886 periclitetur
501 2806 567 2866 eius
603 2804 746 2868 studium.
790 2804 900 2867 Gratia
923 2806 981 2867 Dei
1017 2806 1056 2865 sit

132 2907 201 2951 cum
223 2889 365 2951 omnibus
387 2889 486 2949 nobis.

517 3138 556 3201 Δ.
579 3140 672 3204 1530.

134 3256 191 3341 11)
216 3256 412 3319 Praelatio
429 3253 467 3336 θ)
491 3255 528 3317 D.
550 3254 591 3319 M.
614 3256 771 3317 Lutheri
791 3256 831 3317 in
851 3254 1054 3322 loh.Bren·

136 3428 281 3437 nna——

205 3528 236 3591 *l
257 3525 315 3580 Nos
333 3529 437 3579 textum
456 3522 628 3579 reddidimus
647 3521 799 3578 secundum
816 3521 927 3578 Buddsi
947 3522 1057 3592 Suppls

132 3601 252 3651 mentum
272 3596 457 3664 Epistolarum
475 3596 510 3650 Μ.
522 3595 634 3650 Lutheri
652 3612 680 3665 p.
700 3596 759 3662 192,
784 3594 915 3650 collatum
936 3611 998 3650 cnm
1016 3592 1056 3650 ed.

132 3668 204 3736 Epp.
224 3667 302 3723 Luth.
322 3668 505 3736 dsWettiana,
523 3667 557 3723 Τ.
576 3667 614 3724 IV
633 3684 660 3737 p.
680 3668 747 3733 148;
766 3667 927 3738 germanice
937 3665 1056 3723 redditur

133 3737 204 3794 haec
222 3739 359 3808 praelatio
377 3740 405 3793 in
418 3738 629 3809 sd.0pp.Lnth.
640 3737 813 3807 Walchiana,
831 3739 865 3795 Τ.
876 3741 948 3809 x1V,
959 3756 988 3811 p.
998 3738 1054 3803 189,
