2348 4162
205 223 246 297 58
511 224 656 288 Adversus
674 234 808 287 armatum

287 393 398 459 Verum
423 394 495 477 quid
517 416 577 480 ego
599 397 649 460 hic
671 397 769 479 iccio,
791 396 848 460 nisi
871 395 972 460 uthis
995 393 1126 459 stolidos

204 486 235 541 et
256 480 380 542 insanus
404 480 475 544 fiam
497 482 579 564 ipsa,
611 484 660 564 qui
684 501 752 544 cum
787 490 848 545 tam
872 480 994 565 stupido
1017 485 1048 543 st
1064 487 1126 543 sto-

203 563 266 625 lido
291 566 392 645 capite
413 572 444 627 et
461 566 556 628 verba
578 574 760 648 ettempora
782 566 898 646 perdo?
941 563 1021 643 Quid
1044 565 1126 626 enim

200 665 270 708 cum
293 667 331 709 eo
353 650 477 712 tandem
501 650 629 732 efficies,
666 651 716 732 qui
738 669 821 712 novo
853 658 991 713 monstro
1012 648 1125 731 prodit,

203 734 234 793 et
256 732 405 793 ecclesiae
428 734 621 795 autoritatem
645 734 747 816 palam
769 733 902 815 praefert
923 732 1017 798 verbo
1031 731 1126 809 Pauli,

164 886 174 903 „
203 833 266 890 sen,
291 823 323 875 ut
346 817 409 877 vult
436 816 671 899 prudentissime
694 824 724 880 et
745 817 855 879 callide
876 815 1125 900 locutus-videri,

202 918 281 960 sono
305 900 412 960 Pauli?
455 900 506 962 Sic
527 903 607 962 enim
631 901 718 963 dicit:

285 983 376 1061 Dato,
399 983 480 1065 quod
504 985 615 1045 Paulus
636 986 679 1045 iia
702 984 816 1046 diceret
830 981 1002 1067 (quodnon
1026 978 1126 1063 iacit),

202 1085 264 1126 non
288 1073 390 1128 tamen
413 1074 521 1147 contra
544 1087 666 1130 omnem
680 1068 843 1129 ecclesiam
866 1065 1125 1148 perverbaPauli

200 1151 370 1231 protervire
386 1149 412 1229 ¹)
436 1156 600 1230 oporteret.
644 1152 743 1213 Maior
764 1159 811 1212 est
832 1171 940 1213 sensus
963 1148 1125 1235 ecclcsiae,

201 1251 293 1313 quam
315 1252 410 1295 sonus
433 1234 622 1316 scripturae,
650 1255 713 1297 non
735 1241 859 1316 oportet
879 1235 993 1315 ubique
1014 1252 1124 1295 sonum

202 1316 288 1396 sequi
311 1316 495 1399 scripturae.
637 1387 639 1394 ,

284 1400 359 1477 Quis
389 1408 450 1462 tam
479 1422 584 1482 parum
614 1401 653 1463 de
680 1421 714 1463 re
738 1401 911 1462 Christiana
937 1401 1039 1481 novit,
1074 1400 1125 1480 qni

201 1502 263 1544 nou
287 1484 427 1566 olfaciat,
451 1487 518 1566 quis
542 1486 664 1566 spiritus
686 1485 769 1546 halet
790 1483 870 1545 hanc
890 1483 1049 1566 Mephitim
1071 1503 1127 1565 per

200 1573 348 1629 armatam
380 1569 469 1630 istam
497 1568 703 1630 testudinem?
735 1568 867 1645 scilicet,
904 1574 938 1627 ut
964 1567 1055 1630 nobis
1078 1587 1125 1628 su·

200 1657 322 1730 spectas
345 1651 475 1714 reddant
497 1649 688 1733 Scripturas,
712 1670 746 1713 se
768 1653 853 1732 ipsos
876 1657 977 1712 autem
1000 1658 1031 1712 et
1051 1668 1124 1712 suos

200 1735 305 1795 Patres
338 1736 500 1797 ecclesiam
532 1736 648 1797 faciant
708 1734 808 1797 Lallat
840 1736 900 1796 ista
934 1734 1125 1815 nequiticsus

200 1817 335 1880 Satanae
358 1819 510 1899 angelus„
524 1827 556 1879 ιιι
577 1821 632 1880 tuti
655 1819 716 1879 sint
737 1818 775 1880 ab
798 1838 852 1880 ore
874 1817 968 1898 gladii
990 1817 1123 1899 spiritus,

199 1907 262 1962 tum
284 1902 315 1961 iu
339 1920 444 1962 eorum
458 1900 491 1984 ²)
516 1901 640 1963 arbitrio
664 1903 717 1977 sit,
740 1901 812 1981 quid
835 1907 866 1962 et
887 1902 999 1962 sentire
1021 1905 1052 1963 et
1074 1918 1124 1961 so·

199 2004 273 2046 nare
296 1989 448 2064 oporteat.
492 1984 552 2046 sed
565 1985 685 2046 Christo
708 1985 817 2064 gratia,
841 1985 892 2064 qui
914 1984 1037 2066 populis
1060 1983 1124 2044 illu·

198 2069 244 2128 xit
266 2072 296 2127 et
328 2066 432 2129 docuit
453 2069 513 2129 iam
537 2068 642 2131 orbem
687 2066 836 2128 adversus
862 2068 941 2128 hacc
973 2067 1124 2148 sacrilega

197 2155 341 2231 portenta
374 2151 498 2212 verbum
523 2152 580 2212 Dci
602 2151 704 2232 palam
725 2151 972 2231 blasphemantia
999 2151 1045 2212 sio
1078 2169 1124 2211 sa·

198 2252 288 2315 pere,
325 2240 357 2294 ut
391 2235 483 2295 etiam
516 2235 629 2316 angelo
659 2233 697 2294 de
724 2234 814 2296 coelo
837 2253 899 2295 non
923 2233 1067 2313 credaut,
1100 2232 1125 2293 si

198 2317 286 2377 aliter
307 2315 427 2392 doceat,
450 2336 540 2398 quam
563 2323 655 2378 sonat
669 2317 835 2396 Scriptura,
856 2323 890 2376 ut
910 2316 1124 2397 pereatecclc·

198 2401 244 2460 sia
273 2399 325 2459 illa
358 2400 570 2462 testudinacea
597 2418 664 2461 cum
688 2418 745 2461 suo
768 2401 952 2461 sentimenta
975 2407 1006 2461 et
1037 2418 1125 2461 sona·

200 2489 315 2544 ment0.

280 2564 312 2626 ffl
333 2586 428 2627 sonus
449 2564 538 2628 Pauli
562 2571 722 2646 suspectus
746 2572 777 2626 et
798 2584 860 2627 non
878 2565 1054 2644 sequendus
1070 2571 1124 2642 ost,

198 2669 252 2710 our
281 2648 456 2727 sequendus
490 2655 536 2709 aet
573 2669 667 2710 sonus
698 2648 874 2709 ccclesiae?
918 2648 966 2710 An
995 2648 1125 2710 ecclesia

198 2732 359 2794 testudinis
381 2752 504 2793 sensum
527 2732 594 2792 sine
616 2750 693 2793 sono
717 2729 882 2811 aliquando
905 2730 1029 2811 prodit?
1073 2730 1125 2793 So·

198 2823 250 2875 net
272 2834 346 2895 ergo
371 2814 497 2892 Paulus,
521 2821 612 2875 sonet
632 2813 764 2895 testudo,
787 2816 900 2876 sentiat
913 2815 1037 2894 Paulus,
1059 2833 1145 2876 sen*

198 2899 253 2959 tiat
275 2897 397 2959 testudo
420 2917 489 2959 cum
514 2897 723 2959 suaccclcsia.
766 2897 862 2973 Doce,
886 2914 1013 2981 quaeso,
1034 2916 1124 2976 quam

197 3000 306 3041 sonum
330 2989 360 3041 et
384 3000 506 3042 sensnm
529 2980 713 3059 sequemur?
756 2980 805 3041 Αιι
828 2979 1025 3042 denuonova
1048 2982 1125 3042 ratio

195 3064 381 3124 invenienda
404 3072 468 3141 est,
502 3070 535 3124 ιιι
567 3082 625 3124 neo
658 3063 809 3124 ecclesiae
831 3081 957 3140 sonum,
981 3063 1035 3124 sed
1060 3083 1125 3124 sen·

196 3167 262 3208 sum
286 3146 409 3207 alterius
441 3147 593 3207 ecciesiae
624 3145 811 3227 sequamur?
854 3144 914 3206 Sed
943 3146 996 3208 ille
1018 3164 1125 3207 sensus

196 3228 347 3291 ecclesiae
369 3231 477 3290 iterum
501 3229 636 3311 prodibit
649 3229 694 3297 ³).
717 3229 757 3290 Idt
778 3230 838 3289 iam
853 3235 978 3308 quartus
1003 3229 1060 3291 erit
1077 3248 1125 3290 ao·

196 3333 253 3373 nus
282 3315 489 3394 necessarior,
528 3332 589 3392 quo
627 3313 732 3373 tertius
775 3330 885 3374 sensus
929 3310 1124 3374 certificetur.

196 3396 313 3456 Deinde
336 3403 445 3477 quarto
457 3416 535 3458 sono
558 3397 680 3475 quintus
692 3414 787 3456 sonus
808 3393 930 3455 sonabit
945 3414 1001 3475 pro
1017 3400 1124 3476 quarto

203 3555 403 3565 ——-..-—..

269 3670 299 3733 1)
318 3670 349 3722 In
369 3667 412 3722 cd.
432 3670 521 3736 orig.:
543 3670 712 3734 proterrere.
748 3668 780 3725 2t
802 3667 834 3720 In
852 3664 896 3722 sd.
915 3666 983 3727 lem:
1017 3671 1074 3725 tum
1095 3670 1124 3723 ut-

195 3738 224 3799 in
249 3754 351 3800 eorum.
389 3739 421 3813 3)
442 3736 529 3798 Ibida
548 3738 646 3795 iterum
664 3753 734 3796 sono
751 3737 882 3810 prodibit.
