2348 4162
202 245 266 313 532
489 244 683 304 Praelatiouss
700 245 736 304 D.
753 242 788 300 Il.
808 245 840 302 L·

587 420 623 484 A.
647 419 737 486 1536.

205 583 264 668 18)
287 583 491 645 Praelatio
525 584 562 646 1).
584 584 624 650 II.
646 584 803 646 Luthsri
834 585 871 644 in
892 583 1036 645 librum
1057 583 1118 645 Ro

204 667 304 728 berti
326 667 504 756 Barncsii
527 665 572 728 de
594 669 688 729 vitis
710 667 958 730 Pontificum.

287 831 440 894 Robertus
461 831 641 914 Eumenius,
679 834 729 912 qui
763 830 845 913 apud
866 829 987 912 Anglos
1010 831 1120 892 theolo-

205 918 275 997 giae
306 915 462 995 professor
484 922 513 975 at
534 915 657 976 Henrioi
681 915 760 993 VIII,
782 913 913 995 Angliae
934 914 1038 995 regis,
1070 913 1117 974 (ls-

205 1000 345 1080 pellanus
367 1005 442 1074 erat,
462 1004 571 1077 postea
588 1006 702 1076 autem,
724 997 806 1078 quod
818 996 941 1058 Lutheri
953 997 1118 1058 doctrinam

206 1085 236 1142 iu
259 1081 424 1142 Germania
446 1081 605 1161 amplexus
628 1089 702 1160 erat,
725 1080 900 1141 exdecreto
923 1082 1036 1140 summi
1045 1078 1117 1162 apud

206 1164 325 1246 Anglos
347 1170 471 1223 senatus
502 1163 637 1224 haeresis
660 1164 821 1224 damnatus
842 1164 906 1244 igni
928 1171 1059 1225 necatus
1079 1169 1121 1223 est

206 1247 257 1328 (cl.
283 1245 416 1306 Walclrii
448 1245 560 1308 iutrod.
583 1247 613 1305 iu
634 1247 671 1311 Τ.
693 1244 767 1309 XIV
789 1245 868 1327 Opp.
890 1245 979 1309 Luth.
1001 1267 1033 1328 p.
1057 1249 1121 1322 37),

206 1349 288 1391 anno
312 1326 392 1394 1536
415 1328 522 1389 librum
546 1328 642 1390 edidit
663 1330 718 1391 sub
740 1329 802 1390 hoc
823 1329 927 1390 titulo:

289 1411 379 1472 Vitae
396 1410 403 1491 Ι
419 1411 628 1473 Romanorum
651 1413 727 1474 Pou-
746 1415 751 1493 Ι
769 1411 899 1492 tilioum,
926 1428 1006 1491 quos
1028 1411 1122 1493 Papus

248 1512 406 1638 Bocssmuts,
426 1492 613 1654 {ldiligenppr
622 1502 667 1638 ,pt
687 1495 818 1639 fidelipptr
840 1495 904 1637 pol-
923 1496 930 1573 Ι
950 1495 1052 1555 lectae
1072 1513 1122 1576 per

279 1596 726 1640 .mwm.ms
856 1595 1122 1638 mmmm

248 1661 367 1722 veletur
385 1659 390 1742 Ι
410 1663 428 1723 2
450 1661 557 1723 Thess.
572 1658 613 1722 Π.
631 1662 637 1735 Ι
655 1661 861 1742 Witebergae.
881 1663 886 1739 Ι
904 1597 974 1724 lI)I.D
987 1658 1124 1723 XXXVI.

250 1744 283 1803 In
315 1742 391 1803 flue:
425 1741 612 1824 Impreesum
635 1745 759 1806 Viteber
801 1763 819 1804 e
851 1743 932 1824 apud
962 1742 1121 1825 Iosephum

250 1825 337 1906 (llug.
360 1827 418 1889 Au.
441 1827 500 1888 Do.
521 1825 741 1891 M.o.xxva
776 1828 813 1888 ci.
836 1826 978 1907 Schttt-ue,
1001 1826 1124 1888 Luthers

249 1908 385 1989 Ungedr.
407 1909 514 1972 Briele.
535 1906 581 1971 111
602 1929 631 1990 p.
655 1909 745 1983 334).

291 1992 381 2052 Hunc
403 1991 528 2073 librum,
562 1995 613 2072 qui
646 1992 685 2055 ab
717 1992 843 2053 historia
864 1991 946 2051 Petri
970 1993 1078 2073 incipit
1097 1999 1124 2052 el

209 2076 286 2134 vitas
309 2075 458 2154 Paparum
486 2094 582 2154 usque
610 2075 648 2135 ad
671 2075 883 2138 Alexandrum
912 2071 959 2136 III
980 2078 1123 2152 continet,

209 2164 316 2217 auctor
335 2157 467 2218 Haurico
492 2156 593 2236 VIII,
615 2158 747 2240 AngIIae
769 2158 854 2238 regi,
887 2156 938 2217 die
963 2161 1020 2224 10.
1044 2157 1124 2238 Sept.

209 2242 288 2305 1535
311 2239 464 2300 dedIcavit
484 2248 577 2320 atque
609 2242 641 2301 in
671 2240 802 2323 epistola
824 2239 1026 2301 dedicationis
1049 2243 1123 2320 regis

209 2324 312 2384 laudat
333 2324 504 2404 consilium,
527 2322 608 2402 quod
632 2326 735 2405 Papae
753 2323 944 2404 tyrannidem
962 2326 1123 2405 sustulerit,

207 2407 383 2487 Papamque
404 2409 448 2466 ita
469 2406 586 2487 culpat,
620 2413 653 2468 ut
674 2408 821 2469 Caesares
844 2415 874 2466 et
895 2406 1015 2486 Reges,
1051 2426 1123 2487 quos

208 2489 310 2569 Papae
333 2491 485 2570 persecuti
507 2491 577 2568 sint,
599 2491 678 2551 inter
701 2496 848 2570 martyres
871 2496 902 2549 et
924 2497 1049 2552 sanctos
1072 2490 1123 2550 Dei

208 2571 430 2649 numerandos,
457 2571 559 2653 Papus
581 2588 654 2634 vero
677 2573 897 2654 persecutionis
922 2580 1048 2634 autores
1072 2591 1123 2653 pro

208 2656 399 2734 Domitianis,
423 2656 620 2716 Diocletianis
644 2664 674 2716 et
685 2655 858 2717 Neronibus
876 2656 1038 2716 habendos
1061 2675 1124 2716 esse

207 2745 321 2798 statuat
344 2738 399 2818 (cl.
423 2737 633 2798 Seokendorfii
655 2739 731 2802 Hist.
755 2738 916 2801 Lutheran.
940 2738 1006 2802 Iud.
1029 2739 1050 2801 1.
1072 2738 1123 2800 sub

207 2843 235 2884 v.
274 2819 442 2903 Barnesii).
504 2821 582 2881 Huic
614 2821 690 2882 libro
723 2821 943 2903 praefationem
978 2821 1122 2883 Lulherus

207 2906 372 2985 praemisit,
395 2922 496 2983 quam,
520 2905 592 2983 quia
614 2904 689 2965 liber
700 2907 767 2986 ipse
779 2906 933 2965 rarissime
954 2905 1123 2966 inveniatur

208 2993 238 3046 et
259 3006 315 3068 pro
338 2987 497 3067 deperdito
521 2986 626 3047 haberi
649 2994 765 3068 posset,
788 2988 828 3049 ob
844 3006 944 3048 rerum
968 2994 1001 3049 et
1023 2989 1123 3049 verbo

207 3089 271 3128 rum
305 3069 442 3149 pondera
465 3068 702 3132 Seclreudorfius
735 3073 766 3132 in
788 3070 864 3135 Hist.
894 3069 1123 3144 Lutheranismi,

67 3190 72 3200 ι
206 3148 313 3213 IudIce
333 3150 378 3212 III
397 3154 427 3212 iu
451 3152 636 3233 Supplendis
658 3153 697 3214 ad
720 3153 757 3217 A.
782 3156 861 3218 1536
882 3151 1026 3216 reddidit.
1062 3151 1122 3216 Nos

207 3233 373 3295 editionem
408 3236 603 3317 originalem,
637 3256 716 3316 quae
748 3238 778 3298 iu
812 3235 1009 3298 BibIIotheca
1045 3238 1122 3317 regis

206 3317 384 3378 Monacensi
405 3327 589 3398 asservatur,
611 3329 774 3399 sequentes
797 3328 913 3380 textum
936 3319 1027 3380 huius
1041 3338 1121 3401 pras-

205 3399 328 3461 lalionis
349 3401 399 3461 hio
421 3403 618 3483 repetivimus
635 3403 682 3484 *):

205 3753 223 3807 p
253 3665 305 3793 34'3
324 3666 488 3722 Germanice
520 3668 547 3721 iu
578 3665 707 3723 Walchii'
729 3667 772 3721 ed.
802 3681 869 3736 opp.
902 3666 982 3721 Luth.
1011 3668 1043 3722 T.
1068 3665 1118 3719 Illi
