2348 4162
125 260 189 332 562
403 256 595 319 mansores
611 256 645 317 D.
664 259 700 317 ll
718 256 748 315 1.

123 433 229 496 rendit
250 430 412 514 operibus,
442 451 573 513 quorum
605 430 749 511 exempla
782 431 923 512 quotidie
944 429 1047 491 rident

146 521 165 579 ii
189 518 338 596 eoniugea
369 518 401 576 in
430 518 630 597 generatione
662 523 694 575 at
713 513 901 576 adunatione
922 514 1047 575 sobolis.

124 539 247 663 berrue
267 599 343 659 nihil
364 599 483 659 dulcius
504 606 562 676 est„
583 617 674 678 quam
697 599 729 656 in
749 600 898 679 coniugio
919 616 1047 658 eonsen-

125 685 206 745 tiens
227 681 306 742 fides
332 683 432 743 mariti
452 690 482 742 et
502 684 624 758 uxoris,
657 700 718 740 una
740 699 820 741 voee
841 682 941 742 Deum
962 683 1047 740 iuro

126 785 210 828 nana.
253 764 397 845 Regnum
424 765 511 825 alteri
538 763 724 845 praesidium
756 772 806 824 est
826 764 953 825 alterius
973 762 1048 823 tides

147 869 182 910 ro
204 848 302 909 alteru
323 847 457 908 sollicita
476 856 510 908 et
530 847 611 927 apud
635 847 733 906 Deum
755 865 813 926 pro
833 867 872 909 eo
895 847 1046 908 laborans.

124 869 268 1010 benique
288 932 328 990 sit
350 932 524 1009 coniugium
547 931 618 990 talis
639 931 789 1008 societas,
818 929 859 990 de
881 948 944 1010 qua
966 929 1047 990 Obri-

125 1023 189 1075 stus
211 1015 323 1092 inquit:
362 1013 543 1091 Ubieunque
563 1013 626 1074 duo
647 1014 851 1073 convenerint
870 1015 904 1073 iu
924 1013 1047 1072 nomine

127 1115 216 1173 meo,
246 1099 276 1156 in
305 1095 407 1156 medin
430 1115 536 1155 eorum
559 1115 636 1156 sum.
680 1095 763 1154 Vera
784 1095 848 1156 lide
868 1096 986 1176 pariter
1004 1096 1047 1153 in·

127 1188 239 1240 voeeut
259 1180 359 1239 Deum
380 1180 472 1238 eonio
537 1226 548 1261 ‚
584 1178 802 1256 colloquentur
830 1179 913 1250 iuter
945 1196 981 1238 se
1010 1176 1046 1236 de

126 1260 310 1340 Evangelio,
331 1261 454 1321 tradant
514 1261 669 1342 angelium
690 1261 803 1324 liberie.
845 1260 968 1321 Talium
980 1278 1046 1320 eon

125 1345 493 1489 ltlfflttltzffllttl
514 1343 826 1487 millib-2¹¹3
847 1341 1047 1487 ‘illisit‘

125 1510 177 1589 qui
199 1519 234 1570 ut
254 1473 483 1571 torieoetesiae
504 1472 628 1570 molitur
648 1511 784 1588 exitium,
806 1446 850 1569 ab
871 1471 1047 1570 saevissime

124 1594 212 1653 irruit
244 1593 273 1652 in
297 1595 444 1672 coniuges
478 1594 546 1673 pios
569 1599 601 1653 et
622 1594 687 1672 pias
705 1592 844 1656 familias.
889 1591 955 1654 sed
973 1593 1047 1653 inter

125 1675 203 1738 liaeo
239 1676 377 1755 pericula
410 1675 492 1736 lueet
528 1684 703 1736 sauctorum
734 1674 811 1736 iidee
832 1683 863 1736 et
885 1675 1047 1754 triumphat

126 1758 272 1827 Christus.
317 1757 464 1818 Derideul
498 1759 571 1819 talia
602 1759 722 1838 piorum
755 1759 924 1838 coniugum
957 1758 1047 1818 eollo·

126 1843 199 1922 qnia
221 1841 364 1921 Papiriae
389 1843 499 1922 impuri
527 1850 559 1902 et
579 1842 729 1922 inquinati
752 1841 925 1902 eoelibatut
947 1841 1047 1901 defen·

128 1943 233 2000 tores,
253 1925 307 1984 sed
325 1924 398 1984 nihil
422 1925 545 1986 dubium
567 1934 629 2003 eat,
661 1925 801 2004 Papisius
834 1924 963 1985 daturos
983 1941 1047 1984 erse

129 2025 249 2088 poenas
270 2007 503 2085 obscoenitatis,
523 2027 585 2086 qua
606 2007 749 2088 polluunt
770 2015 868 2068 totam
881 2026 984 2068 rerum
1000 2025 1047 2066 nn

128 2099 226 2153 turam
259 2102 290 2150 et
310 2091 409 2151 Deum
434 2089 617 2152 horribiliter
644 2090 813 2153 offendunt
854 2088 1000 2153 Oduras
1020 2095 1048 2151 el

128 2172 242 2234 ferreas
275 2182 393 2234 mentes
424 2174 591 2235 hominum.
635 2173 797 2234 Manifesta
824 2181 896 2234 snut
923 2178 1047 2254 peecata

129 2257 272 2337 Proetus,
294 2257 437 2317 idolatria
450 2265 480 2317 et
501 2256 697 2317 foedissimae
711 2257 863 2338 libidines,
886 2265 918 2318 et
940 2276 1046 2338 poene,

128 2342 246 2402 soilioel
266 2340 396 2401 Tureioa
418 2341 528 2419 rabies,
551 2343 648 2401 estin
671 2349 856 2422 eonspeotu,
896 2350 928 2403 el
949 2350 1046 2404 tamen

129 2423 229 2484 adhue
255 2424 417 2485 laudentur
449 2431 480 2483 el
511 2423 715 2484 defenduntur
747 2434 807 2485 tam
843 2424 1048 2486 abominanda

129 2507 256 2568 seelera.
302 2507 372 2568 ldeo
395 2525 517 2567 oremus
539 2505 651 2582 Deum,
673 2515 707 2568 ut
729 2526 819 2587 quam
844 2510 1049 2588 primumillu·

129 2597 233 2651 oesnat
253 2588 306 2650 ille
339 2593 403 2650 dies
427 2590 577 2650 eeclesiae
599 2589 799 2670 laetissimus,
828 2610 891 2671 quo
915 2593 1047 2653 Christus

130 2672 231 2753 pelam
270 2692 304 2733 se
337 2671 478 2734 ostendet
512 2672 626 2733 mundo
661 2682 693 2734 et
713 2676 903 2735 resuscitatis
926 2676 1046 2737 mortuis

130 2756 285 2818 diabolum
312 2763 344 2817 et
370 2758 482 2837 impios
510 2758 540 2815 in
567 2764 708 2816 aeternas
735 2777 854 2838 poenas
876 2758 1002 2819 abiioiet
1020 2765 1046 2816 et

129 2838 314 2919 glorificabit
335 2847 474 2916 anetum,
497 2840 599 2919 quiin
623 2841 741 2921 maguis
765 2843 920 2903 aerumnis
944 2844 974 2903 iu
995 2842 1047 2901 huo

131 2925 193 2984 rita
214 2923 385 3004 Evangelio
407 2923 640 3003 obtemperavit.

515 3172 552 3234 A.
576 3173 667 3238 1543.

132 3339 188 3417 27)
212 3338 248 3401 D.
272 3337 489 3400 unalteri
512 3339 765 3420 pra‘el'alioiu

173 3420 494 3483 Declamationes
516 3423 731 3483 illustrium
761 3421 982 3502 prinoipum
1003 3423 1048 3482 iu·

172 3505 318 3564 niorum
342 3504 549 3583 Sertorius,
571 3506 716 3567 iohannis
738 3503 883 3566 Friderioi
906 3505 934 3565 ll
957 3514 988 3566 et
1008 3506 1049 3566 lo·

171 3586 280 3647 bannis
304 3584 457 3647 Wilhelmi
479 3589 614 3654 fratrum.
637 3591 728 3650 Auno
751 3587 1001 3668 M.D.XLHI*).

202 3769 233 3844 *)
256 3770 366 3849 Integer
396 3771 493 3827 titulus
511 3771 592 3827 huius
614 3769 756 3828 librl'estr
784 3770 937 3830 Illustrium
955 3769 1049 3847 prinei·
