<?xml version="1.0" encoding="UTF-8"?>
<!DOCTYPE html PUBLIC "-//W3C//DTD XHTML 1.0 Transitional//EN"
    "http://www.w3.org/TR/xhtml1/DTD/xhtml1-transitional.dtd">
<html xmlns="http://www.w3.org/1999/xhtml" xml:lang="en" lang="en">
 <head>
  <title>
</title>
<meta http-equiv="Content-Type" content="text/html;charset=utf-8" />
  <meta name='ocr-system' content='tesseract 3.04.00' />
  <meta name='ocr-capabilities' content='ocr_page ocr_carea ocr_par ocr_line ocrx_word'/>
</head>
<body>
  <div class='ocr_page' id='page_1' title='image "./dmartinilutheri02luthgoog_0171.png"; bbox 0 0 2348 4162; ppageno 0'>
   <div class='ocr_carea' id='block_1_1' title="bbox 192 247 865 316">
    <p class='ocr_par' dir='ltr' id='par_1_1' title="bbox 192 247 865 316">
     <span class='ocr_line' id='line_1_1' title="bbox 192 247 865 316; baseline -0.007 -7"><span class='ocrx_word' id='word_1_1' title='bbox 192 249 255 316; x_wconf 83' lang='grc'><strong>160</strong></span> <span class='ocrx_word' id='word_1_2' title='bbox 433 249 476 305; x_wconf 88' lang='lat' dir='ltr'><strong>De</strong></span> <span class='ocrx_word' id='word_1_3' title='bbox 494 263 575 305; x_wconf 89' lang='lat' dir='ltr'><strong>servo</strong></span> <span class='ocrx_word' id='word_1_4' title='bbox 594 247 708 304; x_wconf 87' lang='lat' dir='ltr'><strong>arbitrio</strong></span> <span class='ocrx_word' id='word_1_5' title='bbox 726 248 761 305; x_wconf 90' lang='lat' dir='ltr'><strong>D.</strong></span> <span class='ocrx_word' id='word_1_6' title='bbox 781 249 816 304; x_wconf 85' lang='lat' dir='ltr'><strong>ll.</strong></span> <span class='ocrx_word' id='word_1_7' title='bbox 835 250 865 306; x_wconf 86' lang='lat' dir='ltr'><strong>L.</strong></span> 
     </span>
    </p>
   </div>
   <div class='ocr_carea' id='block_1_2' title="bbox 193 417 1117 582">
    <p class='ocr_par' dir='ltr' id='par_1_2' title="bbox 193 417 1117 582">
     <span class='ocr_line' id='line_1_2' title="bbox 193 417 1114 501; baseline -0.002 -19"><span class='ocrx_word' id='word_1_8' title='bbox 193 421 310 482; x_wconf 87' lang='lat' dir='ltr'><strong>donare</strong></span> <span class='ocrx_word' id='word_1_9' title='bbox 322 425 437 500; x_wconf 87' lang='lat' dir='ltr'><strong>posset,</strong></span> <span class='ocrx_word' id='word_1_10' title='bbox 460 418 635 498; x_wconf 84' lang='lat' dir='ltr'><strong>faeeretquo</strong></span> <span class='ocrx_word' id='word_1_11' title='bbox 648 417 681 493; x_wconf 90' lang='lat' dir='ltr'><strong>id</strong></span> <span class='ocrx_word' id='word_1_12' title='bbox 698 417 783 480; x_wconf 89' lang='lat' dir='ltr'><strong>velut</strong></span> <span class='ocrx_word' id='word_1_13' title='bbox 803 419 895 500; x_wconf 84' lang='lat' dir='ltr'><strong>serio,</strong></span> <span class='ocrx_word' id='word_1_14' title='bbox 916 419 1000 480; x_wconf 92' lang='lat' dir='ltr'><strong>nulla</strong></span> <span class='ocrx_word' id='word_1_15' title='bbox 1012 419 1114 501; x_wconf 81' lang='lat' dir='ltr'><strong>ligura</strong></span> 
     </span>
     <span class='ocr_line' id='line_1_3' title="bbox 193 501 1117 582; baseline -0.001 -18"><span class='ocrx_word' id='word_1_16' title='bbox 193 504 378 582; x_wconf 82' lang='lat' dir='ltr'><strong>locutionis,</strong></span> <span class='ocrx_word' id='word_1_17' title='bbox 406 501 523 564; x_wconf 81' lang='lat' dir='ltr'><strong>seilicet</strong></span> <span class='ocrx_word' id='word_1_18' title='bbox 543 503 593 563; x_wconf 89' lang='lat' dir='ltr'><strong>vel</strong></span> <span class='ocrx_word' id='word_1_19' title='bbox 615 501 809 582; x_wconf 82' lang='lat' dir='ltr'><strong>antiphrasi,</strong></span> <span class='ocrx_word' id='word_1_20' title='bbox 842 503 906 565; x_wconf 87' lang='lat' dir='ltr'><strong>vel·</strong></span> <span class='ocrx_word' id='word_1_21' title='bbox 920 504 1035 570; x_wconf 86' lang='lat' dir='ltr'><strong>ironia:</strong></span> <span class='ocrx_word' id='word_1_22' title='bbox 1069 503 1117 564; x_wconf 91' lang='lat' dir='ltr'><strong>sio</strong></span> 
     </span>
    </p>
   </div>
   <div class='ocr_carea' id='block_1_3' title="bbox 96 585 1118 668">
    <p class='ocr_par' dir='ltr' id='par_1_3' title="bbox 96 585 1118 668">
     <span class='ocr_line' id='line_1_4' title="bbox 96 585 1118 668; baseline -0.001 -20"><span class='ocrx_word' id='word_1_23' title='bbox 96 632 99 639; x_wconf 80' lang='grc'><em>.</em></span> <span class='ocrx_word' id='word_1_24' title='bbox 178 593 353 666; x_wconf 86' lang='lat' dir='ltr'><strong>&#39;aegrotum</strong></span> <span class='ocrx_word' id='word_1_25' title='bbox 386 605 484 665; x_wconf 87' lang='lat' dir='ltr'><strong>usque</strong></span> <span class='ocrx_word' id='word_1_26' title='bbox 518 585 557 646; x_wconf 89' lang='lat' dir='ltr'><strong>ad</strong></span> <span class='ocrx_word' id='word_1_27' title='bbox 579 591 709 646; x_wconf 86' lang='lat' dir='ltr'><strong>mortem</strong></span> <span class='ocrx_word' id='word_1_28' title='bbox 742 586 876 666; x_wconf 80' lang='lat' dir='ltr'><strong>pertenta</strong></span> <span class='ocrx_word' id='word_1_29' title='bbox 914 606 1043 668; x_wconf 88' lang='lat' dir='ltr'><strong>sanum,</strong></span> <span class='ocrx_word' id='word_1_30' title='bbox 1071 587 1118 647; x_wconf 86' lang='lat' dir='ltr'><strong>its</strong></span> 
     </span>
    </p>
   </div>
   <div class='ocr_carea' id='block_1_4' title="bbox 126 669 1119 1167">
    <p class='ocr_par' dir='ltr' id='par_1_4' title="bbox 126 669 1119 1167">
     <span class='ocr_line' id='line_1_5' title="bbox 193 669 1115 749; baseline 0 -19"><span class='ocrx_word' id='word_1_31' title='bbox 193 689 288 749; x_wconf 88' lang='lat' dir='ltr'><strong>sane,</strong></span> <span class='ocrx_word' id='word_1_32' title='bbox 311 671 382 749; x_wconf 87' lang='lat' dir='ltr'><strong>quie</strong></span> <span class='ocrx_word' id='word_1_33' title='bbox 404 669 480 729; x_wconf 90' lang='lat' dir='ltr'><strong>alter</strong></span> <span class='ocrx_word' id='word_1_34' title='bbox 511 669 555 728; x_wconf 90' lang='lat' dir='ltr'><strong>illi</strong></span> <span class='ocrx_word' id='word_1_35' title='bbox 576 675 683 749; x_wconf 88' lang='lat' dir='ltr'><strong>posset</strong></span> <span class='ocrx_word' id='word_1_36' title='bbox 713 688 801 730; x_wconf 87' lang='lat' dir='ltr'><strong>suam</strong></span> <span class='ocrx_word' id='word_1_37' title='bbox 834 671 998 732; x_wconf 83' lang='lat' dir='ltr'><strong>sanitatem</strong></span> <span class='ocrx_word' id='word_1_38' title='bbox 1020 670 1115 731; x_wconf 86' lang='lat' dir='ltr'><strong>dare:</strong></span> 
     </span>
     <span class='ocr_line' id='line_1_6' title="bbox 126 748 1114 833; baseline 0 -20"><span class='ocrx_word' id='word_1_39' title='bbox 126 748 128 753; x_wconf 76' lang='grc'><strong>’</strong></span> <span class='ocrx_word' id='word_1_40' title='bbox 192 754 274 832; x_wconf 88' lang='lat' dir='ltr'><strong>item,</strong></span> <span class='ocrx_word' id='word_1_41' title='bbox 297 755 322 813; x_wconf 93' lang='lat' dir='ltr'><strong>si</strong></span> <span class='ocrx_word' id='word_1_42' title='bbox 334 753 595 813; x_wconf 85' lang='lat' dir='ltr'><strong>illiteratissimum</strong></span> <span class='ocrx_word' id='word_1_43' title='bbox 611 750 739 813; x_wconf 89' lang='lat' dir='ltr'><strong>idiotam</strong></span> <span class='ocrx_word' id='word_1_44' title='bbox 757 760 847 814; x_wconf 86' lang='lat' dir='ltr'><strong>vooet</strong></span> <span class='ocrx_word' id='word_1_45' title='bbox 862 753 1114 833; x_wconf 77' lang='lat' dir='ltr'><strong>literatissimum,</strong></span> 
     </span>
     <span class='ocr_line' id='line_1_7' title="bbox 192 835 1118 917; baseline 0.002 -21"><span class='ocrx_word' id='word_1_46' title='bbox 192 839 267 916; x_wconf 82' lang='lat' dir='ltr'><strong>quia</strong></span> <span class='ocrx_word' id='word_1_47' title='bbox 297 836 372 897; x_wconf 84' lang='lat' dir='ltr'><strong>alter</strong></span> <span class='ocrx_word' id='word_1_48' title='bbox 394 835 670 915; x_wconf 71' lang='lat' dir='ltr'><strong>quispiam&#39;literas</strong></span> <span class='ocrx_word' id='word_1_49' title='bbox 704 835 784 896; x_wconf 87' lang='lat' dir='ltr'><strong>forte</strong></span> <span class='ocrx_word' id='word_1_50' title='bbox 812 835 886 898; x_wconf 86' lang='lat' dir='ltr'><strong>dare</strong></span> <span class='ocrx_word' id='word_1_51' title='bbox 908 843 1026 917; x_wconf 88' lang='lat' dir='ltr'><strong>posset.</strong></span> <span class='ocrx_word' id='word_1_52' title='bbox 1068 835 1118 897; x_wconf 90' lang='lat' dir='ltr'><strong>Ita</strong></span> 
     </span>
     <span class='ocr_line' id='line_1_8' title="bbox 193 918 1116 999; baseline -0.001 -19"><span class='ocrx_word' id='word_1_53' title='bbox 193 929 222 980; x_wconf 88' lang='lat' dir='ltr'><strong>et</strong></span> <span class='ocrx_word' id='word_1_54' title='bbox 244 920 294 980; x_wconf 89' lang='lat' dir='ltr'><strong>hio</strong></span> <span class='ocrx_word' id='word_1_55' title='bbox 315 925 421 980; x_wconf 89' lang='lat' dir='ltr'><strong>sonat:</strong></span> <span class='ocrx_word' id='word_1_56' title='bbox 446 918 547 980; x_wconf 88' lang='lat' dir='ltr'>Homo</span> <span class='ocrx_word' id='word_1_57' title='bbox 570 926 617 979; x_wconf 84' lang='lat' dir='ltr'><strong>est</strong></span> <span class='ocrx_word' id='word_1_58' title='bbox 638 918 725 979; x_wconf 87' lang='lat' dir='ltr'><strong>liberi</strong></span> <span class='ocrx_word' id='word_1_59' title='bbox 747 919 883 999; x_wconf 85' lang='lat' dir='ltr'><strong>arbitrii,</strong></span> <span class='ocrx_word' id='word_1_60' title='bbox 904 921 948 981; x_wconf 89' lang='lat' dir='ltr'><strong>ita</strong></span> <span class='ocrx_word' id='word_1_61' title='bbox 969 938 1066 998; x_wconf 90' lang='lat' dir='ltr'><strong>sane,</strong></span> <span class='ocrx_word' id='word_1_62' title='bbox 1087 919 1116 981; x_wconf 89' lang='lat' dir='ltr'><strong>si</strong></span> 
     </span>
     <span class='ocr_line' id='line_1_9' title="bbox 193 1000 1118 1083; baseline 0 -20"><span class='ocrx_word' id='word_1_63' title='bbox 193 1004 275 1064; x_wconf 86' lang='lat' dir='ltr'><strong>Deus</strong></span> <span class='ocrx_word' id='word_1_64' title='bbox 307 1002 352 1063; x_wconf 93' lang='lat' dir='ltr'><strong>illi</strong></span> <span class='ocrx_word' id='word_1_65' title='bbox 378 1022 465 1063; x_wconf 88' lang='lat' dir='ltr'><strong>suum</strong></span> <span class='ocrx_word' id='word_1_66' title='bbox 493 1001 687 1065; x_wconf 89' lang='lat' dir='ltr'><strong>oonoederet.</strong></span> <span class='ocrx_word' id='word_1_67' title='bbox 738 1002 807 1064; x_wconf 86' lang='lat' dir='ltr'><strong>Hoo</strong></span> <span class='ocrx_word' id='word_1_68' title='bbox 827 1003 935 1065; x_wconf 79' lang='lat' dir='ltr'><strong>abusu</strong></span> <span class='ocrx_word' id='word_1_69' title='bbox 967 1000 1118 1083; x_wconf 89' lang='lat' dir='ltr'><strong>loquendi</strong></span> 
     </span>
     <span class='ocr_line' id='line_1_10' title="bbox 192 1085 1119 1167; baseline 0 -21"><span class='ocrx_word' id='word_1_70' title='bbox 192 1085 319 1166; x_wconf 80' lang='lat' dir='ltr'><strong>quilibet</strong></span> <span class='ocrx_word' id='word_1_71' title='bbox 340 1085 378 1145; x_wconf 88' lang='lat' dir='ltr'><strong>de</strong></span> <span class='ocrx_word' id='word_1_72' title='bbox 400 1085 536 1164; x_wconf 92' lang='lat' dir='ltr'><strong>quolibet</strong></span> <span class='ocrx_word' id='word_1_73' title='bbox 558 1105 628 1147; x_wconf 87' lang='lat' dir='ltr'><strong>sese</strong></span> <span class='ocrx_word' id='word_1_74' title='bbox 649 1086 764 1147; x_wconf 78' lang='lat' dir='ltr'><strong>iactare</strong></span> <span class='ocrx_word' id='word_1_75' title='bbox 785 1093 912 1167; x_wconf 86' lang='lat' dir='ltr'><strong>posset,</strong></span> <span class='ocrx_word' id='word_1_76' title='bbox 941 1093 975 1148; x_wconf 86' lang='lat' dir='ltr'><strong>ut</strong></span> <span class='ocrx_word' id='word_1_77' title='bbox 995 1086 1047 1147; x_wconf 88' lang='lat' dir='ltr'><strong>ille</strong></span> <span class='ocrx_word' id='word_1_78' title='bbox 1069 1091 1119 1147; x_wconf 86' lang='lat' dir='ltr'><strong>est</strong></span> 
     </span>
    </p>
   </div>
   <div class='ocr_carea' id='block_1_5' title="bbox 94 1152 1117 1248">
    <p class='ocr_par' dir='ltr' id='par_1_5' title="bbox 94 1152 1117 1248">
     <span class='ocr_line' id='line_1_11' title="bbox 94 1152 1117 1248; baseline 0.001 -18"><span class='ocrx_word' id='word_1_79' title='bbox 94 1152 107 1201; x_wconf 70' lang='lat' dir='ltr'><em>f</em></span> <span class='ocrx_word' id='word_1_80' title='bbox 193 1168 334 1230; x_wconf 89' lang='lat' dir='ltr'><strong>dominus</strong></span> <span class='ocrx_word' id='word_1_81' title='bbox 364 1169 443 1229; x_wconf 90' lang='lat' dir='ltr'><strong>ooeli</strong></span> <span class='ocrx_word' id='word_1_82' title='bbox 465 1176 496 1229; x_wconf 90' lang='lat' dir='ltr'><strong>et</strong></span> <span class='ocrx_word' id='word_1_83' title='bbox 517 1176 635 1248; x_wconf 89' lang='lat' dir='ltr'><strong>terrae,</strong></span> <span class='ocrx_word' id='word_1_84' title='bbox 665 1169 797 1230; x_wconf 76' lang='lat' dir='ltr'><strong>sibeos</strong></span> <span class='ocrx_word' id='word_1_85' title='bbox 825 1170 887 1231; x_wconf 86' lang='lat' dir='ltr'><strong>hoo</strong></span> <span class='ocrx_word' id='word_1_86' title='bbox 919 1170 947 1230; x_wconf 90' lang='lat' dir='ltr'><strong>ei</strong></span> <span class='ocrx_word' id='word_1_87' title='bbox 976 1168 1117 1231; x_wconf 87' lang='lat' dir='ltr'><strong>donaret.</strong></span> 
     </span>
    </p>
   </div>
   <div class='ocr_carea' id='block_1_6' title="bbox 163 1252 1120 2332">
    <p class='ocr_par' dir='ltr' id='par_1_6' title="bbox 192 1252 1120 1564">
     <span class='ocr_line' id='line_1_12' title="bbox 193 1252 1120 1334; baseline -0.001 -20"><span class='ocrx_word' id='word_1_88' title='bbox 193 1252 234 1315; x_wconf 85' lang='lat' dir='ltr'><strong>Ar</strong></span> <span class='ocrx_word' id='word_1_89' title='bbox 266 1253 326 1313; x_wconf 92' lang='lat' dir='ltr'><strong>boe</strong></span> <span class='ocrx_word' id='word_1_90' title='bbox 355 1271 422 1313; x_wconf 82' lang='lat' dir='ltr'><strong>non·</strong></span> <span class='ocrx_word' id='word_1_91' title='bbox 452 1259 499 1312; x_wconf 89' lang='lat' dir='ltr'><strong>est</strong></span> <span class='ocrx_word' id='word_1_92' title='bbox 526 1253 758 1334; x_wconf 86' lang='lat' dir='ltr'><strong>theologorum,</strong></span> <span class='ocrx_word' id='word_1_93' title='bbox 794 1253 849 1313; x_wconf 83' lang='lat' dir='ltr'><strong>s&#39;ed</strong></span> <span class='ocrx_word' id='word_1_94' title='bbox 882 1253 1063 1314; x_wconf 79' lang='lat' dir='ltr'><strong>histrionum</strong></span> <span class='ocrx_word' id='word_1_95' title='bbox 1086 1258 1120 1313; x_wconf 85' lang='lat' dir='ltr'><strong>et</strong></span> 
     </span>
     <span class='ocr_line' id='line_1_13' title="bbox 193 1335 1118 1416; baseline 0.002 -21"><span class='ocrx_word' id='word_1_96' title='bbox 193 1335 472 1415; x_wconf 86' lang='lat' dir='ltr'><strong>quadruplatorum.</strong></span> <span class='ocrx_word' id='word_1_97' title='bbox 515 1335 735 1397; x_wconf 85' lang='lat' dir='ltr'><strong>Nostraverba</strong></span> <span class='ocrx_word' id='word_1_98' title='bbox 755 1335 869 1399; x_wconf 87' lang='lat' dir='ltr'><strong>debent</strong></span> <span class='ocrx_word' id='word_1_99' title='bbox 890 1355 959 1397; x_wconf 89' lang='lat' dir='ltr'><strong>esse</strong></span> <span class='ocrx_word' id='word_1_100' title='bbox 980 1335 1118 1416; x_wconf 87' lang='lat' dir='ltr'><strong>propria,</strong></span> 
     </span>
     <span class='ocr_line' id='line_1_14' title="bbox 192 1419 1117 1501; baseline -0.001 -21"><span class='ocrx_word' id='word_1_101' title='bbox 192 1439 279 1499; x_wconf 86' lang='lat' dir='ltr'><strong>pura,</strong></span> <span class='ocrx_word' id='word_1_102' title='bbox 301 1419 414 1497; x_wconf 82' lang='lat' dir='ltr'><strong>sobrio,</strong></span> <span class='ocrx_word' id='word_1_103' title='bbox 436 1425 476 1499; x_wconf 92' lang='lat' dir='ltr'><strong>et,</strong></span> <span class='ocrx_word' id='word_1_104' title='bbox 488 1423 522 1478; x_wconf 89' lang='lat' dir='ltr'><strong>ut</strong></span> <span class='ocrx_word' id='word_1_105' title='bbox 542 1419 654 1480; x_wconf 91' lang='lat' dir='ltr'><strong>Paulus</strong></span> <span class='ocrx_word' id='word_1_106' title='bbox 676 1419 758 1501; x_wconf 88' lang='lat' dir='ltr'><strong>dioit,</strong></span> <span class='ocrx_word' id='word_1_107' title='bbox 782 1439 859 1481; x_wconf 91' lang='lat' dir='ltr'><strong>sana</strong></span> <span class='ocrx_word' id='word_1_108' title='bbox 871 1426 902 1481; x_wconf 86' lang='lat' dir='ltr'><strong>et</strong></span> <span class='ocrx_word' id='word_1_109' title='bbox 922 1419 1117 1500; x_wconf 79' lang='lat' dir='ltr'><strong>irrepreben-</strong></span> 
     </span>
     <span class='ocr_line' id='line_1_15' title="bbox 192 1502 301 1564; baseline 0 0"><span class='ocrx_word' id='word_1_110' title='bbox 192 1502 301 1564; x_wconf 87' lang='lat' dir='ltr'><strong>sibilie.</strong></span> 
     </span>
    </p>

    <p class='ocr_par' dir='ltr' id='par_1_7' title="bbox 163 1584 1118 2332">
     <span class='ocr_line' id='line_1_16' title="bbox 276 1584 1117 1664; baseline 0.002 -19"><span class='ocrx_word' id='word_1_111' title='bbox 276 1584 394 1662; x_wconf 78' lang='lat' dir='ltr'><strong>Quodsi</strong></span> <span class='ocrx_word' id='word_1_112' title='bbox 417 1585 543 1646; x_wconf 92' lang='lat' dir='ltr'><strong>omnino</strong></span> <span class='ocrx_word' id='word_1_113' title='bbox 571 1602 679 1645; x_wconf 89' lang='lat' dir='ltr'><strong>vooem</strong></span> <span class='ocrx_word' id='word_1_114' title='bbox 702 1603 770 1645; x_wconf 89' lang='lat' dir='ltr'><strong>eam</strong></span> <span class='ocrx_word' id='word_1_115' title='bbox 794 1587 935 1647; x_wconf 83' lang='lat' dir='ltr'><strong>omittere</strong></span> <span class='ocrx_word' id='word_1_116' title='bbox 957 1584 1117 1664; x_wconf 90' lang='lat' dir='ltr'><strong>nolumus,</strong></span> 
     </span>
     <span class='ocr_line' id='line_1_17' title="bbox 193 1666 1118 1751; baseline -0.002 -21"><span class='ocrx_word' id='word_1_117' title='bbox 193 1668 275 1751; x_wconf 92' lang='lat' dir='ltr'><strong>quod</strong></span> <span class='ocrx_word' id='word_1_118' title='bbox 299 1676 381 1730; x_wconf 88' lang='lat' dir='ltr'><strong>esset</strong></span> <span class='ocrx_word' id='word_1_119' title='bbox 402 1668 585 1729; x_wconf 90' lang='lat' dir='ltr'><strong>tutissimum</strong></span> <span class='ocrx_word' id='word_1_120' title='bbox 609 1668 924 1748; x_wconf 86' lang='lat' dir='ltr'><strong>etreligiosissimum,</strong></span> <span class='ocrx_word' id='word_1_121' title='bbox 948 1666 1118 1731; x_wconf 84' lang='lat' dir='ltr'><strong>bonafide</strong></span> 
     </span>
     <span class='ocr_line' id='line_1_18' title="bbox 192 1749 1117 1830; baseline -0.004 -16"><span class='ocrx_word' id='word_1_122' title='bbox 192 1762 294 1814; x_wconf 89' lang='lat' dir='ltr'><strong>tamen</strong></span> <span class='ocrx_word' id='word_1_123' title='bbox 317 1758 443 1813; x_wconf 88' lang='lat' dir='ltr'><strong>eatenus</strong></span> <span class='ocrx_word' id='word_1_124' title='bbox 461 1753 508 1811; x_wconf 86' lang='lat' dir='ltr'><strong>uti</strong></span> <span class='ocrx_word' id='word_1_125' title='bbox 532 1751 725 1830; x_wconf 88' lang='lat' dir='ltr'><strong>dooesmus,</strong></span> <span class='ocrx_word' id='word_1_126' title='bbox 757 1757 791 1812; x_wconf 91' lang='lat' dir='ltr'><strong>ut</strong></span> <span class='ocrx_word' id='word_1_127' title='bbox 818 1751 935 1813; x_wconf 92' lang='lat' dir='ltr'><strong>homini</strong></span> <span class='ocrx_word' id='word_1_128' title='bbox 956 1749 1117 1812; x_wconf 82' lang='lat' dir='ltr'><strong>arbitrium</strong></span> 
     </span>
     <span class='ocr_line' id='line_1_19' title="bbox 192 1829 1117 1915; baseline -0.002 -18"><span class='ocrx_word' id='word_1_129' title='bbox 192 1836 320 1897; x_wconf 88' lang='lat' dir='ltr'><strong>liberum</strong></span> <span class='ocrx_word' id='word_1_130' title='bbox 341 1852 402 1895; x_wconf 93' lang='lat' dir='ltr'><strong>uon</strong></span> <span class='ocrx_word' id='word_1_131' title='bbox 425 1842 566 1914; x_wconf 89' lang='lat' dir='ltr'><strong>respeotu</strong></span> <span class='ocrx_word' id='word_1_132' title='bbox 588 1836 763 1915; x_wconf 87' lang='lat' dir='ltr'><strong>superioris,</strong></span> <span class='ocrx_word' id='word_1_133' title='bbox 785 1835 840 1897; x_wconf 94' lang='lat' dir='ltr'><strong>sed</strong></span> <span class='ocrx_word' id='word_1_134' title='bbox 852 1829 970 1897; x_wconf 85' lang='lat' dir='ltr'><strong>tanturn</strong></span> <span class='ocrx_word' id='word_1_135' title='bbox 993 1833 1117 1895; x_wconf 88' lang='lat' dir='ltr'><strong>inferio·</strong></span> 
     </span>
     <span class='ocr_line' id='line_1_20' title="bbox 192 1917 1116 1999; baseline -0.002 -20"><span class='ocrx_word' id='word_1_136' title='bbox 192 1921 232 1980; x_wconf 90' lang='lat' dir='ltr'><strong>ris</strong></span> <span class='ocrx_word' id='word_1_137' title='bbox 255 1938 289 1978; x_wconf 92' lang='lat' dir='ltr'><strong>se</strong></span> <span class='ocrx_word' id='word_1_138' title='bbox 310 1919 354 1979; x_wconf 90' lang='lat' dir='ltr'><strong>rei</strong></span> <span class='ocrx_word' id='word_1_139' title='bbox 378 1918 574 1999; x_wconf 86' lang='lat' dir='ltr'><strong>oonoedetur,</strong></span> <span class='ocrx_word' id='word_1_140' title='bbox 597 1917 657 1979; x_wconf 91' lang='lat' dir='ltr'><strong>hoo</strong></span> <span class='ocrx_word' id='word_1_141' title='bbox 680 1924 736 1997; x_wconf 87' lang='lat' dir='ltr'><strong>est,</strong></span> <span class='ocrx_word' id='word_1_142' title='bbox 760 1924 793 1979; x_wconf 92' lang='lat' dir='ltr'><strong>ut</strong></span> <span class='ocrx_word' id='word_1_143' title='bbox 806 1919 885 1981; x_wconf 88' lang='lat' dir='ltr'><strong>soiat</strong></span> <span class='ocrx_word' id='word_1_144' title='bbox 906 1937 976 1979; x_wconf 88' lang='lat' dir='ltr'><strong>sese</strong></span> <span class='ocrx_word' id='word_1_145' title='bbox 997 1919 1030 1979; x_wconf 90' lang='lat' dir='ltr'><strong>in</strong></span> <span class='ocrx_word' id='word_1_146' title='bbox 1051 1917 1116 1979; x_wconf 90' lang='lat' dir='ltr'><strong>suis</strong></span> 
     </span>
     <span class='ocr_line' id='line_1_21' title="bbox 191 1999 1115 2081; baseline -0.001 -18"><span class='ocrx_word' id='word_1_147' title='bbox 191 2001 384 2064; x_wconf 82' lang='lat' dir='ltr'><strong>facultatibus</strong></span> <span class='ocrx_word' id='word_1_148' title='bbox 407 2008 438 2062; x_wconf 88' lang='lat' dir='ltr'><strong>et</strong></span> <span class='ocrx_word' id='word_1_149' title='bbox 460 2001 841 2081; x_wconf 80' lang='lat' dir='ltr'><strong>possessionibushabere</strong></span> <span class='ocrx_word' id='word_1_150' title='bbox 863 2003 911 2063; x_wconf 92' lang='lat' dir='ltr'><strong>ius</strong></span> <span class='ocrx_word' id='word_1_151' title='bbox 933 1999 1050 2080; x_wconf 85' lang='lat' dir='ltr'><strong>utendi,</strong></span> <span class='ocrx_word' id='word_1_152' title='bbox 1072 2000 1115 2062; x_wconf 76' lang='lat' dir='ltr'><strong>io</strong></span> 
     </span>
     <span class='ocr_line' id='line_1_22' title="bbox 163 2084 1115 2168; baseline -0.002 -22"><span class='ocrx_word' id='word_1_153' title='bbox 163 2092 177 2113; x_wconf 83' lang='lat'>·</span> <span class='ocrx_word' id='word_1_154' title='bbox 191 2085 301 2163; x_wconf 88' lang='lat' dir='ltr'><strong>oiendi,</strong></span> <span class='ocrx_word' id='word_1_155' title='bbox 323 2086 482 2168; x_wconf 81' lang='lat' dir='ltr'><strong>omittendi</strong></span> <span class='ocrx_word' id='word_1_156' title='bbox 505 2104 560 2165; x_wconf 89' lang='lat' dir='ltr'><strong>pro</strong></span> <span class='ocrx_word' id='word_1_157' title='bbox 584 2085 680 2147; x_wconf 90' lang='lat' dir='ltr'><strong>libero</strong></span> <span class='ocrx_word' id='word_1_158' title='bbox 703 2085 845 2166; x_wconf 86' lang='lat' dir='ltr'><strong>arbitrio,</strong></span> <span class='ocrx_word' id='word_1_159' title='bbox 868 2084 941 2147; x_wconf 89' lang='lat' dir='ltr'><strong>lioet</strong></span> <span class='ocrx_word' id='word_1_160' title='bbox 963 2092 994 2146; x_wconf 90' lang='lat' dir='ltr'><strong>et</strong></span> <span class='ocrx_word' id='word_1_161' title='bbox 1015 2084 1045 2145; x_wconf 96' lang='lat' dir='ltr'><strong>id</strong></span> <span class='ocrx_word' id='word_1_162' title='bbox 1070 2084 1115 2165; x_wconf 65' lang='lat' dir='ltr'><strong>io</strong></span> 
     </span>
     <span class='ocr_line' id='line_1_23' title="bbox 192 2167 1116 2249; baseline -0.002 -20"><span class='ocrx_word' id='word_1_163' title='bbox 192 2189 258 2229; x_wconf 90' lang='lat' dir='ltr'><strong>eum</strong></span> <span class='ocrx_word' id='word_1_164' title='bbox 280 2176 403 2248; x_wconf 86' lang='lat' dir='ltr'><strong>regatur</strong></span> <span class='ocrx_word' id='word_1_165' title='bbox 430 2169 524 2229; x_wconf 85' lang='lat' dir='ltr'><strong>solius</strong></span> <span class='ocrx_word' id='word_1_166' title='bbox 548 2169 604 2229; x_wconf 87' lang='lat' dir='ltr'><strong>Dei</strong></span> <span class='ocrx_word' id='word_1_167' title='bbox 632 2167 728 2230; x_wconf 91' lang='lat' dir='ltr'><strong>libero</strong></span> <span class='ocrx_word' id='word_1_168' title='bbox 752 2169 897 2249; x_wconf 85' lang='lat' dir='ltr'><strong>arbitrio,</strong></span> <span class='ocrx_word' id='word_1_169' title='bbox 927 2184 1116 2249; x_wconf 84' lang='lat' dir='ltr'><strong>quoeunque</strong></span> 
     </span>
     <span class='ocr_line' id='line_1_24' title="bbox 191 2250 1116 2332; baseline -0.001 -20"><span class='ocrx_word' id='word_1_170' title='bbox 191 2253 235 2312; x_wconf 89' lang='lat' dir='ltr'><strong>illi</strong></span> <span class='ocrx_word' id='word_1_171' title='bbox 259 2253 424 2331; x_wconf 78' lang='lat' dir='ltr'><strong>plaouerit3</strong></span> <span class='ocrx_word' id='word_1_172' title='bbox 453 2250 589 2313; x_wconf 85' lang='lat' dir='ltr'><strong>aeterum</strong></span> <span class='ocrx_word' id='word_1_173' title='bbox 619 2271 693 2332; x_wconf 84' lang='lat' dir='ltr'><strong>erga</strong></span> <span class='ocrx_word' id='word_1_174' title='bbox 724 2250 826 2314; x_wconf 90' lang='lat' dir='ltr'><strong>Deum</strong></span> <span class='ocrx_word' id='word_1_175' title='bbox 881 2252 930 2312; x_wconf 86' lang='lat' dir='ltr'><strong>vel</strong></span> <span class='ocrx_word' id='word_1_176' title='bbox 957 2254 990 2312; x_wconf 92' lang='lat' dir='ltr'><strong>in</strong></span> <span class='ocrx_word' id='word_1_177' title='bbox 1011 2250 1116 2328; x_wconf 89' lang='lat' dir='ltr'><strong>rebus,</strong></span> 
     </span>
    </p>
   </div>
   <div class='ocr_carea' id='block_1_7' title="bbox 88 2334 1115 2415">
    <p class='ocr_par' dir='ltr' id='par_1_8' title="bbox 88 2334 1115 2415">
     <span class='ocr_line' id='line_1_25' title="bbox 88 2334 1115 2415; baseline -0.001 -20"><span class='ocrx_word' id='word_1_178' title='bbox 88 2402 91 2407; x_wconf 54' lang='grc'><em>,</em></span> <span class='ocrx_word' id='word_1_179' title='bbox 193 2340 272 2414; x_wconf 88' lang='lat' dir='ltr'><strong>quae</strong></span> <span class='ocrx_word' id='word_1_180' title='bbox 300 2334 455 2415; x_wconf 88' lang='lat' dir='ltr'><strong>pertinent</strong></span> <span class='ocrx_word' id='word_1_181' title='bbox 475 2334 514 2396; x_wconf 90' lang='lat' dir='ltr'><strong>ad</strong></span> <span class='ocrx_word' id='word_1_182' title='bbox 536 2335 666 2396; x_wconf 90' lang='lat' dir='ltr'><strong>salutem</strong></span> <span class='ocrx_word' id='word_1_183' title='bbox 702 2336 749 2397; x_wconf 85' lang='lat' dir='ltr'><strong>vel</strong></span> <span class='ocrx_word' id='word_1_184' title='bbox 771 2337 1023 2413; x_wconf 79' lang='lat' dir='ltr'><strong>damnationem,</strong></span> <span class='ocrx_word' id='word_1_185' title='bbox 1051 2352 1115 2395; x_wconf 90' lang='lat' dir='ltr'><strong>nou</strong></span> 
     </span>
    </p>
   </div>
   <div class='ocr_carea' id='block_1_8' title="bbox 128 2417 1116 3839">
    <p class='ocr_par' dir='ltr' id='par_1_9' title="bbox 128 2417 1116 2648">
     <span class='ocr_line' id='line_1_26' title="bbox 128 2417 1116 2500; baseline -0.002 -20"><span class='ocrx_word' id='word_1_186' title='bbox 128 2431 131 2436; x_wconf 84' lang='lat'>&#39;</span> <span class='ocrx_word' id='word_1_187' title='bbox 192 2418 285 2480; x_wconf 88' lang='lat' dir='ltr'><strong>habet</strong></span> <span class='ocrx_word' id='word_1_188' title='bbox 306 2419 433 2480; x_wconf 91' lang='lat' dir='ltr'><strong>liberum</strong></span> <span class='ocrx_word' id='word_1_189' title='bbox 455 2417 627 2497; x_wconf 87' lang='lat' dir='ltr'><strong>arbitrium,</strong></span> <span class='ocrx_word' id='word_1_190' title='bbox 650 2417 705 2478; x_wconf 91' lang='lat' dir='ltr'><strong>sed</strong></span> <span class='ocrx_word' id='word_1_191' title='bbox 727 2420 882 2500; x_wconf 78' lang='lat' dir='ltr'><strong>captivus,</strong></span> <span class='ocrx_word' id='word_1_192' title='bbox 905 2418 1062 2479; x_wconf 77' lang='lat' dir='ltr'><strong>subiectus</strong></span> <span class='ocrx_word' id='word_1_193' title='bbox 1085 2423 1116 2479; x_wconf 87' lang='lat' dir='ltr'><strong>et</strong></span> 
     </span>
     <span class='ocr_line' id='line_1_27' title="bbox 157 2499 1114 2583; baseline -0.002 -20"><span class='ocrx_word' id='word_1_194' title='bbox 157 2521 297 2583; x_wconf 50' lang='lat' dir='ltr'><strong>,servus</strong></span> <span class='ocrx_word' id='word_1_195' title='bbox 319 2510 365 2562; x_wconf 89' lang='lat' dir='ltr'><strong>est</strong></span> <span class='ocrx_word' id='word_1_196' title='bbox 409 2502 459 2563; x_wconf 89' lang='lat' dir='ltr'><strong>vel</strong></span> <span class='ocrx_word' id='word_1_197' title='bbox 490 2502 657 2563; x_wconf 85' lang='lat' dir='ltr'><strong>voluntatis</strong></span> <span class='ocrx_word' id='word_1_198' title='bbox 679 2503 765 2580; x_wconf 88' lang='lat' dir='ltr'><strong>Dei,</strong></span> <span class='ocrx_word' id='word_1_199' title='bbox 798 2501 848 2563; x_wconf 89' lang='lat' dir='ltr'><strong>vel</strong></span> <span class='ocrx_word' id='word_1_200' title='bbox 870 2502 1039 2563; x_wconf 86' lang='lat' dir='ltr'><strong>voluntatis</strong></span> <span class='ocrx_word' id='word_1_201' title='bbox 1062 2499 1114 2563; x_wconf 77' lang='lat' dir='ltr'><strong>Sa·</strong></span> 
     </span>
     <span class='ocr_line' id='line_1_28' title="bbox 191 2594 293 2648; baseline 0 -1"><span class='ocrx_word' id='word_1_202' title='bbox 191 2594 293 2648; x_wconf 85' lang='lat' dir='ltr'><strong>tanae.</strong></span> 
     </span>
    </p>

    <p class='ocr_par' dir='ltr' id='par_1_10' title="bbox 190 2667 1115 3648">
     <span class='ocr_line' id='line_1_29' title="bbox 272 2667 1115 2748; baseline 0 -20"><span class='ocrx_word' id='word_1_203' title='bbox 272 2669 358 2729; x_wconf 87' lang='lat' dir='ltr'><strong>Haeo</strong></span> <span class='ocrx_word' id='word_1_204' title='bbox 380 2667 442 2729; x_wconf 87' lang='lat' dir='ltr'><strong>dixi</strong></span> <span class='ocrx_word' id='word_1_205' title='bbox 466 2668 503 2729; x_wconf 90' lang='lat' dir='ltr'><strong>de</strong></span> <span class='ocrx_word' id='word_1_206' title='bbox 526 2667 676 2748; x_wconf 79' lang='lat' dir='ltr'><strong>capitibus</strong></span> <span class='ocrx_word' id='word_1_207' title='bbox 698 2668 899 2748; x_wconf 88' lang='lat' dir='ltr'><strong>praefationis</strong></span> <span class='ocrx_word' id='word_1_208' title='bbox 921 2673 1011 2748; x_wconf 86' lang='lat' dir='ltr'><strong>tuae,</strong></span> <span class='ocrx_word' id='word_1_209' title='bbox 1034 2685 1115 2747; x_wconf 87' lang='lat' dir='ltr'><strong>quas</strong></span> 
     </span>
     <span class='ocr_line' id='line_1_30' title="bbox 192 2750 1114 2832; baseline -0.001 -20"><span class='ocrx_word' id='word_1_210' title='bbox 192 2758 222 2812; x_wconf 89' lang='lat' dir='ltr'><strong>et</strong></span> <span class='ocrx_word' id='word_1_211' title='bbox 252 2753 321 2832; x_wconf 87' lang='lat' dir='ltr'><strong>ipsa</strong></span> <span class='ocrx_word' id='word_1_212' title='bbox 344 2752 438 2813; x_wconf 89' lang='lat' dir='ltr'><strong>ferme</strong></span> <span class='ocrx_word' id='word_1_213' title='bbox 465 2759 561 2813; x_wconf 86' lang='lat' dir='ltr'><strong>totam</strong></span> <span class='ocrx_word' id='word_1_214' title='bbox 583 2771 708 2813; x_wconf 89' lang='lat' dir='ltr'><strong>oausam</strong></span> <span class='ocrx_word' id='word_1_215' title='bbox 738 2750 1114 2831; x_wconf 85' lang='lat' dir='ltr'><strong>eompleotuntnrmagis</strong></span> 
     </span>
     <span class='ocr_line' id='line_1_31' title="bbox 191 2834 1113 2915; baseline -0.001 -20"><span class='ocrx_word' id='word_1_216' title='bbox 191 2854 312 2915; x_wconf 85' lang='lat' dir='ltr'><strong>paene,</strong></span> <span class='ocrx_word' id='word_1_217' title='bbox 340 2853 430 2914; x_wconf 84' lang='lat' dir='ltr'><strong>quam</strong></span> <span class='ocrx_word' id='word_1_218' title='bbox 454 2854 587 2914; x_wconf 91' lang='lat' dir='ltr'><strong>sequens</strong></span> <span class='ocrx_word' id='word_1_219' title='bbox 611 2854 723 2915; x_wconf 86' lang='lat' dir='ltr'><strong>eorpus</strong></span> <span class='ocrx_word' id='word_1_220' title='bbox 756 2834 860 2895; x_wconf 90' lang='lat' dir='ltr'><strong>libelli.</strong></span> <span class='ocrx_word' id='word_1_221' title='bbox 905 2834 1113 2895; x_wconf 87' lang='lat' dir='ltr'><strong>Veruntamen</strong></span> 
     </span>
     <span class='ocr_line' id='line_1_32' title="bbox 191 2917 1113 3005; baseline -0.003 -26"><span class='ocrx_word' id='word_1_222' title='bbox 191 2937 310 2979; x_wconf 87' lang='lat' dir='ltr'><strong>summa</strong></span> <span class='ocrx_word' id='word_1_223' title='bbox 323 2918 429 2978; x_wconf 92' lang='lat' dir='ltr'><strong>horum</strong></span> <span class='ocrx_word' id='word_1_224' title='bbox 443 2919 508 2999; x_wconf 87' lang='lat' dir='ltr'><strong>fnit,</strong></span> <span class='ocrx_word' id='word_1_225' title='bbox 531 2937 610 2998; x_wconf 87' lang='lat' dir='ltr'><strong>quae</strong></span> <span class='ocrx_word' id='word_1_226' title='bbox 628 2919 788 3005; x_wconf 75' lang='lat' dir='ltr'><strong>brevihoo</strong></span> <span class='ocrx_word' id='word_1_227' title='bbox 810 2917 987 2978; x_wconf 82' lang='lat' dir='ltr'><strong>dilemmate</strong></span> <span class='ocrx_word' id='word_1_228' title='bbox 998 2917 1113 2998; x_wconf 80' lang='lat' dir='ltr'><strong>potuis</strong></span> 
     </span>
     <span class='ocr_line' id='line_1_33' title="bbox 191 2999 1114 3082; baseline -0.004 -18"><span class='ocrx_word' id='word_1_229' title='bbox 191 3008 240 3065; x_wconf 83' lang='lat' dir='ltr'><strong>set</strong></span> <span class='ocrx_word' id='word_1_230' title='bbox 261 3000 421 3082; x_wconf 87' lang='lat' dir='ltr'><strong>expediri:</strong></span> <span class='ocrx_word' id='word_1_231' title='bbox 447 3003 509 3079; x_wconf 79' lang='lat' dir='ltr'><strong>Aut</strong></span> <span class='ocrx_word' id='word_1_232' title='bbox 531 3009 583 3062; x_wconf 93' lang='lat' dir='ltr'><strong>tua</strong></span> <span class='ocrx_word' id='word_1_233' title='bbox 604 3004 753 3082; x_wconf 85' lang='lat' dir='ltr'><strong>praefatio</strong></span> <span class='ocrx_word' id='word_1_234' title='bbox 777 3000 815 3061; x_wconf 89' lang='lat' dir='ltr'><strong>de</strong></span> <span class='ocrx_word' id='word_1_235' title='bbox 838 2999 938 3061; x_wconf 86' lang='lat' dir='ltr'><strong>verbis</strong></span> <span class='ocrx_word' id='word_1_236' title='bbox 960 3001 1041 3078; x_wconf 84' lang='lat' dir='ltr'><strong>Dei,</strong></span> <span class='ocrx_word' id='word_1_237' title='bbox 1062 3005 1114 3061; x_wconf 87' lang='lat' dir='ltr'><strong>snt</strong></span> 
     </span>
     <span class='ocr_line' id='line_1_34' title="bbox 193 3083 1113 3164; baseline -0.002 -20"><span class='ocrx_word' id='word_1_238' title='bbox 193 3084 231 3145; x_wconf 89' lang='lat' dir='ltr'><strong>de</strong></span> <span class='ocrx_word' id='word_1_239' title='bbox 254 3084 353 3146; x_wconf 90' lang='lat' dir='ltr'><strong>verbis</strong></span> <span class='ocrx_word' id='word_1_240' title='bbox 376 3085 534 3146; x_wconf 91' lang='lat' dir='ltr'><strong>hominurn</strong></span> <span class='ocrx_word' id='word_1_241' title='bbox 563 3087 706 3164; x_wconf 82' lang='lat' dir='ltr'><strong>queritur.</strong></span> <span class='ocrx_word' id='word_1_242' title='bbox 736 3122 740 3129; x_wconf 92' lang='lat'>-</span> <span class='ocrx_word' id='word_1_243' title='bbox 766 3083 798 3146; x_wconf 83' lang='lat' dir='ltr'><strong>Si</strong></span> <span class='ocrx_word' id='word_1_244' title='bbox 821 3083 859 3145; x_wconf 87' lang='lat' dir='ltr'><strong>de</strong></span> <span class='ocrx_word' id='word_1_245' title='bbox 891 3084 994 3146; x_wconf 88' lang='lat' dir='ltr'><strong>verbis</strong></span> <span class='ocrx_word' id='word_1_246' title='bbox 1016 3083 1113 3145; x_wconf 89' lang='lat' dir='ltr'><strong>homi·</strong></span> 
     </span>
     <span class='ocr_line' id='line_1_35' title="bbox 192 3166 1112 3249; baseline 0 -21"><span class='ocrx_word' id='word_1_247' title='bbox 192 3188 285 3244; x_wconf 88' lang='lat' dir='ltr'><strong>num,-</strong></span> <span class='ocrx_word' id='word_1_248' title='bbox 314 3175 379 3229; x_wconf 82' lang='lat' dir='ltr'><strong>tota</strong></span> <span class='ocrx_word' id='word_1_249' title='bbox 402 3170 510 3230; x_wconf 86' lang='lat' dir='ltr'><strong>frustra</strong></span> <span class='ocrx_word' id='word_1_250' title='bbox 532 3169 646 3249; x_wconf 87' lang='lat' dir='ltr'><strong>seripta</strong></span> <span class='ocrx_word' id='word_1_251' title='bbox 668 3175 716 3231; x_wconf 88' lang='lat' dir='ltr'><strong>est</strong></span> <span class='ocrx_word' id='word_1_252' title='bbox 748 3186 807 3230; x_wconf 88' lang='lat' dir='ltr'><strong>nee</strong></span> <span class='ocrx_word' id='word_1_253' title='bbox 829 3167 867 3229; x_wconf 87' lang='lat' dir='ltr'><strong>ad</strong></span> <span class='ocrx_word' id='word_1_254' title='bbox 890 3186 948 3229; x_wconf 89' lang='lat' dir='ltr'><strong>uos</strong></span> <span class='ocrx_word' id='word_1_255' title='bbox 971 3166 1112 3249; x_wconf 77' lang='lat' dir='ltr'><strong>pertinet,</strong></span> 
     </span>
     <span class='ocr_line' id='line_1_36' title="bbox 192 3249 1113 3333; baseline -0.001 -21"><span class='ocrx_word' id='word_1_256' title='bbox 192 3253 218 3312; x_wconf 85' lang='lat' dir='ltr'><strong>si</strong></span> <span class='ocrx_word' id='word_1_257' title='bbox 239 3251 278 3312; x_wconf 90' lang='lat' dir='ltr'><strong>de</strong></span> <span class='ocrx_word' id='word_1_258' title='bbox 301 3252 400 3313; x_wconf 89' lang='lat' dir='ltr'><strong>verbis</strong></span> <span class='ocrx_word' id='word_1_259' title='bbox 423 3251 503 3331; x_wconf 90' lang='lat' dir='ltr'><strong>Dei,</strong></span> <span class='ocrx_word' id='word_1_260' title='bbox 536 3258 602 3313; x_wconf 83' lang='lat' dir='ltr'><strong>toto</strong></span> <span class='ocrx_word' id='word_1_261' title='bbox 622 3254 716 3333; x_wconf 89' lang='lat' dir='ltr'><strong>impia</strong></span> <span class='ocrx_word' id='word_1_262' title='bbox 739 3258 795 3313; x_wconf 89' lang='lat' dir='ltr'><strong>est.</strong></span> <span class='ocrx_word' id='word_1_263' title='bbox 853 3249 987 3313; x_wconf 88' lang='lat' dir='ltr'><strong>Proinde</strong></span> <span class='ocrx_word' id='word_1_264' title='bbox 1010 3249 1113 3311; x_wconf 84' lang='lat' dir='ltr'><strong>utilius</strong></span> 
     </span>
     <span class='ocr_line' id='line_1_37' title="bbox 191 3330 1113 3425; baseline -0.002 -31"><span class='ocrx_word' id='word_1_265' title='bbox 191 3337 307 3412; x_wconf 85' lang='lat' dir='ltr'><strong>luisset,</strong></span> <span class='ocrx_word' id='word_1_266' title='bbox 331 3336 423 3425; x_wconf 71' lang='lat' dir='ltr'><strong>atde</strong></span> <span class='ocrx_word' id='word_1_267' title='bbox 447 3355 483 3398; x_wconf 93' lang='lat' dir='ltr'><strong>eo</strong></span> <span class='ocrx_word' id='word_1_268' title='bbox 506 3335 668 3413; x_wconf 81' lang='lat' dir='ltr'><strong>diceretur,</strong></span> <span class='ocrx_word' id='word_1_269' title='bbox 692 3356 731 3396; x_wconf 86' lang='lat' dir='ltr'><strong>an</strong></span> <span class='ocrx_word' id='word_1_270' title='bbox 745 3340 848 3396; x_wconf 89' lang='lat' dir='ltr'><strong>essent</strong></span> <span class='ocrx_word' id='word_1_271' title='bbox 870 3335 966 3397; x_wconf 87' lang='lat' dir='ltr'><strong>verba</strong></span> <span class='ocrx_word' id='word_1_272' title='bbox 978 3330 1040 3395; x_wconf 88' lang='lat' dir='ltr'><strong>Dei</strong></span> <span class='ocrx_word' id='word_1_273' title='bbox 1063 3330 1113 3395; x_wconf 83' lang='lat' dir='ltr'><strong>vel</strong></span> 
     </span>
     <span class='ocr_line' id='line_1_38' title="bbox 190 3418 1111 3501; baseline 0 -23"><span class='ocrx_word' id='word_1_274' title='bbox 190 3418 370 3497; x_wconf 93' lang='lat' dir='ltr'><strong>hominum,</strong></span> <span class='ocrx_word' id='word_1_275' title='bbox 405 3418 574 3499; x_wconf 89' lang='lat' dir='ltr'><strong>dequibus</strong></span> <span class='ocrx_word' id='word_1_276' title='bbox 603 3419 804 3501; x_wconf 87' lang='lat' dir='ltr'><strong>disputamus.</strong></span> <span class='ocrx_word' id='word_1_277' title='bbox 846 3418 915 3478; x_wconf 90' lang='lat' dir='ltr'><strong>Hoo</strong></span> <span class='ocrx_word' id='word_1_278' title='bbox 937 3423 1045 3480; x_wconf 86' lang='lat' dir='ltr'><strong>autem</strong></span> <span class='ocrx_word' id='word_1_279' title='bbox 1067 3434 1111 3478; x_wconf 76' lang='lat' dir='ltr'><strong>se</strong></span> 
     </span>
     <span class='ocr_line' id='line_1_39' title="bbox 192 3501 1111 3584; baseline 0 -22"><span class='ocrx_word' id='word_1_280' title='bbox 192 3520 289 3581; x_wconf 88' lang='lat' dir='ltr'><strong>quens</strong></span> <span class='ocrx_word' id='word_1_281' title='bbox 320 3503 399 3564; x_wconf 89' lang='lat' dir='ltr'><strong>iorte</strong></span> <span class='ocrx_word' id='word_1_282' title='bbox 435 3504 628 3584; x_wconf 89' lang='lat' dir='ltr'><strong>prooemium</strong></span> <span class='ocrx_word' id='word_1_283' title='bbox 664 3510 694 3565; x_wconf 90' lang='lat' dir='ltr'><strong>et</strong></span> <span class='ocrx_word' id='word_1_284' title='bbox 730 3504 799 3583; x_wconf 88' lang='lat' dir='ltr'><strong>ipsa</strong></span> <span class='ocrx_word' id='word_1_285' title='bbox 832 3501 1000 3582; x_wconf 82' lang='lat' dir='ltr'><strong>disputatio</strong></span> <span class='ocrx_word' id='word_1_286' title='bbox 1036 3507 1111 3563; x_wconf 77' lang='lat' dir='ltr'><strong>rrae</strong></span> 
     </span>
     <span class='ocr_line' id='line_1_40' title="bbox 192 3586 277 3648; baseline 0.024 -2"><span class='ocrx_word' id='word_1_287' title='bbox 192 3586 277 3648; x_wconf 90' lang='lat' dir='ltr'><strong>tabit.</strong></span> 
     </span>
    </p>

    <p class='ocr_par' dir='ltr' id='par_1_11' title="bbox 190 3665 1113 3839">
     <span class='ocr_line' id='line_1_41' title="bbox 274 3665 1112 3751; baseline -0.002 -22"><span class='ocrx_word' id='word_1_288' title='bbox 274 3668 361 3745; x_wconf 79' lang='lat' dir='ltr'><strong>Quae</strong></span> <span class='ocrx_word' id='word_1_289' title='bbox 384 3671 511 3732; x_wconf 87' lang='lat' dir='ltr'><strong>veroin</strong></span> <span class='ocrx_word' id='word_1_290' title='bbox 537 3669 662 3751; x_wconf 84' lang='lat' dir='ltr'><strong>epilogo</strong></span> <span class='ocrx_word' id='word_1_291' title='bbox 690 3668 888 3750; x_wconf 84' lang='lat' dir='ltr'><strong>praelationis</strong></span> <span class='ocrx_word' id='word_1_292' title='bbox 910 3667 1043 3748; x_wconf 85' lang='lat' dir='ltr'><strong>retexis,</strong></span> <span class='ocrx_word' id='word_1_293' title='bbox 1070 3665 1112 3727; x_wconf 90' lang='lat' dir='ltr'><strong>ni·</strong></span> 
     </span>
     <span class='ocr_line' id='line_1_42' title="bbox 190 3748 1113 3839; baseline 0 -26"><span class='ocrx_word' id='word_1_294' title='bbox 190 3751 232 3813; x_wconf 91' lang='lat' dir='ltr'><strong>hil</strong></span> <span class='ocrx_word' id='word_1_295' title='bbox 255 3760 394 3835; x_wconf 86' lang='lat' dir='ltr'><strong>movent,</strong></span> <span class='ocrx_word' id='word_1_296' title='bbox 417 3760 450 3815; x_wconf 92' lang='lat' dir='ltr'><strong>ut</strong></span> <span class='ocrx_word' id='word_1_297' title='bbox 471 3752 553 3834; x_wconf 91' lang='lat' dir='ltr'><strong>quod</strong></span> <span class='ocrx_word' id='word_1_298' title='bbox 576 3753 692 3816; x_wconf 79' lang='lat' dir='ltr'><strong>tabulas</strong></span> <span class='ocrx_word' id='word_1_299' title='bbox 716 3771 810 3814; x_wconf 87' lang='lat' dir='ltr'><strong>vooas</strong></span> <span class='ocrx_word' id='word_1_300' title='bbox 840 3757 871 3814; x_wconf 91' lang='lat' dir='ltr'><strong>et</strong></span> <span class='ocrx_word' id='word_1_301' title='bbox 891 3751 1025 3839; x_wconf 40' lang='lat' dir='ltr'><strong>inutilia·</strong></span> <span class='ocrx_word' id='word_1_302' title='bbox 1038 3748 1113 3831; x_wconf 77' lang='lat' dir='ltr'><strong>dog·</strong></span> 
     </span>
    </p>
   </div>
   <div class='ocr_carea' id='block_1_9' title="bbox 0 0 1178 4162">
    <p class='ocr_par' dir='ltr' id='par_1_12' title="bbox 0 0 1178 4162">
     <span class='ocr_line' id='line_1_43' title="bbox 0 0 1178 4162; baseline 0 0"><span class='ocrx_word' id='word_1_303' title='bbox 0 0 1178 4162; x_wconf 95' lang='lat' dir='ltr'><strong> </strong></span> 
     </span>
    </p>
   </div>
  </div>
 </body>
</html>
