<?xml version="1.0" encoding="UTF-8"?>
<!DOCTYPE html PUBLIC "-//W3C//DTD XHTML 1.0 Transitional//EN"
    "http://www.w3.org/TR/xhtml1/DTD/xhtml1-transitional.dtd">
<html xmlns="http://www.w3.org/1999/xhtml" xml:lang="en" lang="en">
 <head>
  <title>
</title>
<meta http-equiv="Content-Type" content="text/html;charset=utf-8" />
  <meta name='ocr-system' content='tesseract 3.04.00' />
  <meta name='ocr-capabilities' content='ocr_page ocr_carea ocr_par ocr_line ocrx_word'/>
</head>
<body>
  <div class='ocr_page' id='page_1' title='image "./dmartinilutheri02luthgoog_0148.png"; bbox 0 0 2348 4162; ppageno 0'>
   <div class='ocr_carea' id='block_1_1' title="bbox 275 229 987 297">
    <p class='ocr_par' dir='ltr' id='par_1_1' title="bbox 275 229 987 297">
     <span class='ocr_line' id='line_1_1' title="bbox 275 229 987 297; baseline 0.014 -9"><span class='ocrx_word' id='word_1_1' title='bbox 275 233 311 288; x_wconf 86' lang='lat' dir='ltr'>ad</span> <span class='ocrx_word' id='word_1_2' title='bbox 331 234 368 291; x_wconf 83' lang='lat' dir='ltr'>D.</span> <span class='ocrx_word' id='word_1_3' title='bbox 386 235 530 290; x_wconf 81' lang='lat' dir='ltr'>Erasmum</span> <span class='ocrx_word' id='word_1_4' title='bbox 549 232 776 290; x_wconf 83' lang='lat' dir='ltr'>Roterodamum.</span> <span class='ocrx_word' id='word_1_5' title='bbox 925 229 987 297; x_wconf 79' lang='lat'>137</span> 
     </span>
    </p>
   </div>
   <div class='ocr_carea' id='block_1_2' title="bbox 37 403 989 3383">
    <p class='ocr_par' dir='ltr' id='par_1_2' title="bbox 37 403 989 1213">
     <span class='ocr_line' id='line_1_2' title="bbox 37 403 988 484; baseline -0.002 -18"><span class='ocrx_word' id='word_1_6' title='bbox 37 456 41 465; x_wconf 94' lang='lat'><em>.</em></span> <span class='ocrx_word' id='word_1_7' title='bbox 64 404 231 481; x_wconf 76' lang='lat' dir='ltr'>iaciemus,</span> <span class='ocrx_word' id='word_1_8' title='bbox 252 403 340 465; x_wconf 89' lang='lat' dir='ltr'>item:</span> <span class='ocrx_word' id='word_1_9' title='bbox 363 405 408 464; x_wconf 91' lang='lat' dir='ltr'>sic</span> <span class='ocrx_word' id='word_1_10' title='bbox 429 404 527 466; x_wconf 90' lang='lat' dir='ltr'>voluit</span> <span class='ocrx_word' id='word_1_11' title='bbox 549 404 653 482; x_wconf 88' lang='lat' dir='ltr'>Deus,</span> <span class='ocrx_word' id='word_1_12' title='bbox 680 403 731 464; x_wconf 81' lang='lat' dir='ltr'>Sic</span> <span class='ocrx_word' id='word_1_13' title='bbox 760 404 905 484; x_wconf 88' lang='lat' dir='ltr'>placitum</span> <span class='ocrx_word' id='word_1_14' title='bbox 939 422 988 464; x_wconf 90' lang='lat' dir='ltr'>su·</span> 
     </span>
     <span class='ocr_line' id='line_1_3' title="bbox 67 486 987 567; baseline -0.002 -18"><span class='ocrx_word' id='word_1_15' title='bbox 67 488 158 567; x_wconf 86' lang='lat' dir='ltr'>peris,</span> <span class='ocrx_word' id='word_1_16' title='bbox 181 486 233 550; x_wconf 79' lang='lat' dir='ltr'>sio</span> <span class='ocrx_word' id='word_1_17' title='bbox 254 487 416 565; x_wconf 87' lang='lat' dir='ltr'>voluistis,</span> <span class='ocrx_word' id='word_1_18' title='bbox 448 488 492 548; x_wconf 89' lang='lat' dir='ltr'>ait</span> <span class='ocrx_word' id='word_1_19' title='bbox 518 486 678 567; x_wconf 84' lang='lat' dir='ltr'>Virgilius,</span> <span class='ocrx_word' id='word_1_20' title='bbox 712 493 744 547; x_wconf 93' lang='lat' dir='ltr'>ut</span> <span class='ocrx_word' id='word_1_21' title='bbox 767 487 934 566; x_wconf 88' lang='lat' dir='ltr'>videamus,</span> <span class='ocrx_word' id='word_1_22' title='bbox 956 489 987 548; x_wconf 92' lang='lat' dir='ltr'>in</span> 
     </span>
     <span class='ocr_line' id='line_1_4' title="bbox 65 569 988 650; baseline 0 -20"><span class='ocrx_word' id='word_1_23' title='bbox 65 570 158 650; x_wconf 81' lang='lat' dir='ltr'>vulgo</span> <span class='ocrx_word' id='word_1_24' title='bbox 181 588 244 630; x_wconf 89' lang='lat' dir='ltr'>nou</span> <span class='ocrx_word' id='word_1_25' title='bbox 268 572 368 630; x_wconf 92' lang='lat' dir='ltr'>minus</span> <span class='ocrx_word' id='word_1_26' title='bbox 389 569 527 631; x_wconf 87' lang='lat' dir='ltr'>relictam</span> <span class='ocrx_word' id='word_1_27' title='bbox 552 589 621 630; x_wconf 89' lang='lat' dir='ltr'>esse</span> <span class='ocrx_word' id='word_1_28' title='bbox 642 570 802 631; x_wconf 87' lang='lat' dir='ltr'>scientiam</span> <span class='ocrx_word' id='word_1_29' title='bbox 821 570 988 650; x_wconf 90' lang='lat' dir='ltr'>praedesti·</span> 
     </span>
     <span class='ocr_line' id='line_1_5' title="bbox 65 653 986 733; baseline 0.001 -21"><span class='ocrx_word' id='word_1_30' title='bbox 65 653 199 713; x_wconf 88' lang='lat' dir='ltr'>nationis</span> <span class='ocrx_word' id='word_1_31' title='bbox 221 661 252 713; x_wconf 90' lang='lat' dir='ltr'>et</span> <span class='ocrx_word' id='word_1_32' title='bbox 273 655 498 733; x_wconf 75' lang='lat' dir='ltr'>praescientiae</span> <span class='ocrx_word' id='word_1_33' title='bbox 520 653 587 731; x_wconf 89' lang='lat' dir='ltr'>Dei,</span> <span class='ocrx_word' id='word_1_34' title='bbox 611 671 702 732; x_wconf 86' lang='lat' dir='ltr'>quam</span> <span class='ocrx_word' id='word_1_35' title='bbox 723 655 823 732; x_wconf 81' lang='lat' dir='ltr'>ipsam</span> <span class='ocrx_word' id='word_1_36' title='bbox 847 654 986 714; x_wconf 79' lang='lat' dir='ltr'>notitiam</span> 
     </span>
     <span class='ocr_line' id='line_1_6' title="bbox 65 734 987 816; baseline -0.001 -20"><span class='ocrx_word' id='word_1_37' title='bbox 65 735 298 811; x_wconf 70' lang='lat' dir='ltr'>divinitatis¹)..</span> <span class='ocrx_word' id='word_1_38' title='bbox 318 734 369 796; x_wconf 76' lang='lat' dir='ltr'>Et</span> <span class='ocrx_word' id='word_1_39' title='bbox 389 737 420 816; x_wconf 93' lang='lat' dir='ltr'>ii,</span> <span class='ocrx_word' id='word_1_40' title='bbox 443 737 493 815; x_wconf 88' lang='lat' dir='ltr'>qui</span> <span class='ocrx_word' id='word_1_41' title='bbox 516 737 673 816; x_wconf 89' lang='lat' dir='ltr'>sapientes</span> <span class='ocrx_word' id='word_1_42' title='bbox 695 734 858 797; x_wconf 88' lang='lat' dir='ltr'>voluerunt</span> <span class='ocrx_word' id='word_1_43' title='bbox 881 734 987 814; x_wconf 89' lang='lat' dir='ltr'>videri,</span> 
     </span>
     <span class='ocr_line' id='line_1_7' title="bbox 63 818 986 899; baseline -0.001 -20"><span class='ocrx_word' id='word_1_44' title='bbox 63 820 124 879; x_wconf 90' lang='lat' dir='ltr'>suis</span> <span class='ocrx_word' id='word_1_45' title='bbox 161 819 420 899; x_wconf 85' lang='lat' dir='ltr'>disputationibus</span> <span class='ocrx_word' id='word_1_46' title='bbox 443 837 480 879; x_wconf 89' lang='lat' dir='ltr'>eo</span> <span class='ocrx_word' id='word_1_47' title='bbox 504 818 662 898; x_wconf 85' lang='lat' dir='ltr'>abierunt,</span> <span class='ocrx_word' id='word_1_48' title='bbox 696 819 797 879; x_wconf 94' lang='lat' dir='ltr'>donec</span> <span class='ocrx_word' id='word_1_49' title='bbox 824 818 986 879; x_wconf 86' lang='lat' dir='ltr'>obscurato</span> 
     </span>
     <span class='ocr_line' id='line_1_8' title="bbox 64 901 987 983; baseline -0.001 -21"><span class='ocrx_word' id='word_1_50' title='bbox 64 901 158 962; x_wconf 91' lang='lat' dir='ltr'>oorde</span> <span class='ocrx_word' id='word_1_51' title='bbox 181 901 265 961; x_wconf 90' lang='lat' dir='ltr'>stulti</span> <span class='ocrx_word' id='word_1_52' title='bbox 288 901 406 978; x_wconf 85' lang='lat' dir='ltr'>tierent,</span> <span class='ocrx_word' id='word_1_53' title='bbox 432 902 541 965; x_wconf 84' lang='lat' dir='ltr'>Roma.</span> <span class='ocrx_word' id='word_1_54' title='bbox 565 906 593 979; x_wconf 87' lang='lat' dir='ltr'>l,</span> <span class='ocrx_word' id='word_1_55' title='bbox 615 909 647 962; x_wconf 92' lang='lat' dir='ltr'>et</span> <span class='ocrx_word' id='word_1_56' title='bbox 668 909 817 983; x_wconf 86' lang='lat' dir='ltr'>negarent</span> <span class='ocrx_word' id='word_1_57' title='bbox 830 901 878 962; x_wconf 89' lang='lat' dir='ltr'>vel</span> <span class='ocrx_word' id='word_1_58' title='bbox 900 901 987 961; x_wconf 89' lang='lat' dir='ltr'>dissi·</span> 
     </span>
     <span class='ocr_line' id='line_1_9' title="bbox 64 985 989 1066; baseline 0 -22"><span class='ocrx_word' id='word_1_59' title='bbox 64 985 217 1045; x_wconf 84' lang='lat' dir='ltr'>molarent</span> <span class='ocrx_word' id='word_1_60' title='bbox 239 1003 286 1063; x_wconf 89' lang='lat' dir='ltr'>ea,</span> <span class='ocrx_word' id='word_1_61' title='bbox 309 1002 391 1064; x_wconf 88' lang='lat' dir='ltr'>quae</span> <span class='ocrx_word' id='word_1_62' title='bbox 404 991 517 1063; x_wconf 87' lang='lat' dir='ltr'>poetae</span> <span class='ocrx_word' id='word_1_63' title='bbox 540 991 572 1045; x_wconf 92' lang='lat' dir='ltr'>et</span> <span class='ocrx_word' id='word_1_64' title='bbox 587 986 697 1066; x_wconf 87' lang='lat' dir='ltr'>vulgus</span> <span class='ocrx_word' id='word_1_65' title='bbox 721 990 814 1063; x_wconf 86' lang='lat' dir='ltr'>atque</span> <span class='ocrx_word' id='word_1_66' title='bbox 840 986 989 1064; x_wconf 84' lang='lat' dir='ltr'>ipsorum·</span> 
     </span>
     <span class='ocr_line' id='line_1_10' title="bbox 64 1068 988 1147; baseline 0 -20"><span class='ocrx_word' id='word_1_67' title='bbox 64 1074 126 1129; x_wconf 91' lang='lat' dir='ltr'>met</span> <span class='ocrx_word' id='word_1_68' title='bbox 148 1068 341 1128; x_wconf 85' lang='lat' dir='ltr'>couscientia</span> <span class='ocrx_word' id='word_1_69' title='bbox 362 1086 418 1147; x_wconf 91' lang='lat' dir='ltr'>pro</span> <span class='ocrx_word' id='word_1_70' title='bbox 444 1069 658 1147; x_wconf 90' lang='lat' dir='ltr'>usitatissimis,</span> <span class='ocrx_word' id='word_1_71' title='bbox 681 1069 859 1128; x_wconf 71' lang='lat' dir='ltr'>certissimis</span> <span class='ocrx_word' id='word_1_72' title='bbox 882 1071 913 1128; x_wconf 92' lang='lat' dir='ltr'>et</span> <span class='ocrx_word' id='word_1_73' title='bbox 936 1085 988 1127; x_wconf 87' lang='lat' dir='ltr'>ve·</span> 
     </span>
     <span class='ocr_line' id='line_1_11' title="bbox 64 1148 336 1213; baseline 0.011 -3"><span class='ocrx_word' id='word_1_74' title='bbox 64 1148 192 1213; x_wconf 76' lang='lat' dir='ltr'>tissimis</span> <span class='ocrx_word' id='word_1_75' title='bbox 213 1150 336 1213; x_wconf 88' lang='lat' dir='ltr'>habeut.</span> 
     </span>
    </p>

    <p class='ocr_par' dir='ltr' id='par_1_3' title="bbox 49 1231 989 2455">
     <span class='ocr_line' id='line_1_12' title="bbox 79 1231 988 1312; baseline -0.002 -18"><span class='ocrx_word' id='word_1_76' title='bbox 79 1256 84 1265; x_wconf 96' lang='lat'>·</span> <span class='ocrx_word' id='word_1_77' title='bbox 146 1233 235 1294; x_wconf 89' lang='lat' dir='ltr'>Ultra</span> <span class='ocrx_word' id='word_1_78' title='bbox 257 1232 327 1293; x_wconf 91' lang='lat' dir='ltr'>dico</span> <span class='ocrx_word' id='word_1_79' title='bbox 351 1251 413 1294; x_wconf 92' lang='lat' dir='ltr'>non</span> <span class='ocrx_word' id='word_1_80' title='bbox 438 1232 531 1292; x_wconf 92' lang='lat' dir='ltr'>modo</span> <span class='ocrx_word' id='word_1_81' title='bbox 555 1251 647 1312; x_wconf 88' lang='lat' dir='ltr'>quam</span> <span class='ocrx_word' id='word_1_82' title='bbox 671 1234 730 1294; x_wconf 90' lang='lat' dir='ltr'>ista</span> <span class='ocrx_word' id='word_1_83' title='bbox 752 1234 813 1293; x_wconf 90' lang='lat' dir='ltr'>siut</span> <span class='ocrx_word' id='word_1_84' title='bbox 834 1251 926 1310; x_wconf 83' lang='lat' dir='ltr'>vera,</span> <span class='ocrx_word' id='word_1_85' title='bbox 950 1231 988 1292; x_wconf 89' lang='lat' dir='ltr'>dc</span> 
     </span>
     <span class='ocr_line' id='line_1_13' title="bbox 65 1315 989 1395; baseline -0.001 -19"><span class='ocrx_word' id='word_1_86' title='bbox 65 1334 124 1395; x_wconf 83' lang='lat' dir='ltr'>qno</span> <span class='ocrx_word' id='word_1_87' title='bbox 147 1316 226 1376; x_wconf 83' lang='lat' dir='ltr'>intra</span> <span class='ocrx_word' id='word_1_88' title='bbox 249 1316 339 1376; x_wconf 87' lang='lat' dir='ltr'>latius</span> <span class='ocrx_word' id='word_1_89' title='bbox 362 1337 401 1375; x_wconf 85' lang='lat' dir='ltr'>ex</span> <span class='ocrx_word' id='word_1_90' title='bbox 424 1315 587 1395; x_wconf 74' lang='lat' dir='ltr'>scripturis</span> <span class='ocrx_word' id='word_1_91' title='bbox 611 1316 744 1394; x_wconf 88' lang='lat' dir='ltr'>dicetur,</span> <span class='ocrx_word' id='word_1_92' title='bbox 767 1335 872 1376; x_wconf 86' lang='lat' dir='ltr'>verum</span> <span class='ocrx_word' id='word_1_93' title='bbox 895 1315 989 1376; x_wconf 88' lang='lat' dir='ltr'>etiam</span> 
     </span>
     <span class='ocr_line' id='line_1_14' title="bbox 65 1400 988 1479; baseline -0.001 -20"><span class='ocrx_word' id='word_1_94' title='bbox 65 1417 157 1478; x_wconf 83' lang='lat' dir='ltr'>qnam</span> <span class='ocrx_word' id='word_1_95' title='bbox 171 1400 361 1479; x_wconf 81' lang='lat' dir='ltr'>religiosum,</span> <span class='ocrx_word' id='word_1_96' title='bbox 385 1400 467 1476; x_wconf 90' lang='lat' dir='ltr'>pium</span> <span class='ocrx_word' id='word_1_97' title='bbox 492 1405 523 1458; x_wconf 92' lang='lat' dir='ltr'>et</span> <span class='ocrx_word' id='word_1_98' title='bbox 545 1400 752 1459; x_wconf 84' lang='lat' dir='ltr'>necessarium</span> <span class='ocrx_word' id='word_1_99' title='bbox 767 1401 807 1459; x_wconf 92' lang='lat' dir='ltr'>sit</span> <span class='ocrx_word' id='word_1_100' title='bbox 828 1418 865 1459; x_wconf 88' lang='lat' dir='ltr'>ea</span> <span class='ocrx_word' id='word_1_101' title='bbox 884 1416 988 1458; x_wconf 86' lang='lat' dir='ltr'>nosse.</span> 
     </span>
     <span class='ocr_line' id='line_1_15' title="bbox 64 1480 987 1561; baseline -0.002 -19"><span class='ocrx_word' id='word_1_102' title='bbox 64 1482 116 1543; x_wconf 79' lang='lat' dir='ltr'>llis</span> <span class='ocrx_word' id='word_1_103' title='bbox 139 1482 222 1542; x_wconf 92' lang='lat' dir='ltr'>enim</span> <span class='ocrx_word' id='word_1_104' title='bbox 255 1483 403 1561; x_wconf 86' lang='lat' dir='ltr'>ignoratis</span> <span class='ocrx_word' id='word_1_105' title='bbox 442 1500 542 1560; x_wconf 90' lang='lat' dir='ltr'>neque</span> <span class='ocrx_word' id='word_1_106' title='bbox 567 1481 659 1558; x_wconf 86' lang='lat' dir='ltr'>fides,</span> <span class='ocrx_word' id='word_1_107' title='bbox 697 1500 798 1560; x_wconf 90' lang='lat' dir='ltr'>neque</span> <span class='ocrx_word' id='word_1_108' title='bbox 830 1480 908 1541; x_wconf 91' lang='lat' dir='ltr'>ullus</span> <span class='ocrx_word' id='word_1_109' title='bbox 931 1481 987 1540; x_wconf 91' lang='lat' dir='ltr'>Dei</span> 
     </span>
     <span class='ocr_line' id='line_1_16' title="bbox 65 1562 988 1644; baseline -0.001 -20"><span class='ocrx_word' id='word_1_110' title='bbox 65 1564 162 1626; x_wconf 85' lang='lat' dir='ltr'>cultus</span> <span class='ocrx_word' id='word_1_111' title='bbox 185 1567 355 1625; x_wconf 88' lang='lat' dir='ltr'>consistere</span> <span class='ocrx_word' id='word_1_112' title='bbox 366 1570 478 1644; x_wconf 90' lang='lat' dir='ltr'>potest.</span> <span class='ocrx_word' id='word_1_113' title='bbox 511 1562 591 1625; x_wconf 89' lang='lat' dir='ltr'>Nam</span> <span class='ocrx_word' id='word_1_114' title='bbox 615 1564 675 1624; x_wconf 93' lang='lat' dir='ltr'>hoc</span> <span class='ocrx_word' id='word_1_115' title='bbox 698 1572 780 1625; x_wconf 88' lang='lat' dir='ltr'>esset</span> <span class='ocrx_word' id='word_1_116' title='bbox 802 1582 874 1624; x_wconf 87' lang='lat' dir='ltr'>vere</span> <span class='ocrx_word' id='word_1_117' title='bbox 889 1564 988 1623; x_wconf 90' lang='lat' dir='ltr'>Deum</span> 
     </span>
     <span class='ocr_line' id='line_1_17' title="bbox 65 1647 989 1728; baseline -0.004 -20"><span class='ocrx_word' id='word_1_118' title='bbox 65 1648 217 1728; x_wconf 84' lang='lat' dir='ltr'>ignorare,</span> <span class='ocrx_word' id='word_1_119' title='bbox 240 1666 307 1707; x_wconf 89' lang='lat' dir='ltr'>cum</span> <span class='ocrx_word' id='word_1_120' title='bbox 332 1666 393 1726; x_wconf 89' lang='lat' dir='ltr'>qua</span> <span class='ocrx_word' id='word_1_121' title='bbox 416 1648 690 1728; x_wconf 87' lang='lat' dir='ltr'>ignorantiasalus</span> <span class='ocrx_word' id='word_1_122' title='bbox 712 1655 795 1706; x_wconf 86' lang='lat' dir='ltr'>stare</span> <span class='ocrx_word' id='word_1_123' title='bbox 817 1647 932 1724; x_wconf 89' lang='lat' dir='ltr'>nequit,</span> <span class='ocrx_word' id='word_1_124' title='bbox 955 1650 989 1705; x_wconf 92' lang='lat' dir='ltr'>ut</span> 
     </span>
     <span class='ocr_line' id='line_1_18' title="bbox 66 1728 988 1809; baseline -0.001 -20"><span class='ocrx_word' id='word_1_125' title='bbox 66 1738 171 1791; x_wconf 91' lang='lat' dir='ltr'>notum</span> <span class='ocrx_word' id='word_1_126' title='bbox 194 1736 250 1791; x_wconf 90' lang='lat' dir='ltr'>est.</span> <span class='ocrx_word' id='word_1_127' title='bbox 294 1730 326 1791; x_wconf 82' lang='lat' dir='ltr'>si</span> <span class='ocrx_word' id='word_1_128' title='bbox 350 1731 429 1790; x_wconf 91' lang='lat' dir='ltr'>euim</span> <span class='ocrx_word' id='word_1_129' title='bbox 453 1728 590 1809; x_wconf 84' lang='lat' dir='ltr'>dubitas,</span> <span class='ocrx_word' id='word_1_130' title='bbox 614 1736 668 1790; x_wconf 87' lang='lat' dir='ltr'>aut</span> <span class='ocrx_word' id='word_1_131' title='bbox 690 1731 862 1790; x_wconf 77' lang='lat' dir='ltr'>contemnis</span> <span class='ocrx_word' id='word_1_132' title='bbox 885 1746 988 1806; x_wconf 90' lang='lat' dir='ltr'>nosse,</span> 
     </span>
     <span class='ocr_line' id='line_1_19' title="bbox 66 1812 989 1893; baseline -0.003 -20"><span class='ocrx_word' id='word_1_133' title='bbox 66 1812 146 1893; x_wconf 92' lang='lat' dir='ltr'>quod</span> <span class='ocrx_word' id='word_1_134' title='bbox 169 1813 253 1873; x_wconf 90' lang='lat' dir='ltr'>Dens</span> <span class='ocrx_word' id='word_1_135' title='bbox 276 1814 380 1873; x_wconf 89' lang='lat' dir='ltr'>omnia</span> <span class='ocrx_word' id='word_1_136' title='bbox 402 1832 464 1873; x_wconf 91' lang='lat' dir='ltr'>non</span> <span class='ocrx_word' id='word_1_137' title='bbox 488 1814 714 1893; x_wconf 84' lang='lat' dir='ltr'>contingenter,</span> <span class='ocrx_word' id='word_1_138' title='bbox 735 1812 789 1872; x_wconf 92' lang='lat' dir='ltr'>sed</span> <span class='ocrx_word' id='word_1_139' title='bbox 813 1812 989 1871; x_wconf 86' lang='lat' dir='ltr'>necessario</span> 
     </span>
     <span class='ocr_line' id='line_1_20' title="bbox 66 1894 988 1975; baseline 0 -20"><span class='ocrx_word' id='word_1_140' title='bbox 66 1903 92 1956; x_wconf 91' lang='lat' dir='ltr'>et</span> <span class='ocrx_word' id='word_1_141' title='bbox 112 1894 345 1956; x_wconf 82' lang='lat' dir='ltr'>immutabiliter</span> <span class='ocrx_word' id='word_1_142' title='bbox 366 1897 519 1975; x_wconf 85' lang='lat' dir='ltr'>praesciat</span> <span class='ocrx_word' id='word_1_143' title='bbox 541 1902 573 1957; x_wconf 90' lang='lat' dir='ltr'>et</span> <span class='ocrx_word' id='word_1_144' title='bbox 593 1896 675 1974; x_wconf 87' lang='lat' dir='ltr'>velit,</span> <span class='ocrx_word' id='word_1_145' title='bbox 699 1895 855 1975; x_wconf 89' lang='lat' dir='ltr'>quomodo</span> <span class='ocrx_word' id='word_1_146' title='bbox 873 1895 988 1974; x_wconf 88' lang='lat' dir='ltr'>poteris</span> 
     </span>
     <span class='ocr_line' id='line_1_21' title="bbox 66 1975 988 2059; baseline -0.002 -21"><span class='ocrx_word' id='word_1_147' title='bbox 66 1980 127 2038; x_wconf 92' lang='lat' dir='ltr'>eius</span> <span class='ocrx_word' id='word_1_148' title='bbox 150 1975 408 2059; x_wconf 91' lang='lat' dir='ltr'>promissionibus</span> <span class='ocrx_word' id='word_1_149' title='bbox 437 1978 579 2056; x_wconf 88' lang='lat' dir='ltr'>credere,</span> <span class='ocrx_word' id='word_1_150' title='bbox 610 1985 694 2040; x_wconf 89' lang='lat' dir='ltr'>certo</span> <span class='ocrx_word' id='word_1_151' title='bbox 723 1977 818 2039; x_wconf 85' lang='lat' dir='ltr'>fidere</span> <span class='ocrx_word' id='word_1_152' title='bbox 847 1997 884 2038; x_wconf 87' lang='lat' dir='ltr'>ao</span> <span class='ocrx_word' id='word_1_153' title='bbox 912 1976 988 2037; x_wconf 85' lang='lat' dir='ltr'>niti?</span> 
     </span>
     <span class='ocr_line' id='line_1_22' title="bbox 68 2058 987 2142; baseline -0.003 -20"><span class='ocrx_word' id='word_1_154' title='bbox 68 2061 141 2122; x_wconf 75' lang='lat' dir='ltr'>Cum</span> <span class='ocrx_word' id='word_1_155' title='bbox 165 2062 247 2121; x_wconf 91' lang='lat' dir='ltr'>enim</span> <span class='ocrx_word' id='word_1_156' title='bbox 270 2063 434 2141; x_wconf 89' lang='lat' dir='ltr'>promittit,</span> <span class='ocrx_word' id='word_1_157' title='bbox 458 2069 573 2122; x_wconf 91' lang='lat' dir='ltr'>certum</span> <span class='ocrx_word' id='word_1_158' title='bbox 596 2068 719 2142; x_wconf 90' lang='lat' dir='ltr'>oportet</span> <span class='ocrx_word' id='word_1_159' title='bbox 741 2070 772 2122; x_wconf 89' lang='lat' dir='ltr'>te</span> <span class='ocrx_word' id='word_1_160' title='bbox 793 2079 879 2140; x_wconf 90' lang='lat' dir='ltr'>esse,</span> <span class='ocrx_word' id='word_1_161' title='bbox 903 2058 987 2138; x_wconf 86' lang='lat' dir='ltr'>quod</span> 
     </span>
     <span class='ocr_line' id='line_1_23' title="bbox 49 2142 987 2225; baseline -0.002 -20"><span class='ocrx_word' id='word_1_162' title='bbox 49 2146 149 2223; x_wconf 88' lang='lat' dir='ltr'>&#39;sciat,</span> <span class='ocrx_word' id='word_1_163' title='bbox 173 2145 272 2224; x_wconf 89' lang='lat' dir='ltr'>possit</span> <span class='ocrx_word' id='word_1_164' title='bbox 294 2149 325 2205; x_wconf 92' lang='lat' dir='ltr'>et</span> <span class='ocrx_word' id='word_1_165' title='bbox 349 2143 423 2204; x_wconf 83' lang='lat' dir='ltr'>velit</span> <span class='ocrx_word' id='word_1_166' title='bbox 439 2152 605 2224; x_wconf 89' lang='lat' dir='ltr'>praestare,</span> <span class='ocrx_word' id='word_1_167' title='bbox 629 2144 711 2224; x_wconf 92' lang='lat' dir='ltr'>qnod</span> <span class='ocrx_word' id='word_1_168' title='bbox 725 2144 889 2225; x_wconf 69' lang='lat' dir='ltr'>promittit,</span> <span class='ocrx_word' id='word_1_169' title='bbox 913 2142 987 2203; x_wconf 90' lang='lat' dir='ltr'>alio-</span> 
     </span>
     <span class='ocr_line' id='line_1_24' title="bbox 64 2226 987 2307; baseline -0.001 -20"><span class='ocrx_word' id='word_1_170' title='bbox 64 2229 110 2307; x_wconf 91' lang='lat' dir='ltr'>qni</span> <span class='ocrx_word' id='word_1_171' title='bbox 134 2247 206 2288; x_wconf 88' lang='lat' dir='ltr'>eum</span> <span class='ocrx_word' id='word_1_172' title='bbox 229 2246 291 2287; x_wconf 91' lang='lat' dir='ltr'>non</span> <span class='ocrx_word' id='word_1_173' title='bbox 322 2246 462 2287; x_wconf 89' lang='lat' dir='ltr'>veracem</span> <span class='ocrx_word' id='word_1_174' title='bbox 486 2247 543 2287; x_wconf 92' lang='lat' dir='ltr'>neo</span> <span class='ocrx_word' id='word_1_175' title='bbox 565 2227 686 2288; x_wconf 88' lang='lat' dir='ltr'>fidelem</span> <span class='ocrx_word' id='word_1_176' title='bbox 700 2226 885 2302; x_wconf 83' lang='lat' dir='ltr'>aestimabis,</span> <span class='ocrx_word' id='word_1_177' title='bbox 908 2244 987 2305; x_wconf 90' lang='lat' dir='ltr'>quae</span> 
     </span>
     <span class='ocr_line' id='line_1_25' title="bbox 64 2308 987 2390; baseline -0.004 -19"><span class='ocrx_word' id='word_1_178' title='bbox 64 2317 109 2371; x_wconf 85' lang='lat' dir='ltr'>cst</span> <span class='ocrx_word' id='word_1_179' title='bbox 129 2309 348 2389; x_wconf 35' lang='lat' dir='ltr'>incredulitas,</span> <span class='ocrx_word' id='word_1_180' title='bbox 363 2314 535 2371; x_wconf 68' lang='lat' dir='ltr'>et‘summa</span> <span class='ocrx_word' id='word_1_181' title='bbox 556 2312 698 2390; x_wconf 90' lang='lat' dir='ltr'>impietas</span> <span class='ocrx_word' id='word_1_182' title='bbox 728 2317 760 2371; x_wconf 94' lang='lat' dir='ltr'>et</span> <span class='ocrx_word' id='word_1_183' title='bbox 780 2310 905 2390; x_wconf 86' lang='lat' dir='ltr'>negatio</span> <span class='ocrx_word' id='word_1_184' title='bbox 928 2308 987 2368; x_wconf 92' lang='lat' dir='ltr'>Dei</span> 
     </span>
     <span class='ocr_line' id='line_1_26' title="bbox 63 2393 211 2455; baseline 0.014 -3"><span class='ocrx_word' id='word_1_185' title='bbox 63 2393 211 2455; x_wconf 84' lang='lat' dir='ltr'>altissimi.</span> 
     </span>
    </p>

    <p class='ocr_par' dir='ltr' id='par_1_4' title="bbox 50 2474 989 3383">
     <span class='ocr_line' id='line_1_27' title="bbox 144 2474 987 2555; baseline -0.004 -20"><span class='ocrx_word' id='word_1_186' title='bbox 144 2475 270 2555; x_wconf 77' lang='lat' dir='ltr'>Atque</span> <span class='ocrx_word' id='word_1_187' title='bbox 295 2474 387 2535; x_wconf 93' lang='lat' dir='ltr'>modo</span> <span class='ocrx_word' id='word_1_188' title='bbox 411 2480 510 2534; x_wconf 88' lang='lat' dir='ltr'>certus</span> <span class='ocrx_word' id='word_1_189' title='bbox 533 2480 564 2535; x_wconf 89' lang='lat' dir='ltr'>et</span> <span class='ocrx_word' id='word_1_190' title='bbox 585 2493 710 2536; x_wconf 88' lang='lat' dir='ltr'>securus</span> <span class='ocrx_word' id='word_1_191' title='bbox 733 2475 810 2553; x_wconf 89' lang='lat' dir='ltr'>eris,</span> <span class='ocrx_word' id='word_1_192' title='bbox 833 2474 889 2533; x_wconf 90' lang='lat' dir='ltr'>nisi</span> <span class='ocrx_word' id='word_1_193' title='bbox 913 2474 987 2533; x_wconf 90' lang='lat' dir='ltr'>scie-</span> 
     </span>
     <span class='ocr_line' id='line_1_28' title="bbox 62 2555 987 2637; baseline -0.005 -19"><span class='ocrx_word' id='word_1_194' title='bbox 62 2559 120 2637; x_wconf 90' lang='lat' dir='ltr'>ris,</span> <span class='ocrx_word' id='word_1_195' title='bbox 144 2557 230 2619; x_wconf 90' lang='lat' dir='ltr'>illum</span> <span class='ocrx_word' id='word_1_196' title='bbox 253 2564 338 2618; x_wconf 89' lang='lat' dir='ltr'>certo</span> <span class='ocrx_word' id='word_1_197' title='bbox 361 2566 391 2617; x_wconf 92' lang='lat' dir='ltr'>et</span> <span class='ocrx_word' id='word_1_198' title='bbox 412 2556 609 2618; x_wconf 86' lang='lat' dir='ltr'>infallibiliter</span> <span class='ocrx_word' id='word_1_199' title='bbox 636 2564 666 2617; x_wconf 90' lang='lat' dir='ltr'>et</span> <span class='ocrx_word' id='word_1_200' title='bbox 692 2555 920 2617; x_wconf 86' lang='lat' dir='ltr'>immutabiliter</span> <span class='ocrx_word' id='word_1_201' title='bbox 949 2573 987 2614; x_wconf 90' lang='lat' dir='ltr'>ac</span> 
     </span>
     <span class='ocr_line' id='line_1_29' title="bbox 62 2636 986 2719; baseline -0.006 -17"><span class='ocrx_word' id='word_1_202' title='bbox 62 2643 238 2702; x_wconf 86' lang='lat' dir='ltr'>necessario</span> <span class='ocrx_word' id='word_1_203' title='bbox 268 2642 348 2701; x_wconf 89' lang='lat' dir='ltr'>scire</span> <span class='ocrx_word' id='word_1_204' title='bbox 369 2648 400 2701; x_wconf 88' lang='lat' dir='ltr'>et</span> <span class='ocrx_word' id='word_1_205' title='bbox 421 2640 524 2719; x_wconf 85' lang='lat' dir='ltr'>velle,</span> <span class='ocrx_word' id='word_1_206' title='bbox 553 2645 584 2700; x_wconf 93' lang='lat' dir='ltr'>et</span> <span class='ocrx_word' id='word_1_207' title='bbox 605 2640 754 2700; x_wconf 87' lang='lat' dir='ltr'>facturum</span> <span class='ocrx_word' id='word_1_208' title='bbox 777 2657 866 2715; x_wconf 92' lang='lat' dir='ltr'>esse,</span> <span class='ocrx_word' id='word_1_209' title='bbox 903 2636 986 2717; x_wconf 88' lang='lat' dir='ltr'>quod</span> 
     </span>
     <span class='ocr_line' id='line_1_30' title="bbox 50 2722 987 2802; baseline -0.001 -21"><span class='ocrx_word' id='word_1_210' title='bbox 50 2776 53 2781; x_wconf 90' lang='lat'>.</span> <span class='ocrx_word' id='word_1_211' title='bbox 79 2723 234 2786; x_wconf 84' lang='lat' dir='ltr'>remittit?</span> <span class='ocrx_word' id='word_1_212' title='bbox 275 2723 384 2802; x_wconf 88' lang='lat' dir='ltr'>Neque</span> <span class='ocrx_word' id='word_1_213' title='bbox 411 2722 511 2783; x_wconf 89' lang='lat' dir='ltr'>solnm</span> <span class='ocrx_word' id='word_1_214' title='bbox 535 2730 634 2783; x_wconf 87' lang='lat' dir='ltr'>certos</span> <span class='ocrx_word' id='word_1_215' title='bbox 663 2727 786 2802; x_wconf 87' lang='lat' dir='ltr'>oportet</span> <span class='ocrx_word' id='word_1_216' title='bbox 816 2739 874 2782; x_wconf 88' lang='lat' dir='ltr'>uos</span> <span class='ocrx_word' id='word_1_217' title='bbox 907 2738 987 2797; x_wconf 87' lang='lat' dir='ltr'>esse,</span> 
     </span>
     <span class='ocr_line' id='line_1_31' title="bbox 61 2744 986 2878; baseline -0.009 -10"><span class='ocrx_word' id='word_1_218' title='bbox 61 2744 163 2868; x_wconf 77' lang='lat' dir='ltr'>baum</span> <span class='ocrx_word' id='word_1_219' title='bbox 186 2807 361 2866; x_wconf 86' lang='lat' dir='ltr'>necessario</span> <span class='ocrx_word' id='word_1_220' title='bbox 384 2814 413 2866; x_wconf 91' lang='lat' dir='ltr'>et</span> <span class='ocrx_word' id='word_1_221' title='bbox 425 2806 653 2866; x_wconf 92' lang='lat' dir='ltr'>immutabiliter</span> <span class='ocrx_word' id='word_1_222' title='bbox 677 2805 756 2866; x_wconf 87' lang='lat' dir='ltr'>velle</span> <span class='ocrx_word' id='word_1_223' title='bbox 778 2812 809 2865; x_wconf 91' lang='lat' dir='ltr'>et</span> <span class='ocrx_word' id='word_1_224' title='bbox 824 2804 986 2878; x_wconf 84' lang='lat' dir='ltr'>facturum,</span> 
     </span>
     <span class='ocr_line' id='line_1_32' title="bbox 61 2887 984 2969; baseline -0.007 -19"><span class='ocrx_word' id='word_1_225' title='bbox 61 2889 232 2950; x_wconf 82' lang='lat' dir='ltr'>sedetiam</span> <span class='ocrx_word' id='word_1_226' title='bbox 255 2889 379 2969; x_wconf 84' lang='lat' dir='ltr'>gloriari</span> <span class='ocrx_word' id='word_1_227' title='bbox 401 2890 431 2948; x_wconf 92' lang='lat' dir='ltr'>in</span> <span class='ocrx_word' id='word_1_228' title='bbox 454 2887 515 2949; x_wconf 91' lang='lat' dir='ltr'>hoc</span> <span class='ocrx_word' id='word_1_229' title='bbox 537 2890 614 2968; x_wconf 88' lang='lat' dir='ltr'>ipso,</span> <span class='ocrx_word' id='word_1_230' title='bbox 647 2897 681 2949; x_wconf 91' lang='lat' dir='ltr'>ut</span> <span class='ocrx_word' id='word_1_231' title='bbox 701 2888 814 2948; x_wconf 90' lang='lat' dir='ltr'>Paulus</span> <span class='ocrx_word' id='word_1_232' title='bbox 835 2887 926 2949; x_wconf 85' lang='lat' dir='ltr'>Rom.</span> <span class='ocrx_word' id='word_1_233' title='bbox 948 2887 984 2950; x_wconf 86' lang='lat'>3:</span> 
     </span>
     <span class='ocr_line' id='line_1_33' title="bbox 62 2969 988 3047; baseline -0.005 -15"><span class='ocrx_word' id='word_1_234' title='bbox 62 2971 137 3034; x_wconf 78' lang='lat' dir='ltr'>llsto</span> <span class='ocrx_word' id='word_1_235' title='bbox 162 2978 266 3032; x_wconf 85' lang='lat' dir='ltr'>autern</span> <span class='ocrx_word' id='word_1_236' title='bbox 289 2971 372 3032; x_wconf 88' lang='lat' dir='ltr'>Deus</span> <span class='ocrx_word' id='word_1_237' title='bbox 395 2990 506 3046; x_wconf 82' lang='lat' dir='ltr'>verax,</span> <span class='ocrx_word' id='word_1_238' title='bbox 536 2972 751 3032; x_wconf 89' lang='lat' dir='ltr'>omnishomo</span> <span class='ocrx_word' id='word_1_239' title='bbox 775 2969 924 3047; x_wconf 71' lang='lat' dir='ltr'>mendax,</span> <span class='ocrx_word' id='word_1_240' title='bbox 957 2974 988 3028; x_wconf 90' lang='lat' dir='ltr'>et</span> 
     </span>
     <span class='ocr_line' id='line_1_34' title="bbox 59 3050 989 3134; baseline -0.006 -19"><span class='ocrx_word' id='word_1_241' title='bbox 59 3056 168 3116; x_wconf 89' lang='lat' dir='ltr'>iterum</span> <span class='ocrx_word' id='word_1_242' title='bbox 185 3074 192 3116; x_wconf 72' lang='grc' dir='ltr'>ε</span> <span class='ocrx_word' id='word_1_243' title='bbox 214 3054 283 3115; x_wconf 91' lang='lat' dir='ltr'>Non</span> <span class='ocrx_word' id='word_1_244' title='bbox 307 3053 390 3134; x_wconf 89' lang='lat' dir='ltr'>quod</span> <span class='ocrx_word' id='word_1_245' title='bbox 404 3054 551 3115; x_wconf 85' lang='lat' dir='ltr'>exciderit</span> <span class='ocrx_word' id='word_1_246' title='bbox 573 3053 697 3115; x_wconf 85' lang='lat' dir='ltr'>verbnm</span> <span class='ocrx_word' id='word_1_247' title='bbox 710 3054 788 3131; x_wconf 76' lang='lat' dir='ltr'>nsi3</span> <span class='ocrx_word' id='word_1_248' title='bbox 806 3063 837 3114; x_wconf 91' lang='lat' dir='ltr'>et</span> <span class='ocrx_word' id='word_1_249' title='bbox 858 3050 989 3126; x_wconf 82' lang='lat' dir='ltr'>alibi*):</span> 
     </span>
     <span class='ocr_line' id='line_1_35' title="bbox 60 3134 986 3216; baseline -0.003 -20"><span class='ocrx_word' id='word_1_250' title='bbox 60 3136 305 3198; x_wconf 80' lang='lat' dir='ltr'>Fundamentum</span> <span class='ocrx_word' id='word_1_251' title='bbox 328 3135 388 3198; x_wconf 93' lang='lat' dir='ltr'>Dei</span> <span class='ocrx_word' id='word_1_252' title='bbox 411 3136 530 3196; x_wconf 84' lang='lat' dir='ltr'>firmum</span> <span class='ocrx_word' id='word_1_253' title='bbox 553 3143 633 3215; x_wconf 87' lang='lat' dir='ltr'>etat,</span> <span class='ocrx_word' id='word_1_254' title='bbox 656 3137 772 3198; x_wconf 87' lang='lat' dir='ltr'>habens</span> <span class='ocrx_word' id='word_1_255' title='bbox 794 3134 986 3216; x_wconf 84' lang='lat' dir='ltr'>signaculum</span> 
     </span>
     <span class='ocr_line' id='line_1_36' title="bbox 58 3216 987 3297; baseline -0.006 -17"><span class='ocrx_word' id='word_1_256' title='bbox 58 3219 135 3281; x_wconf 89' lang='lat' dir='ltr'>hoc:</span> <span class='ocrx_word' id='word_1_257' title='bbox 157 3216 255 3281; x_wconf 86' lang='lat' dir='ltr'>Novit</span> <span class='ocrx_word' id='word_1_258' title='bbox 277 3220 428 3280; x_wconf 91' lang='lat' dir='ltr'>Dominus</span> <span class='ocrx_word' id='word_1_259' title='bbox 451 3221 502 3297; x_wconf 90' lang='lat' dir='ltr'>qui</span> <span class='ocrx_word' id='word_1_260' title='bbox 524 3227 595 3279; x_wconf 87' lang='lat' dir='ltr'>sunt</span> <span class='ocrx_word' id='word_1_261' title='bbox 617 3221 693 3296; x_wconf 92' lang='lat' dir='ltr'>eius,</span> <span class='ocrx_word' id='word_1_262' title='bbox 715 3220 814 3280; x_wconf 86' lang='lat' dir='ltr'>etTit.</span> <span class='ocrx_word' id='word_1_263' title='bbox 837 3218 863 3279; x_wconf 90' lang='lat' dir='ltr'>l:</span> <span class='ocrx_word' id='word_1_264' title='bbox 886 3216 987 3292; x_wconf 80' lang='lat' dir='ltr'>Quam</span> 
     </span>
     <span class='ocr_line' id='line_1_37' title="bbox 58 3300 986 3383; baseline -0.004 -20"><span class='ocrx_word' id='word_1_265' title='bbox 58 3303 200 3383; x_wconf 90' lang='lat' dir='ltr'>promisit</span> <span class='ocrx_word' id='word_1_266' title='bbox 212 3303 294 3362; x_wconf 88' lang='lat' dir='ltr'>Deus</span> <span class='ocrx_word' id='word_1_267' title='bbox 317 3322 378 3363; x_wconf 91' lang='lat' dir='ltr'>non</span> <span class='ocrx_word' id='word_1_268' title='bbox 401 3301 547 3382; x_wconf 84' lang='lat' dir='ltr'>mendax,</span> <span class='ocrx_word' id='word_1_269' title='bbox 569 3310 639 3362; x_wconf 88' lang='lat' dir='ltr'>ante</span> <span class='ocrx_word' id='word_1_270' title='bbox 653 3310 793 3383; x_wconf 86' lang='lat' dir='ltr'>tempora</span> <span class='ocrx_word' id='word_1_271' title='bbox 821 3300 986 3376; x_wconf 80' lang='lat' dir='ltr'>secularia3</span> 
     </span>
    </p>
   </div>
   <div class='ocr_carea' id='block_1_3' title="bbox 61 3511 481 3521">
    <p class='ocr_par' dir='ltr' id='par_1_5' title="bbox 61 3511 481 3521">
     <span class='ocr_line' id='line_1_38' title="bbox 61 3511 481 3521; baseline 0 -2"><span class='ocrx_word' id='word_1_272' title='bbox 61 3511 244 3519; x_wconf 74' lang='lat'><em>--—--</em></span> <span class='ocrx_word' id='word_1_273' title='bbox 250 3512 481 3521; x_wconf 77' lang='lat'>-----—-—-——-</span> 
     </span>
    </p>
   </div>
   <div class='ocr_carea' id='block_1_4' title="bbox 59 3602 985 3818">
    <p class='ocr_par' dir='ltr' id='par_1_6' title="bbox 59 3602 985 3818">
     <span class='ocr_line' id='line_1_39' title="bbox 137 3602 985 3675; baseline 0.001 -19"><span class='ocrx_word' id='word_1_274' title='bbox 137 3606 166 3675; x_wconf 89' lang='lat' dir='ltr'>l)</span> <span class='ocrx_word' id='word_1_275' title='bbox 188 3602 295 3660; x_wconf 87' lang='lat' dir='ltr'>Ibidem</span> <span class='ocrx_word' id='word_1_276' title='bbox 322 3603 368 3660; x_wconf 92' lang='lat' dir='ltr'>hic</span> <span class='ocrx_word' id='word_1_277' title='bbox 387 3603 484 3661; x_wconf 81' lang='lat' dir='ltr'>addita</span> <span class='ocrx_word' id='word_1_278' title='bbox 507 3606 635 3675; x_wconf 88' lang='lat' dir='ltr'>leguntur</span> <span class='ocrx_word' id='word_1_279' title='bbox 661 3604 744 3661; x_wconf 84' lang='lat' dir='ltr'>haec:</span> <span class='ocrx_word' id='word_1_280' title='bbox 775 3618 933 3674; x_wconf 84' lang='lat' dir='ltr'>quanquam</span> <span class='ocrx_word' id='word_1_281' title='bbox 953 3603 985 3657; x_wconf 93' lang='lat' dir='ltr'>B.</span> 
     </span>
     <span class='ocr_line' id='line_1_40' title="bbox 59 3673 985 3746; baseline -0.002 -16"><span class='ocrx_word' id='word_1_282' title='bbox 59 3675 236 3746; x_wconf 73' lang='lat' dir='ltr'>Augustinus</span> <span class='ocrx_word' id='word_1_283' title='bbox 254 3675 341 3731; x_wconf 82' lang='lat' dir='ltr'>iatum</span> <span class='ocrx_word' id='word_1_284' title='bbox 361 3693 416 3731; x_wconf 91' lang='lat' dir='ltr'>non</span> <span class='ocrx_word' id='word_1_285' title='bbox 436 3677 495 3732; x_wconf 89' lang='lat' dir='ltr'>sine</span> <span class='ocrx_word' id='word_1_286' title='bbox 520 3692 606 3732; x_wconf 83' lang='lat' dir='ltr'>eausa</span> <span class='ocrx_word' id='word_1_287' title='bbox 624 3677 750 3744; x_wconf 83' lang='lat' dir='ltr'>damnet,</span> <span class='ocrx_word' id='word_1_288' title='bbox 775 3690 840 3731; x_wconf 82' lang='lat' dir='ltr'>uam</span> <span class='ocrx_word' id='word_1_289' title='bbox 859 3678 895 3731; x_wconf 89' lang='lat' dir='ltr'>de</span> <span class='ocrx_word' id='word_1_290' title='bbox 913 3673 985 3730; x_wconf 87' lang='lat' dir='ltr'>Stoi-</span> 
     </span>
     <span class='ocr_line' id='line_1_41' title="bbox 62 3747 653 3818; baseline 0.003 -17"><span class='ocrx_word' id='word_1_291' title='bbox 62 3763 159 3803; x_wconf 83' lang='lat' dir='ltr'>corum</span> <span class='ocrx_word' id='word_1_292' title='bbox 181 3747 240 3803; x_wconf 84' lang='lat' dir='ltr'>lato</span> <span class='ocrx_word' id='word_1_293' title='bbox 258 3747 388 3818; x_wconf 83' lang='lat' dir='ltr'>loquitur.</span> <span class='ocrx_word' id='word_1_294' title='bbox 428 3749 457 3814; x_wconf 71' lang='lat' dir='ltr'>‘l</span> <span class='ocrx_word' id='word_1_295' title='bbox 478 3752 502 3807; x_wconf 87' lang='lat'>2.</span> <span class='ocrx_word' id='word_1_296' title='bbox 521 3748 609 3803; x_wconf 87' lang='lat' dir='ltr'>Timo.</span> <span class='ocrx_word' id='word_1_297' title='bbox 629 3749 653 3804; x_wconf 77' lang='lat'>2.</span> 
     </span>
    </p>
   </div>
   <div class='ocr_carea' id='block_1_5' title="bbox 0 0 1178 4162">
    <p class='ocr_par' dir='ltr' id='par_1_7' title="bbox 0 0 1178 4162">
     <span class='ocr_line' id='line_1_42' title="bbox 0 0 1178 4162; baseline 0 0"><span class='ocrx_word' id='word_1_298' title='bbox 0 0 1178 4162; x_wconf 95' lang='lat' dir='ltr'> </span> 
     </span>
    </p>
   </div>
  </div>
 </body>
</html>
