2348 4162
277 258 316 315 ad
332 260 367 316 D.
385 259 529 315 Ειιιιιιιιιι
547 259 773 316 Rotsrodanun.
929 262 989 329 191

64 449 135 490 nam
159 429 341 510 perducunt,
362 430 421 490 nisi
444 427 570 490 verbum
593 437 722 511 etopus
745 430 817 509 Dei,
839 431 989 511 siquidem

61 513 161 592 petia
183 513 233 574 vel
254 514 378 594 spiritus
400 519 448 574 eat
468 513 537 592 ipsa
558 515 637 594 vita,
666 514 705 574 ad
727 533 819 594 quam
841 516 936 578 verbo
960 523 991 578 et

62 614 158 676 opere
183 595 288 658 divino
311 594 517 692 perducimur.

145 679 232 739 Haeo
254 687 356 741 autem
378 680 442 739 vita
461 679 510 738 vel
532 678 615 740 selus
638 687 763 739 aeterna
797 699 845 740 res
876 683 952 742 ιιι
944 701 989 742 ιιι-

63 762 353 842 comprehanaibilis
383 765 486 841 captui
514 761 670 843 humano,
704 765 782 822 sicut
804 762 915 824 Paulus
949 784 990 825 ex

61 842 198 928 Esaia‘)
220 846 320 923 refert,
345 849 371 909 l
395 845 532 906 Corinth.
555 847 589 910 2:
619 810 706 920 Quae
728 845 835 906 oculus
860 866 921 907 non
946 848 987 908 vi·

62 927 126 1005 dit,
139 948 199 989 nec
220 930 301 989 auris
325 928 449 1008 audivit,
472 947 531 988 nec
553 930 583 988 in
610 947 663 992 cor
685 930 817 989 hominis
839 929 987 1010 ascendit,

61 1029 141 1089 quae
164 1014 361 1092 praeparavit
385 1011 467 1071 Deus
489 1010 685 1090 diligentibus
708 1032 750 1072 se
806 1010 886 1074 Nam
910 1016 969 1074 et
962 1033 987 1073 rs

59 1095 138 1154 inter
160 1112 298 1156 summos
322 1093 480 1155 articulos·
490 1093 562 1154 fidei
584 1103 707 1155 nostrae
729 1104 870 1157 numerat
871 1117 914 1177 ur,
938 1095 988 1157 ubi

60 1177 208 1240 dicimus:
232 1177 271 1237 Et
293 1179 384 1238 vitam
421 1184 589 1241 aeternam.
612 1175 692 1252 Quid
715 1199 788 1239 vero
810 1181 840 1238 iu
858 1181 918 1241 isto
942 1199 987 1240 ar·

60 1259 156 1321 tioulo
197 1261 300 1321 valeat
335 1259 464 1321 liberum
505 1261 684 1339 arbitrium,
715 1261 826 1321 Paulus
861 1269 920 1323 test
922 1273 988 1323 atur

55 1350 86 1407 t.
110 1343 253 1404 Gorinth.
275 1342 308 1409 2:
334 1342 415 1403 Deus
430 1339 562 1425 (inquit)
587 1343 675 1403 uobis
699 1363 736 1404 ea
761 1345 910 1406 revelavit
932 1365 987 1426 per

58 1427 209 1508 Spiritum
231 1447 329 1503 suurn,
354 1426 432 1504 q.d.:
454 1426 521 1486 Nisi
543 1428 666 1506 spiritus
688 1428 852 1504 revelarit,
873 1430 987 1490 nullius
1036 1466 1039 1471 *

57 1511 195 1570 bominis
225 1528 280 1570 cor
301 1510 464 1589 quicquam
488 1509 526 1569 de
549 1528 586 1568 ea
607 1529 640 1570 re
663 1519 770 1570 nosset
790 1519 844 1570 aut
866 1514 984 1591 cogita-

57 1604 114 1671 ret,
137 1599 256 1653 tanturn
279 1592 376 1670 abest,
400 1602 432 1653 ut
453 1611 522 1652 sese
538 1593 694 1672 applicare
716 1593 756 1654 ad
777 1592 807 1654 id
820 1595 870 1654 vel
892 1614 987 1675 appa·

58 1685 126 1737 tere
171 1676 259 1737 ossit.

144 1695 259 1819 &ide
240 1759 472 1839 experientiam,
495 1756 567 1837 quid
590 1734 984 1839 excellentissimaingania

57 1846 139 1903 inter
160 1853 269 1922 gentes
292 1841 331 1901 de
362 1842 424 1901 vita
444 1842 545 1902 lutura
573 1845 848 1902 etreaurreotione
882 1861 986 1903 sense·

57 1929 128 2001 rint,
150 1943 254 1987 nonne
278 1942 338 2004 quo
366 1924 636 1986 excellentiores
629 1928 753 2005 ingenio
777 1926 918 2005 luerunt,
945 1945 984 1987 eo

57 2009 157 2089 magis
179 2007 340 2068 ridiculum
363 2007 681 2069 illisluitrcsurreotio
706 2019 736 2069 at
758 2009 983 2070 vitaaeterna?

57 2094 115 2153 nisi
139 2109 203 2152 non
225 2091 375 2152 luerunt
369 2091 520 2171 ingeniosi
543 2090 719 2171 philosophi
742 2091 784 2151 illi
807 2099 838 2152 et
859 2090 981 2172 Graeci,

57 2176 109 2254 qui
134 2174 265 2235 Athenis
286 2171 479 2255 Paulumii)
514 2174 592 2235 haec
621 2174 782 2235 docentem
817 2177 985 2256 spermolo-

56 2277 120 2339 gon
139 2266 176 2323 ,et
197 2276 347 2319 novorum
371 2257 602 2318 daemoniorum
622 2270 807 2318 assertorem
830 2257 983 2328 dicebant

58 2342 182 2403 Portius
209 2340 318 2401 Festus
347 2340 415 2401 Act.
438 2342 478 2404 24
510 2340 667 2400 Paulum
660 2360 801 2402 insanum
831 2343 985 2403 clamabat

59 2426 100 2487 ob
124 2424 387 2503 praedicationem
411 2434 555 2484 aeternae
577 2426 667 2488 vitae
707 2423 785 2499 Quid
810 2424 923 2486 Plinius
946 2424 985 2485 da

58 2506 458 2571 iisrebuslatratlib.7?
501 2504 984 2586 QuidLunianus,nnrum1n-

58 2590 209 2676 genium?
263 2589 424 2670 Stupidine
453 2589 496 2649 illi
525 2589 666 2650 luerunt?
723 2592 862 2688 Denique
884 2591 985 2651 adhuc

58 2674 154 2735 bodie
176 2673 334 2755 plerique,
357 2691 417 2752 quo
438 2682 508 2733 sunt
540 2675 656 2734 maiore
686 2676 811 2753 ingenio
834 2681 866 2735 et
887 2674 984 2734 erudi-

59 2761 167 2836 tione,
197 2759 257 2818 boc
278 2757 376 2836 magis
399 2756 500 2816 rident
521 2776 590 2817 euru
613 2758 775 2818 articulum
798 2764 829 2816 ct
849 2757 983 2818 fabulam

59 2860 130 2903 esse
145 2842 283 2921 putent,
316 2842 407 2920 idque
441 2840 552 2920 palam.
615 2840 695 2901 Nam
728 2842 849 2902 occulte
883 2840 984 2900 nullus

58 2926 152 3005 plane
173 2925 342 3000 bominum,
364 2923 421 2982 nisi
444 2922 557 3002 Spiritu
580 2932 687 2985 saneto
709 2924 862 3004 perfusus,
887 2924 983 3001 norit,

59 3009 157 3069 credit
179 3015 232 3067 aut
253 3014 340 3088 optat
362 3007 491 3066 salutern
514 3012 687 3086 aeternam,
712 3010 831 3067 etiarnsi
853 3025 931 3068 voco
954 3015 985 3068 et

58 3093 131 3152 stilo
152 3090 301 3154 lectitent.
335 3092 436 3170 Atque
459 3092 571 3149 utinam
596 3090 705 3151 eodem
727 3091 876 3150 fermento
901 3097 931 3150 et
951 3097 984 3151 tu

59 3184 91 3234 et
113 3192 175 3255 ego
197 3173 284 3233 liberi
306 3192 453 3248 essemus,
476 3173 517 3232 mi
539 3172 676 3247 Erasme,
700 3181 860 3234 tamrarus
884 3175 982 3234 estin

58 3258 121 3318 boc
142 3257 272 3318 articulo
302 3255 400 3317 fidelis
429 3258 558 3316 animus.
609 3256 758 3318 Habeone
792 3255 981 3318 delinitionis

58 3341 148 3401 buius
172 3340 320 3401 sensum?

142 3420 261 3503 Igitur,
291 3425 420 3485 Eraemo
443 3430 570 3503 autore,
599 3422 724 3483 liberum
748 3422 903 3483 arbitrium
937 3433 984 3484 eat

34 3509 106 3568 'vis
128 3507 305 3587 voluntatis,
329 3525 412 3638 quae
417 3513 533 3637 potest
554 3525 587 3567 se
608 3504 715 3586 ipaa1)
749 3506 829 3568 velle
851 3513 881 3567 et
901 3506 984 3568 nolle

275 3632 370 3640 ‘on-..-

131 3687 350 3757 lllsarastll
388 3684 600 3756 *·)Ant017.
638 3689 985 3757 blandratense

57 3762 128 3817 leur
121 3760 303 3831 ·'aaeipaa
