2348 4162
347 252 427 313 liberi
446 253 589 313 christiani
607 270 657 326 per
674 255 710 312 D.
731 256 766 312 li.
786 256 819 313 L.
986 256 1047 322 371

126 428 204 508 latis,
225 428 429 511 perimpium
452 428 622 493 doctrinam
657 434 689 496 et
710 431 820 492 multas
852 431 1050 494 enormitates

126 512 226 574 malae
248 515 329 574 vitae
352 512 479 594 praebet
500 521 547 596 et,
570 515 653 596 quod
670 515 811 578 dolentes
833 515 1051 594 intelleximus,

125 597 305 657 innocentes
337 594 446 660 iideles
479 607 602 659 nostros
638 598 677 660 ad
710 617 781 659 suas
816 599 990 679 impietaten
1020 605 1052 660 at

125 678 275 742 scandala
296 679 524 742 defendendum
554 688 586 743 et
607 680 791 744 servandum
820 688 851 743 et
872 682 986 744 servari
1009 681 1050 743 ia-

125 762 266 824 ciendum
288 764 376 843 igne,
397 762 495 841 ferro,
523 783 604 845 aqua
626 773 657 827 et
679 766 778 827 omnis
804 767 927 847 generis
948 783 1049 846 perse-

125 846 248 908 cutione
285 865 340 927 per
360 864 433 908 suos
456 848 621 929 complices
649 850 803 930 principes
832 855 862 909 et
885 849 1050 929 episcopos

124 930 219 1010 cogit,
243 938 273 991 et
294 930 339 991 ita
361 930 523 992 ecclesiam
542 939 678 992 nostrum
698 932 782 993 velut
794 933 978 1012 mancipium
997 927 1050 993 Sa

124 1019 236 1090 tanae,
259 1014 375 1092 antiqui
396 1012 478 1074 illius
507 1015 545 1075 ab
568 1016 654 1077 initio
676 1015 867 1095 homicidae,
900 1017 1050 1095 sanguine

123 1096 282 1157 innocenti
303 1096 442 1177 repleat,
472 1103 517 1177 et,
547 1098 619 1159 licet
640 1099 726 1159 multi
748 1099 845 1160 nostri
869 1096 973 1158 dilecti
996 1096 1050 1157 fllii

124 1184 186 1240 tam
210 1179 384 1259 spirituales
406 1185 438 1239 ct
459 1181 625 1260 seculares,
646 1183 826 1263 praesertim
841 1181 970 1242 dilectus
992 1199 1049 1242 no·

124 1261 171 1322 bis
192 1262 269 1343 lmp.
292 1261 420 1323 Carolus
435 1261 474 1341 V,
496 1266 618 1345 saepius
642 1271 672 1325 et
693 1283 807 1346 magna
827 1265 972 1326 instantia
994 1283 1048 1344 pe-

123 1346 226 1406 tierint
247 1351 278 1406 et
299 1364 355 1425 per
381 1363 493 1406 nomen
518 1354 656 1408 nostrum
690 1367 760 1408 eum
790 1349 882 1408 enixe
903 1348 1049 1428 rogarint,

124 1436 157 1488 ut
179 1427 350 1515 (lcpcilium
363 1428 509 1510 generale
529 1429 678 1491 indiceret
700 1437 730 1491 et
741 1430 909 1492 celebraret
930 1430 969 1490 ad
988 1430 1048 1491 ool·

123 1508 249 1592 liganda
278 1510 317 1572 de
339 1530 436 1593 regno
460 1511 570 1573 Christi
598 1513 744 1574 scandala
766 1518 797 1574 et
825 1511 979 1575 tollendos
1002 1532 1048 1572 er·

122 1613 209 1657 rores
231 1601 263 1655 et
284 1592 484 1675 corrigendos
512 1615 612 1657 mores
641 1604 703 1659 tam
726 1599 756 1657 iu
784 1596 934 1678 capitibus
957 1615 1047 1675 quam

122 1679 153 1737 iu
177 1676 331 1758 membris,
353 1680 421 1758 ipse
441 1677 640 1740 nibilominus
663 1681 757 1740 durae
779 1680 907 1741 cervicis
938 1685 970 1740 et
990 1677 1047 1738 fer·

122 1779 196 1822 reae
223 1760 346 1841 frontis,
370 1760 478 1821 odiens
501 1761 599 1824 lucem
622 1767 655 1824 et
676 1763 810 1824 veritatis
834 1762 955 1842 hostis,
984 1780 1047 1823 non

123 1844 223 1905 solum
247 1845 387 1923 nequiter
402 1845 629 1925 tergiversatur,
651 1846 705 1907 sed
725 1846 920 1907 etmaiitiose
942 1851 973 1906 et
995 1846 1048 1904 im-

123 1927 275 2007 pudenter
295 1925 429 2008 deneget
452 1934 498 1988 tot
521 1936 553 1989 et
573 1934 727 1991 tantorum
751 1928 885 1991 tiliorum
906 1946 1048 1989 necessa·

122 2012 175 2071 riis
198 2009 339 2091 precibus
363 2029 465 2072 aurem
488 2012 653 2091 inclinare,
681 2019 837 2094 metuens,
860 2031 900 2073 ne
922 2030 996 2073 suae
1018 2016 1049 2071 et

123 2112 248 2165 sucrum
278 2093 473 2173 complicium
504 2096 703 2158 enormitates
733 2106 764 2158 et
791 2096 925 2158 malitiae
954 2094 1046 2155 corri-

84 2214 92 2229 ·
123 2183 250 2257 gantur,
273 2182 304 2237 et
325 2177 392 2255 ipse
413 2177 452 2238 ad
474 2178 724 2242 reformationem
748 2180 970 2261 compellatur,
992 2196 1047 2257 po-

124 2262 184 2321 tius
208 2259 315 2322 volens
343 2265 439 2320 totam
461 2261 625 2323 ecclesiam
648 2269 784 2325 nostram
807 2265 927 2342 perire,
957 2278 1047 2340 quam

125 2362 198 2404 aues
221 2348 252 2403 et
273 2361 398 2404 suorum
420 2345 571 2424 nequitias
595 2353 626 2406 et
647 2347 779 2407 malitias
800 2344 950 2425 impediri.

208 2425 273 2487 Nos
294 2427 394 2506 igitur,
417 2428 468 2506 qui
490 2445 546 2507 pro
569 2435 675 2489 nostra
696 2428 797 2489 solida
818 2427 980 2488 clementia
1002 2444 1048 2485 sa·

125 2509 163 2572 tis
188 2508 239 2570 diu
269 2509 467 2571 toleravimus
491 2529 562 2571 suas
594 2518 625 2571 et
644 2530 767 2572 suorum
798 2511 995 2572 enormitates
1018 2511 1049 2567 et

124 2599 246 2673 tempus
268 2594 342 2653 satis
380 2592 508 2674 longum
531 2595 739 2673 poenitentiae
773 2595 801 2655 ei
835 2592 995 2671 dedimus,
1018 2597 1050 2651 et

125 2695 181 2757 pro
202 2677 298 2756 ipsius
321 2683 351 2736 et
366 2695 490 2737 suorum
508 2677 606 2738 salute
619 2677 876 2738 dissimulavimus
889 2677 937 2737 vel
961 2673 1049 2755 quasi

125 2767 156 2820 et
178 2759 349 2819 distulimus
362 2766 536 2821 nostrorum
548 2761 689 2822 assiduos
703 2761 855 2824 clamores
879 2767 908 2820 et
930 2774 1049 2839 preces,

125 2841 345 2922 intelligentes,
366 2843 465 2923 quod,
487 2850 521 2904 ut
543 2842 668 2905 Salamo
690 2851 796 2907 noster
817 2843 910 2921 dicit,
942 2859 1049 2902 servus

125 2925 258 2989 delicate
280 2926 409 2986 nutritus
432 2925 466 2986 iit
488 2934 666 3008 contumax,
696 2935 726 2989 et
748 2929 815 3008 ipse
842 2926 941 2988 dictus
963 2941 1048 3005 prae-

124 3014 230 3070 teusns
266 3009 407 3069 Vioarius
444 3008 503 3070 Dei
540 3009 578 3070 dc
610 3011 659 3072 die
698 3013 728 3072 iu
765 3009 845 3071 diem
880 3008 1048 3086 induratur,

125 3098 156 3153 et
187 3092 439 3173 impoenitentiae
472 3093 590 3153 crimini
626 3113 695 3154 sese
731 3094 908 3175 obstringit,
944 3095 983 3173 et,
1017 3097 1050 3149 ut

125 3175 211 3236 multi
241 3182 381 3254 narrant,
412 3177 470 3236 nisi
501 3176 652 3257 pestiferis
688 3178 753 3237 eins
781 3175 942 3237 conatibus
977 3176 1050 3238 resi-

125 3264 271 3335 steretur,
302 3259 333 3318 in
358 3259 479 3321 coelum
509 3267 718 3339 praesumeret
739 3257 907 3320 ascendere
940 3265 970 3320 et
992 3277 1048 3321 uos

124 3341 164 3403 de
185 3342 297 3404 throno
320 3343 488 3404 maiestatis
524 3341 704 3427 (sitantum
736 3342 863 3405 haberet
891 3344 1049 3423 potentiae

125 3430 279 3506 quantum·
288 3423 479 3509 cupiditatis)
492 3424 664 3505 deturbare,
686 3432 719 3487 ut
740 3427 770 3486 in
792 3426 923 3487 ecclesie
944 3431 1050 3494 nostra

125 3510 192 3570 siue
214 3507 304 3570 nobis
326 3527 382 3589 pro
404 3508 490 3569 libito
520 3529 575 3570 suo
598 3512 789 3591 tyrannisare
812 3515 933 3589 posset:
956 3527 1050 3589 quare

125 3590 306 3654 dilectorum
329 3598 504 3654 nostrorum
521 3592 654 3655 fidelium
700 3593 821 3654 recibus
843 3591 967 3669 tandem
983 3611 1050 3672 per·

126 3676 201 3737 moti
223 3680 255 3737 et
276 3674 428 3755 inclinati,
462 3684 581 3738 maturo
604 3613 784 3757 praebebito
815 3695 884 3737 curn
907 3674 998 3736 Patre
1021 3682 1051 3737 et

124 3757 202 3820 Filio
226 3776 330 3819 coram
353 3758 494 3820 omnibus
524 3762 638 3821 sanctis
664 3761 775 3821 nostris
804 3759 921 3841 angelis
952 3760 1050 3820 cousi·

767 3840 839 3907 24*
