2348 4162
403 241 441 299 Δ.
451 243 540 304 1534.
558 243 639 305 1535.
920 241 981 311 531

60 425 127 467 mus
149 408 180 469 in
203 407 360 489 doctrina,
394 429 456 472 uns
477 415 596 479 tantum
618 412 669 474 via
690 416 753 489 cst,
774 411 892 472 scilicet
909 413 984 493 pati·

60 491 143 551 entis
163 491 193 551 in
217 492 344 552 cantata
368 492 497 573 Christi,
528 500 561 554 ut
581 494 649 555 illos
673 491 809 556 sinamus
832 495 933 556 furere
954 502 985 555 et

60 590 124 641 nos
140 574 244 653 quieto
265 575 373 654 spiritu
397 594 504 639 sorum
526 575 599 638 odis
621 581 654 639 et
674 576 821 639 malitiam
834 580 984 638 sustines·

60 675 145 733 mus,
186 675 257 718 nam
280 676 338 719 nos
362 665 486 739 oportet
507 677 577 720 osse
598 678 671 722 vere
694 660 932 742 christophoros
956 666 987 722 et

60 738 100 799 de
122 738 229 800 ordine
251 737 281 803 S.
300 739 415 807 Oruoia.
459 741 595 803 Obristus
612 749 773 804 convertet
782 743 898 804 electos
912 762 984 803 suos

59 827 92 882 et
114 821 257 884 liberabit
278 823 402 885 tandem
425 844 482 887 noa
505 844 628 906 omnes,
663 827 748 887 cuius
778 833 826 888 est
847 827 984 904 victoria,

60 906 153 966 virtus
176 904 318 985 stgloria
339 926 407 970 cnm
420 905 513 971 Patre
535 917 566 971 ct
578 907 691 990 Spiritu
713 918 822 971 sancto
844 910 874 969 in
888 916 985 969 aetar-

59 1006 143 1069 num,
166 987 279 1052 Arnon.

446 1236 485 1298 A.
507 1236 599 1304 1535.

61 1397 116 1479 17)
140 1399 337 1461 Praefatio
360 1400 396 1465 D.
421 1401 460 1464 Μ.
482 1401 638 1462 Lutheri
673 1403 703 1462 in
739 1401 892 1479 libellum,
931 1404 982 1483 qni

57 1500 141 1542 anno
171 1483 250 1547 1535
289 1483 369 1563 typis
404 1485 569 1564 impressus
604 1492 652 1545 est
686 1485 742 1545 snb
773 1485 832 1547 hoo
852 1487 981 1566 inscrip-

473 1569 571 1628 tione:

141 1644 292 1720 Qvnssu-
311 1650 316 1723 Ι
336 1647 386 1708 LA
422 1649 476 1710 DE}
516 1649 609 1710 urolt
640 1648 713 1732 Plll
739 1654 770 1710 et
809 1649 980 1731 Spirituslis

100 1729 196 1790 cuius·
215 1727 220 1812 Ι
240 1731 322 1809 piam
355 1730 498 1792 Parroohi
512 1729 541 1813 1)
562 1730 615 1816 (ut
647 1732 783 1810 videtur)
797 1731 898 1877 bam
920 1733 981 1794 boo

100 1820 238 1873 nostrum
262 1833 367 1875 saecu·
386 1817 391 1892 Ι
410 1813 482 1889 lum,
505 1834 601 1896 nuper
622 1821 778 1896 reporta}
827 1815 1004 1877 ittember··

100 1897 334 1977 geellbbbl.
380 1896 431 1972 (ln
459 1895 535 1958 tino:
572 1898 727 1959 Exousum
752 1899 979 1979 Vittembargse

81 1995 155 2058 per
176 1977 337 2039 Nicolaum
361 1977 560 2061 Sobirlents),

57 2068 89 2122 et
119 2079 180 2139 quo
211 2063 344 2122 incertus
379 2070 487 2123 auctor
509 2062 631 2124 vivendi
653 2062 804 2124 rationem
829 2064 979 2144 praelato·

57 2163 135 2220 rum,
157 2144 338 2225 principum,
361 2145 518 2227 nobilium,
542 2147 664 2224 civium,
685 2154 889 2208 mercatorum
912 2168 979 2229 per-

57 2228 178 2306 stringit
199 2234 291 2306 atque
314 2228 460 2305 versibus,
482 2248 610 2308 quorum
635 2237 772 2290 extrema
789 2230 883 2291 verba
899 2231 979 2292 inter

56 2329 92 2370 sc
115 2318 298 2387 consonant,
321 2313 453 2391 graviter
466 2313 610 2390 queritur,
632 2310 714 2392 quod
729 2310 805 2372 fidos
828 2332 976 2392 nusquam

56 2392 248 2472 inveniatur,
303 2412 336 2453 er
357 2400 454 2454 totum
484 2402 630 2454 terrarum
654 2394 760 2455 orbem
782 2394 866 2455 solus
888 2394 977 2457 dolus

56 2474 231 2555 triumphet.
275 2412 467 2538 1551111555
483 2476 570 2536 buius
593 2475 687 2539 libelli
711 2477 869 2556 originali,
898 2494 977 2557 qnae

56 2556 146 2627 uobis
169 2577 209 2619 ex
231 2557 418 2620 bibliotbaos
445 2561 531 2639 regia
553 2559 730 2619 Monacensi
753 2568 876 2639 praesto
901 2567 976 2639 arat,

56 2641 145 2702 buius
168 2641 429 2721 praefatiunculae
452 2649 552 2702 textus
576 2642 621 2702 sic
643 2641 766 2722 legitur:

378 2764 425 2870 1).Ι
437 2805 524 2872 Mart.
546 2805 668 2868 butbcr.

142 2921 243 3002 Vides,
267 2925 383 3003 optima
406 2924 511 3003 lactor,
532 2924 625 2984 etiam
647 2928 721 2984 ante
732 2929 868 2983 nostrum
891 2942 977 2985 secu·

55 3005 122 3065 lum·
141 3003 234 3065 luisse
256 3024 379 3085 semper
402 3008 432 3067 in
455 3007 588 3069 ccclesia
609 3006 726 3085 aliquot
748 3007 817 3086 pios
840 3013 870 3065 et
891 3025 977 3068 sano·

54 3094 105 3149 ton
127 3089 220 3164 viros,
243 3090 305 3168 qui,
329 3106 396 3149 oum
413 3090 536 3169 publice
558 3107 621 3149 non
638 3087 787 3149 auderent
809 3107 894 3148 suum
918 3091 976 3169 spl-

55 3172 145 3231 ritum
168 3177 199 3231 et
220 3189 344 3231 sonsum
366 3171 511 3253 profiteri,
534 3179 639 3233 tamen·
658 3173 689 3232 in
708 3171 829 3252 angulis
850 3173 921 3251 suis,
945 3180 978 3234 ut

54 3261 121 3313 erat
142 3259 215 3314 tuno
236 3255 368 3314 ecclesia
389 3257 418 3314 in
442 3255 594 3316 desertum
618 3255 707 3335 pulso
735 3273 790 3335 per
811 3253 976 3316 draconem

53 3336 105 3416 (ut
128 3335 335 3418 Apocalypsis
358 3338 460 3416 dicit),
484 3357 571 3398 suum
594 3336 731 3399 dolorem
745 3337 978 3399 exstillavernnt

53 3427 84 3478 et
108 3420 290 3481 visitationis
314 3419 394 3481 diem
417 3423 656 3502 suspiraverunt.

126 3619 157 3685 1)
175 3616 207 3670 In
226 3618 269 3674 cd.
290 3618 360 3688 orig.
378 3617 433 3674 sio:
450 3620 587 3676 Parroobi.

699 3806 767 3874 34·
