2348 4162
143 249 207 315 408
341 249 547 305 Conciunculuc
564 249 703 319 quaedam
721 249 755 303 Ι).
775 250 810 304 tl
829 250 861 305 L.

143 428 207 483 turn
245 420 333 482 vobis
367 422 502 480 maxima
524 420 624 497 salus,
650 421 723 500 quia
748 421 854 483 veniet
880 420 1051 499 consolator,

144 506 196 585 qni
218 524 267 565 me
288 510 434 565 manente
456 524 518 563 non
540 502 626 565 venit
647 523 706 563 neo
725 511 831 583 potest
852 506 967 567 venire.

227 587 288 648 Sed
309 587 360 648 hic
381 588 526 667 quaeritis
548 587 642 647 torte:
666 586 746 662 Quid
768 587 821 649 iile
832 589 935 668 faciet,
955 588 1004 649 nbi
1014 606 1052 647 re

145 673 223 732 uerit
245 678 275 731 te
297 671 424 732 absente
446 676 478 731 et
498 669 588 730 nobis
610 671 768 732 miseriae
789 669 969 733 teretiotis?
1008 672 1053 731 Re

145 754 302 835 spondeo:
324 754 447 816 Novum
470 754 544 814 mihi
566 773 694 834 regpnm
707 755 835 834 incipiet
855 775 950 834 super
971 762 1054 815 totnn

145 838 301 917 mundum,
325 840 396 918 quia
418 844 514 898 toturn
538 835 685 897 mundum
708 836 848 899 subiiciet
868 839 943 899 mihi
966 844 996 900 et
1014 856 1054 898 vo

144 921 202 999 bis,
223 941 285 983 non
307 920 431 1000 quidem
453 919 568 980 iuribus
589 927 643 981 aut
664 921 766 1001 armis,
788 920 845 981 sed
866 922 976 1001 verbo,
998 922 1056 1001 qnia

146 1024 207 1066 non
231 1005 381 1085 pugnabit
401 1005 494 1082 ferro,
516 1003 570 1063 sed
582 1010 700 1084 arguet,
721 1003 783 1065 hoc
796 1008 855 1083 est,
877 1004 975 1066 verbo
987 1002 1056 1066 dam

144 1089 230 1149 nabit
251 1094 282 1148 et
302 1107 372 1148 reos
395 1088 496 1168 faciet,
519 1088 612 1147 etita
634 1086 812 1148 humiliatos
823 1088 968 1150 subiiciet
987 1087 1056 1163 mihi,

145 1177 177 1231 nt
199 1191 326 1252 regnum
350 1191 451 1231 meum
475 1171 611 1231 elevetur
633 1172 851 1250 superomnia
872 1191 971 1251 regna
992 1178 1041 1233 etc.

228 1254 268 1314 Et
293 1254 345 1315 hic
372 1259 419 1314 est
460 1253 632 1314 differentia
658 1254 742 1315 clara
774 1256 861 1335 regni
891 1254 1004 1316 Christi
1033 1258 1056 1312 et

143 1336 249 1482 lrpundi
280 1338 310 1398 in
340 1337 451 1416 verbo,
487 1339 619 1418 Arguet,
649 1336 730 1417 quod
764 1343 812 1398 est
841 1336 1054 1400 observandum

165 1440 233 1486 ene.

438 1502 556 1583 Arguet
578 1509 679 1564 autem
704 1504 775 1564 tria:

230 1614 258 1672 1.
280 1607 463 1687 Peccatum,
495 1608 526 1669 id
553 1615 615 1687 est,
649 1627 758 1670 omnes
793 1628 865 1671 esse
886 1614 1054 1691 peccatores

147 1700 238 1754 extra
261 1692 423 1753 Christum.

226 1778 255 1840 2.
277 1773 439 1850 Iustitiam,
461 1773 491 1834 id
515 1782 572 1847 est,
594 1775 624 1833 in
647 1774 715 1834 sola
734 1773 797 1835 tide
818 1777 905 1855 passi
928 1782 960 1836 et
974 1772 1054 1835 sueni·

150 1861 204 1919 tati
226 1858 337 1918 Christi
361 1877 469 1918 omnes
490 1856 657 1919 iustificari.

226 1944 254 2005 3.
278 1939 442 2017 Indicium,
465 1939 496 2001 id
517 1948 580 2019 est,
602 1939 684 2020 qnod
708 1939 844 2002 damnati
867 1943 933 2003 sint
953 1956 1055 2013 omnes,

150 2026 201 2104 qui
222 2024 304 2085 hano
325 2023 495 2085 doctrinam
518 2023 675 2087 damnant.

226 2105 306 2181 Quia
325 2106 404 2168 baec
439 2108 496 2168 trie
525 2105 655 2167 mundns
684 2111 787 2167 servet
809 2112 921 2170 contra
942 2108 1052 2189 primun

144 2189 296 2251 tabulam:

551 2273 663 2334 Primo.

227 2377 299 2441 Non
324 2378 388 2438 vult
408 2380 512 2438 omnia
533 2397 602 2438 esse
624 2384 764 2458 peccate,
785 2397 865 2457 quae
887 2379 970 2442 tacit.

530 2459 684 2525 Secundo,

225 2544 296 2606 Non
317 2544 383 2605 vult
404 2544 502 2604 solam
524 2543 616 2604 fidem
637 2544 783 2605 iustitiam
806 2563 888 2623 esse,
910 2544 1053 2607 sedetiam

144 2647 241 2708 opera
263 2627 346 2688 bona
367 2627 481 2708 aliquid
505 2646 574 2687 esse
596 2633 654 2689 etc.

550 2728 663 2790 Tertio.

227 2827 297 2887 Non
318 2828 383 2887 vuit
404 2825 574 2886 doctrinam
586 2828 714 2887 istorum
728 2826 858 2887 duorum
871 2828 1053 2890 articulorum

143 2913 239 2987 terre,
268 2910 323 2970 sed
350 2910 475 2970 damnet
503 2916 534 2969 et
554 2912 755 2991 persequitur.
798 2910 877 2972 Sunt
899 2913 991 2993 igitur
1009 2913 1055 2972 ista

145 2996 202 3053 tria
223 2993 274 3053 hic
295 2993 469 3053 tractanda:

231 3081 256 3138 l.
279 3076 443 3138 Peccatum
465 3074 675 3139 revelandum.

228 3160 255 3219 2.
279 3156 399 3220 Iustitia
419 3157 620 3221 ostendenda.

226 3244 255 3307 3.
278 3243 361 3303 Crux
382 3262 451 3303 cum
475 3243 622 3323 patientia
643 3240 778 3306 terenda.

217 3409 291 3469 Die
312 3408 569 3469 Ascensionis
592 3407 745 3469 domini.
787 3407 880 3471 dioro.
905 3408 987 3471 xvi.

227 3575 403 3636 Novissime
436 3582 537 3637 autern
574 3573 821 3635 recumbentibus
843 3573 903 3634 illis
927 3573 1058 3635 undecim

88 3638 91 3643 ¹
115 3692 124 3707 ·
144 3658 541 3738 apparuitetexprobravit
562 3657 806 3719 incredulitatem
828 3657 952 3718 illorum
975 3665 1006 3718 et
1015 3656 1059 3717 dn·

144 3740 245 3801 sitiam
267 3739 387 3819 cordis,
420 3742 503 3821 quod
525 3742 589 3825 his,
620 3743 671 3822 qui
706 3741 847 3801 viderant
876 3759 948 3801 eum
970 3758 1058 3801 resur·
