2348 4162
358 252 447 305 amieo
465 248 575 305 auidam
593 248 793 321 praesoriptae.
977 244 1039 315 396

124 419 295 481 naseiturus
329 419 448 501 absque
483 423 568 501 viro,
605 422 692 500 quasi
714 419 847 499 dioeret,
882 417 1040 500 quomodo

123 522 251 584 possum
274 503 391 584 absque
421 506 497 579 viro¹
519 503 647 586 gravida
675 503 739 564 fleri
764 503 965 584 corporaliter
991 507 1040 578 (nt

122 585 290 669 tudinis),
321 607 389 648 oum
413 587 549 649 nondum
582 589 742 668 oognorim
765 587 871 649 virum.
915 586 977 647 lata
999 586 1041 646 di·

123 676 241 749 duntur,
264 677 297 731 nt
318 672 451 733 soiamns
474 679 602 733 matrem
624 690 693 733 ease
714 672 863 750 virginem
886 675 1040 730 ettamen

121 773 227 815 verum
250 772 320 815 ease
341 754 436 816 filium
460 756 535 816 uteri
557 757 613 819 aui.
635 748 711 817 Ideo
734 773 774 814 ne
794 758 950 833 putaretur
973 771 1042 812 ease

121 837 305 918 phantasma
326 856 380 898 seu
401 840 627 920 supposititium
649 844 768 918 partum
778 834 816 915 ¹),
839 836 966 915 angelus
989 835 1041 895 de·

122 920 235 996 daret,
269 938 331 1000 quo
353 923 463 984 marito
492 923 533 983 sit
551 920 807 1002 impraegnanda,
841 918 959 979 soilioet
979 937 1040 978 non
1123 940 1126 945 ·

122 1003 187 1065 viro
209 1003 324 1083 aliquo,
347 1003 401 1066 sed
424 1005 652 1086 ipsoOreatore
673 1011 704 1065 et
720 1003 832 1084 Spiritu
854 1008 973 1079 saneto,
991 1002 1044 1079 qni

123 1087 229 1148 omnia
261 1106 301 1148 ex
333 1087 429 1150 nihilo
461 1090 575 1150 oreavit
598 1095 629 1149 et
651 1087 786 1148 viviticat
808 1085 940 1149 assidue.
984 1084 1042 1160 Qui

122 1188 162 1231 ex
184 1169 281 1232 nihilo
303 1171 378 1232 fauit
398 1173 512 1248 omnia,
535 1174 630 1255 etiam·
649 1191 690 1232 ex
706 1177 794 1231 utero
808 1169 935 1249 virginis
947 1167 1042 1229 tilium
1098 1240 1101 1247 ,

123 1272 229 1315 oreore
251 1259 363 1334 potest.
384 1254 453 1316 Hoo
473 1261 521 1317 eat
542 1255 581 1316 de
596 1252 717 1335 'Spiritu
739 1258 848 1314 sanate
870 1253 1043 1332 oonoipera.

122 1419 259 1481 Passio
278 1421 422 1482 domini
442 1423 571 1484 nostri
585 1419 671 1483 Iesu
687 1418 851 1497 Christi,
876 1416 1041 1478 seeundum

499 1504 678 1566 Iohannem.

205 1667 292 1729 Haeo
325 1687 393 1730 eum
429 1670 557 1732 dixisset
584 1671 684 1750 lesus,
723 1688 866 1750 egressus
896 1675 945 1729 est
975 1687 1042 1728 oum

124 1750 283 1831 disoipulis
314 1754 377 1813 suis
410 1758 494 1814 trans
527 1760 692 1815 torrentem
724 1752 861 1831 Gedron,
895 1751 946 1811 ubi
978 1759 1042 1813 erat

124 1835 251 1911 hortus,
290 1836 322 1895 in
356 1854 446 1915 quem
479 1837 616 1899 introivit
645 1837 713 1917 ipse
744 1838 776 1896 et
804 1834 946 1915 disoipuli
968 1836 1042 1898 eius.
1101 1834 1104 1841 '

125 1915 251 1979 Soiebat
271 1924 373 1979 autem
397 1924 429 1979 et
448 1919 556 1997 ludas,
586 1921 637 2000 qui
661 1918 801 1980 tradebat
821 1938 908 1994 enm,
931 1918 1043 1993 looum,

125 2001 200 2079 quia
219 1999 394 2080 frequenter
414 2003 498 2064 lesus
515 2009 704 2065 eonvenerst
725 2002 798 2062 illuo
819 2021 896 2083 anm,
911 2000 1044 2080 discipu·

124 2083 166 2144 lis.
183 2084 257 2146 suis.
301 2084 389 2146 ludas
412 2105 487 2165 ergo
519 2106 588 2147 aum
622 2087 794 2166 aooepisaet
823 2085 981 2146 eohortem
1015 2092 1044 2144 et

125 2164 366 2229 aPontifioibua
389 2173 419 2228 et
441 2169 613 2231 Pharisaeis
645 2170 820 2247 ministros,
858 2170 942 2229 veuit
972 2167 1045 2227 illue

125 2268 196 2310 anm
217 2248 343 2311 laternis
365 2257 397 2312 et
414 2250 530 2313 faoibus
554 2260 586 2314 et
606 2255 708 2315 armis.
729 2250 816 2313 Iesus
828 2253 932 2331 itaqua
944 2252 1044 2310 solens

126 2332 240 2403 omnia,
263 2351 344 2411 quae
357 2340 487 2396 ventura
508 2342 595 2396 eraut
617 2354 710 2416 anper
731 2354 811 2412 enm,
832 2334 992 2414 prooessit,
1016 2339 1046 2393 et

126 2414 204 2475 dixit
225 2415 286 2475 eia:
308 2415 407 2491 Quem
429 2418 600 2496 quaeritis?
623 2417 861 2498 Responderunt
878 2418 920 2477 ei:
943 2414 1044 2477 Iesum

124 2497 329 2562 Nazarenum.
372 2500 455 2560 Dioit
480 2502 509 2561 ai
531 2498 633 2561 Iesus:
656 2501 724 2581 Ego
747 2519 824 2562 snm.

209 2579 318 2642 Stabat
338 2590 442 2644 autem
465 2582 612 2661 etludas‚
635 2585 686 2663 qui
709 2582 849 2644 tradebat
871 2600 951 2660 enm,
976 2599 1044 2641 oum
1083 2642 1087 2651 ,

125 2663 211 2744 ipsis.
233 2663 274 2724 Ut
285 2683 360 2745 ergo
383 2664 459 2727 dixit
480 2669 581 2728 lesus:
603 2666 761 2747 ligonum,
781 2660 1046 2726 bbieruntrstror»

126 2766 193 2807 sum
210 2751 242 2806 et
262 2747 439 2809 oeeiderunt
467 2751 499 2809 in
528 2756 649 2812 terram.
693 2748 806 2812 lterum
829 2753 931 2808 autem
953 2748 1046 2807 inter·

125 2830 248 2909 rogavit
269 2849 339 2892 eos:
362 2831 460 2908 Quem
483 2833 650 2913 quaeritis?
692 2830 742 2894 Illi
764 2837 866 2892 autern
889 2830 1045 2890 dixerunt:

125 2912 226 2973 lesum
248 2911 454 2979 Nazarenum.
497 2915 670 2997 Respondit
698 2913 806 2977 Iesus:
841 2913 915 2976 Dixi
948 2912 1047 2987 vobis,

125 2993 209 3073 qnod
233 3014 293 3077 ego
305 3017 384 3079 sum,
405 3003 430 3059 si
444 3018 519 3079 ergo
533 3019 583 3060 me
596 3000 752 3079 quaeritis,
775 3000 865 3058 sinite
881 2996 939 3058 hos
953 2995 1045 3058 abire.
1073 3020 1076 3026 ·

124 3078 167 3139 Ut
187 3079 366 3159 impleretur
387 3100 499 3158 sermo,
522 3101 611 3162 quem
635 3082 731 3142 dixit:
754 3081 833 3157 Quia
846 3099 923 3160 quos
938 3078 1047 3140 dedisti

125 3160 210 3240 mihi,
233 3181 296 3223 non
318 3163 436 3244 perdidi
458 3167 563 3226 exeis
586 3184 769 3244 quenquam.

208 3241 317 3307 Simon
335 3265 411 3327 ergo
425 3248 531 3308 Petrus
547 3247 666 3309 babens
688 3246 825 3327 gladium
839 3244 946 3309 aduxit
967 3263 1047 3319 eum,
1132 3298 1138 3311 ,

124 3333 157 3388 at
180 3331 331 3407 percussit
355 3330 512 3392 Pontifiois
529 3350 652 3391 servum
676 3337 707 3391 et
728 3328 859 3391 absoidit
880 3327 1047 3389 auriculam

125 3411 192 3471 eiua
215 3410 366 3474 dextram.
409 3413 484 3475 Erat
515 3420 615 3476 autem
644 3432 757 3474 nomen
788 3430 878 3473 servo
900 3409 1048 3473 Malohus.

125 3493 212 3554 Dixit
233 3514 308 3576 ergo
329 3494 417 3558 Iesus
439 3497 547 3558 Petro:
572 3497 657 3558 Mitte
678 3495 813 3577 gladium
837 3499 927 3555 tuum
943 3495 977 3555 in
997 3512 1048 3553 va·

202 3749 233 3819 1)
254 3749 287 3805 ln
305 3749 348 3807 ad.
367 3708 444 3806 den:
463 3748 659 3823 supposititius
678 3752 784 3820 partus.
