2348 4162
203 238 266 305 436
381 237 438 295 cur
455 242 483 295 st
501 236 641 308 quomodo
661 235 847 293 chmtianum
867 235 951 301 (lona

206 428 265 490 que
287 409 349 470 fere
367 408 443 469 Iuris
467 412 499 468 st
518 402 709 487 Theologias
731 410 901 486 Doctores,
938 407 1012 466 item
1032 402 1124 465 Nota·

204 495 251 569 rii,
273 491 428 570 abbates,
450 490 611 570 generales
634 491 765 571 Vicarii,
788 492 917 551 ministri
939 498 971 549 et
994 486 1125 568 Magistri

206 575 363 654 ordinum,
386 575 549 654 Episcopi,
572 573 822 656 Archiepisoopi,
846 574 1014 651 Primates,
1035 570 1125 631 Patri·

205 658 316 720 archae
351 666 381 718 et
403 657 581 717 Cardinales
611 675 718 717 omnes
753 677 848 737 usque
884 655 964 717 adeo
986 655 1126 715 Romano

89 778 93 783 -
206 740 348 802 Pontifici
370 739 483 800 addicti
505 748 535 800 et
556 741 586 799 iu
610 738 818 801 obedientiam
841 748 933 820 atque
951 739 1126 800 servitutem

111 878 116 887 .
204 824 284 884 illius
306 824 483 884 iuramentis
506 821 751 883 horrendissimis
774 842 811 883 ac
831 824 933 904 palam
956 821 1061 901 impiis
1082 818 1127 880 ad·

206 909 266 968 acti
295 915 326 968 et
348 904 506 967 constricti
534 911 692 985 tenentur,
726 913 758 967 ut
786 905 973 987 sperandum
996 904 1125 981 nonsit,

206 1008 379 1069 quenquam
404 1009 444 1050 ex
466 989 502 1048 iis
524 1007 580 1068 pro
603 988 712 1049 Christi
735 990 851 1069 gloria,
874 988 1040 1068 Evangelii
1059 987 1125 1046 veri·

206 1079 283 1152 tate,
307 1073 457 1133 ecclesiae
479 1073 610 1151 puritate
632 1091 670 1132 ao
691 1074 861 1133 animarum
884 1071 985 1132 salute
1009 1077 1125 1130 strenus

206 1155 431 1233 laboraturum,
461 1154 554 1234 idque
582 1163 708 1235 propter
735 1155 854 1216 infinita
876 1153 1031 1235 pericula,
1055 1169 1125 1232 quas

205 1238 266 1299 illis
288 1238 497 1316 imminerent,
535 1239 560 1297 si
589 1237 637 1298 vel
659 1239 835 1319 suspicione
857 1239 962 1317 aliqua
984 1233 1125 1298 contemti

207 1330 260 1382 aut
281 1321 414 1402 neglecti
435 1321 596 1381 iuramenti
620 1330 864 1401 aspergerentur,

290 1403 377 1478 Quae
412 1403 483 1464 dum
516 1410 599 1464 metu
624 1403 802 1465 Pontificius
825 1402 996 1485 tyrannidis
1023 1402 1124 1482 (quam

207 1506 297 1566 reges
331 1489 421 1547 etiam
458 1488 663 1566 potentissimi
686 1487 869 1562 exhorrent)
894 1487 989 1547 anxie
1012 1490 1123 1563 cavent,

207 1572 307 1650 magis
336 1569 408 1649 quid
430 1570 573 1630 Pontifex
600 1571 717 1650 rugiat,
755 1589 845 1649 quam
878 1569 952 1650 quid
974 1569 1061 1629 Deus
1081 1585 1124 1647 ap

206 1653 327 1734 probet,
350 1652 555 1730 considerant,
579 1655 717 1733 exceptis
728 1654 922 1733 paucissimis
935 1651 1123 1732 quibusdam,

209 1737 261 1816 qui
282 1756 381 1816 nuper
412 1736 451 1797 ad
475 1735 626 1797 Christum
651 1737 744 1796 veluti
765 1737 954 1817 postliminio
976 1734 1125 1796 redieruut

208 1818 300 1881 etde
322 1819 474 1880 erroribus
509 1838 547 1880 ao
578 1820 678 1899 impiis
708 1822 771 1881 suis
804 1819 985 1880 iuramentis
1007 1838 1081 1879 vers
1099 1821 1125 1875 et

196 1904 249 1964 'ex
270 1903 373 1963 auimo
396 1902 618 1982 poenitentiam
641 1909 779 1982 egerunt.
822 1902 962 1978 Quorum
980 1901 1075 1961 animi
1090 1906 1124 1959 tu

209 2005 278 2046 men
300 2005 355 2065 per
376 2005 410 2045 se
436 1985 606 2045 imbecilles
629 1987 727 2065 magis
754 1986 935 2065 franguntur
957 1983 1124 2065 opprobriis

208 2087 326 2148 eorum,
349 2070 410 2147 qui,
434 2087 501 2128 oum
525 2067 661 2128 eiusdem
684 2068 879 2145 conditionis,
903 2067 1021 2129 ordinis
1043 2074 1125 2145 atqua

209 2151 364 2232 dignitatis
387 2152 462 2227 sint,
492 2150 638 2212 violatum
660 2150 720 2213 illis
743 2170 906 2223 commune
927 2152 1124 2211 iuramentum

211 2234 398 2315 exprobrant
437 2241 529 2312 atque
564 2235 607 2293 ita
644 2236 837 2313 quantumvis
871 2236 904 2295 iu
940 2233 1125 2295 couscientia

210 2337 315 2378 coram
337 2317 405 2377 Deo
434 2336 559 2377 securos
582 2335 685 2377 coram
716 2318 828 2378 mundo
858 2324 961 2377 tamen
982 2314 1124 2397 pudefieri

211 2410 241 2462 et
261 2401 430 2480 pallescere
454 2407 484 2459 et
505 2399 653 2480 perfidiae
679 2402 835 2461 infamiam
857 2400 984 2461 horrere
1008 2404 1123 2481 coguut

292 2484 413 2562 Reliqui
435 2502 508 2543 vero
532 2483 630 2560 docti,
660 2483 733 2544 boni
757 2492 786 2544 et
805 2485 847 2564 pii
872 2484 936 2562 viri,
959 2485 1013 2568 qui
1036 2486 1124 2543 incor-

209 2574 297 2646 rupte
320 2575 349 2627 et
371 2566 538 2626 secundum
561 2567 685 2628 verbum
708 2567 766 2627 Dei
794 2573 878 2627 recte
899 2566 1039 2627 iudicare
1061 2583 1124 2646 pos·

209 2659 294 2731 seut,
333 2669 402 2709 oum
434 2651 604 2710 sententias
642 2650 793 2711 derebus
827 2658 858 2710 et
880 2648 1079 2730 dogmatibus
1097 2648 1124 2706 in

210 2732 382 2795 Christiana
414 2733 563 2812 religione
585 2736 790 2793 controversis
812 2731 964 2793 dicendas
983 2740 1072 2812 sunt,
1098 2732 1124 2790 in

210 2817 379 2878 Concilium
402 2834 596 2894 nequaquam
619 2816 827 2893 admittuntur,
849 2835 942 2895 quum
966 2816 1028 2877 soli
1050 2813 1125 2894 digni

210 2908 313 2960 essent
334 2907 365 2959 et
384 2897 506 2974 idonei,
529 2899 638 2978 quibus
661 2908 764 2960 tantae
786 2918 835 2961 res
857 2900 1124 2960 committerentur.

292 2981 486 3061 Quapropter
507 2982 564 3041 nisi
587 2982 749 3043 liberum
772 2990 864 3061 atque
896 2981 978 3043 adeo
1002 3002 1075 3043 vere
1100 2987 1126 3038 et

208 3068 350 3147 γνησίως
371 3064 536 3124 liberum
559 3068 648 3125 fuerit
669 3066 856 3145 Concilium,
889 3066 951 3126 hoc
972 3072 1038 3146 est,
1075 3062 1126 3123 nisi

210 3148 292 3225 talia,
314 3149 432 3225 illicita,
468 3149 560 3227 impia
582 3155 613 3208 et
634 3149 792 3209 horribilia
813 3151 987 3209 iuramenta
1008 3148 1126 3229 publius

207 3230 399 3309 relaxentur,
433 3251 472 3290 sx
494 3233 596 3292 animo
619 3239 853 3293 contemnantur
873 3250 910 3293 ae
931 3250 1061 3311 prorsus
1082 3228 1126 3290 uls

210 3315 365 3390 oleantur,
393 3314 558 3393 pluresque
582 3315 668 3395 boni,
701 3315 787 3376 docti
810 3323 840 3376 et
860 3316 903 3395 pii
925 3316 1003 3396 viri,
1030 3314 1126 3375 huius·

208 3396 294 3460 modi
315 3397 471 3457 sceleratis
493 3417 530 3458 ao
551 3399 673 3458 nefariis
695 3400 870 3459 iuramentis
898 3417 962 3459 non
983 3396 1126 3459 contami·

209 3482 272 3541 nati
295 3487 326 3540 et
346 3480 459 3558 infecti,
481 3480 519 3540 ad
542 3480 737 3543 iudicandum
761 3482 969 3560 admittantur,
992 3481 1125 3543 fieriuou

209 3569 321 3644 potest,
344 3569 376 3623 ut
397 3565 509 3624 veritas
533 3564 672 3625 obtineat
693 3574 724 3626 et
745 3566 897 3627 eeclesiae
909 3565 968 3626 Dei
991 3563 1125 3627 consula·

208 3653 264 3705 tur.
308 3646 383 3719 Quis
405 3649 486 3707 enim
507 3666 570 3709 non
592 3649 744 3730 iutelligit,
766 3650 871 3711 talium
892 3649 1053 3710 homiuum
1070 3644 1124 3707 col·

208 3728 321 3791 luviem
346 3749 408 3791 non
421 3730 626 3793 Christianum
644 3752 713 3794 esse
725 3734 906 3816 Consilium,
929 3734 985 3795 sed
1009 3731 1123 3815 nequis·
