2348 4162
161 265 303 336 quomodo
321 265 387 322 libri
391 252 472 322 ’doni
491 283 509 323 a
527 266 692 367 Christianis
712 269 825 340 legendi
843 271 905 327 slnt.
961 273 1005 339 99
1058 345 1061 349 ¹

78 435 172 498 Falso
197 454 271 516 ergo
292 433 417 500 fanatici
438 435 509 518 lege
531 436 609 500 blosi
638 458 695 499 nos
718 446 857 520 onerant,
888 442 938 522 qui
961 443 1000 504 ad
1085 448 1089 453 ’

79 534 139 579 nos
161 519 238 580 nibil
261 518 381 580 locutus
401 526 463 600 est,
492 520 652 583 doctorem
683 541 759 583 sane
789 524 897 585 Mosen
928 528 1003 588 reci·

78 602 180 682 pimus
203 608 234 663 et
262 603 487 684 agnoscimus,
519 605 600 666 unde
630 605 761 666 multum¹
788 605 947 684 salutaris,
972 615 1005 670 nt

77 686 268 766 paulopost
291 685 416 764 dicetur,
439 684 597 748 doetrinae
620 688 780 766 discimus,
802 689 857 749 sed
871 689 1002 770 'legisla-

79 777 177 829 torem
200 774 254 829 aut
273 769 509 850 gubernatorem
533 790 596 832 uon
616 771 822 852 agnoscimus,
845 776 1004 855 cumipse

78 870 167 911 suum
196 853 397 912 ministerium
430 860 546 913 tantum
575 853 613 915 ad
650 854 734 914 illum
772 854 918 935 populum
956 876 1003 918 rc·

40 943 42 947 '
80 935 247 997 strinxerit

164 1018 291 1098 Etcum
314 1017 344 1076 in
374 1017 526 1099 decalogo
550 1021 664 1080 mentio
696 1019 730 1079 tlt
762 1019 934 1081 eductionis
963 1041 1002 1082 ex

77 1099 233 1181 Aegypto,
256 1098 317 1160 hoo
337 1105 482 1179 tauquam
506 1102 627 1180 signum
650 1104 924 1163 seutestimonium
949 1105 1000 1165 ad·

78 1182 159 1242 ditur
180 1181 224 1242 illi
252 1182 368 1263 populo
392 1183 514 1260 datum,
546 1185 628 1263 quod
651 1185 749 1245 Deum
778 1192 860 1246 reete
891 1206 1000 1267 appre-

76 1263 248 1326 henderent
281 1267 457 1346 scirentque
491 1286 524 1327 se
548 1268 629 1327 huno
657 1268 754 1327 Deum
784 1270 928 1328 invocare
949 1270 1001 1330 de·

77 1347 178 1428 bere,
193 1349 245 1427 qui
269 1367 303 1409 se
326 1349 401 1427 ipsis
424 1350 495 1409 dato
529 1351 623 1410 verbo
647 1351 850 1431 patefecerat,
881 1358 912 1411 et
943 1352 1001 1412 hac

74 1432 145 1511 ipsa
166 1429 307 1491 miranda
319 1430 652 1493 liberationetestatus
677 1439 733 1511 est,
756 1451 790 1493 se
813 1451 882 1494 esse
900 1434 997 1496 Deum

75 1513 166 1574 huius
188 1513 304 1594 populi,
327 1516 375 1574 cui
398 1514 525 1575 dederat
535 1517 766 1596 promissiones.
799 1515 895 1577 Nobis
910 1517 999 1578 Chri-

75 1598 183 1656 stianis
205 1596 287 1657 aliud
310 1596 441 1677 signum,
465 1598 546 1658 aliud
570 1603 817 1679 opus'ostensum
842 1607 872 1658 et
894 1597 997 1660 datum

75 1686 132 1756 est,
153 1696 216 1759 quo
239 1680 324 1741 Deus
347 1679 411 1739 vult
432 1699 466 1740 se
479 1681 677 1762 apprehendi,
700 1681 816 1740 scilicet
838 1699 900 1741 non
922 1682 995 1742 illud

76 1762 248 1842 corporalis
267 1770 297 1822 et
320 1763 508 1843 particularis
532 1763 735 1843 liberationis,
764 1762 819 1822 sed
843 1781 944 1824 novae
967 1772 998 1826 et

74 1855 222 1906 aeternae
244 1843 449 1923 liberationis,
470 1865 490 1906 a
510 1852 641 1926 peceato
663 1853 694 1906 et
716 1854 829 1925 morte,
857 1866 919 1908 uon
942 1866 997 1928 per

74 1927 193 2009 Mosen,
217 1928 270 1988 sed
295 1947 349 2008 per
369 1927 465 1989 filium
490 1928 568 2010 Dei,
597 1930 648 2008 qni
676 1929 774 1996 iactus
797 1936 844 1989 est
865 1929 955 1990 nobis
977 1950 997 1991 a

76 2010 143 2071 Deo
169 2012 220 2091 (ut
241 2012 339 2090 inquit
362 2009 492 2095 Paulus)
517 2013 682 2092 sapientia,
704 2013 834 2090 iustitia,
865 2013 996 2082 sanctifi·

75 2095 158 2155 catio
180 2101 213 2154 et
233 2093 416 2174 redemptio.

157 2174 262 2237 Potest
293 2177 374 2237 idem
398 2186 428 2237 et
450 2194 490 2236 ex
511 2177 578 2256 ipso
601 2184 769 2258 praecepto
791 2177 933 2256 decalogi
957 2179 996 2238 de

73 2257 211 2320 dabbato
224 2260 372 2322 'ostendit
389 2259 491 2339 palam
515 2265 562 2319 eet
583 2261 663 2320 enim
681 2260 807 2322 sabbati
831 2261 929 2340 legem
952 2265 996 2322 ni·

73 2341 114 2402 hil
136 2343 291 2422 pertinere
313 2342 502 2422 adgentes,
525 2360 626 2421 neque
656 2341 724 2404 ullis
747 2343 888 2424 gentibus
912 2362 993 2404 man·

72 2424 178 2485 datum
201 2432 254 2485 aut
275 2425 470 2488 observatum
494 2424 609 2504 tuisse,
639 2426 701 2486 imo
725 2425 837 2486 Paulus
871 2433 901 2486 et
923 2445 994 2506 epo·

72 2506 166 2586 stoli,
189 2526 258 2567 cum
280 2508 464 2569 inchoarunt
497 2526 611 2567 novum
633 2508 863 2569 Testamentum
885 2526 993 2589 sparso

71 2588 246 2670 Evangelio
268 2591 297 2649 io
320 2598 451 2671 gentes,
474 2590 556 2650 clare
578 2589 709 2650 liberant
738 2610 790 2650 eas
823 2591 861 2650 ab
891 2590 993 2673 obser·

72 2674 199 2733 vatione
221 2671 357 2735 Sabbati.
401 2672 462 2735 Sed
486 2678 517 2732 et
538 2675 708 2754 prophetae
740 2674 799 2754 ipsi
832 2672 992 2752 praedius-

72 2763 142 2815 runt
162 2755 305 2834 futorum,
328 2762 361 2816 ut
382 2754 548 2835 aliquando
568 2755 720 2816 desineret
740 2755 813 2816 illud
837 2755 993 2817 Iudaicum

47 2836 251 2916 ¹Sabbatum,
273 2841 352 2900 sicut
372 2838 480 2900 Esaias
501 2840 598 2917 inquit
625 2843 726 2920 eapite
760 2839 881 2919 ultimo,
911 2846 993 2918 post-

71 2939 164 3000 quam
187 2918 325 2984 Christus
348 2922 476 2999 venerit,
496 2921 562 2982 iore
584 2929 616 2981 ut
638 2922 800 2982 discrimen
815 2921 939 2982 Sabbati
962 2931 994 2982 et

70 3003 203 3064 aliorum
226 3003 342 3064 dierum
367 3005 502 3082 tollatur,
525 3004 579 3065 ssd
605 3004 738 3064 futurum
763 3004 930 3066 Sabbatum
952 3023 993 3065 ex

71 3085 232 3165 dabbato,
264 3106 400 3149 mensem
428 3106 482 3147 seu
515 3089 709 3147 neomeniam
745 3106 785 3148 ex
818 3089 991 3149 neomenia.

72 3168 148 3230 Gom
182 3171 275 3250 igitur
297 3165 398 3230 Moses
413 3172 492 3250 eipso
513 3176 642 3230 testetur
673 3169 710 3230 de
732 3188 789 3230 suo
812 3171 991 3249 ministerio,

71 3270 132 3313 uon
169 3259 240 3313 sunt
273 3252 438 3335 audiendi,
462 3253 512 3332 qui
543 3252 731 3313 Christianos
767 3252 806 3313 ad
838 3253 992 3313 Mosaicas
1029 3269 1032 3273 ’

70 3334 157 3415 leges
178 3335 315 3416 adigunt,
338 3336 391 3396 scd
415 3341 523 3395 contra
558 3335 617 3395 illis
642 3336 784 3415 dicatur,
814 3344 846 3395 ut
875 3335 913 3395 ad
942 3336 990 3395 lu·

71 3417 166 3480 dacos
195 3419 302 3480 lllosen
334 3437 423 3478 suum
452 3417 607 3498 relegunt,
640 3437 696 3479 nos
729 3421 839 3478 missos
867 3419 990 3495 faciam.

70 3500 148 3562 Nam
172 3509 206 3562 ut
228 3501 292 3562 dixi
313 3520 352 3562 ex
375 3501 470 3562 Paulo
493 3499 562 3565 Gal.
585 3503 614 3579 3,
637 3503 689 3579 qui
711 3501 814 3561 Moses
835 3521 927 3561 unam
951 3500 987 3561 le·

70 3602 139 3664 gem
162 3591 309 3663 tanquam
331 3585 536 3645 necessariam
557 3585 678 3664 accipit,
699 3584 749 3642 hio
769 3585 830 3643 iam
853 3603 887 3643 se
909 3582 991 3642 debi·

71 3675 168 3728 torem
197 3666 271 3728 tacit
303 3668 397 3728 totius
430 3667 506 3747 legis
545 3663 715 3727 servandae
749 3684 786 3726 ac
808 3684 933 3745 prorsus
957 3684 991 3725 se

70 3749 225 3813 ludaismo
247 3749 371 3812 addicit.
763 3828 781 3861 a
