2348 4162
208 256 272 324 254
451 258 494 314 De
512 272 594 314 servo
612 252 728 316 arbitrio
747 259 781 314 D.
799 258 833 313 ii.
851 258 883 315 L.

209 427 303 489 honio
325 425 425 488 faetus
446 428 559 508 malus,
580 427 718 489 desertus
735 447 754 489 a
769 427 835 488 Deo
858 445 896 488 ae
916 427 975 489 sibi
996 427 1130 492 rsliotus.

145 564 154 583 ,
189 511 258 572 'Ex
279 529 352 590 quo·
365 511 490 572 bomine
511 512 556 571 sio
578 519 721 592 eorrupto
744 511 808 571 nati
826 517 898 572 sunt
911 530 1020 573 omnes
1034 512 1130 593 impii,

209 596 300 654 etiam
322 594 452 675 Pharao,
480 595 558 655 sieut
579 594 691 657 Paulus
709 592 745 675 1)
768 595 825 655 ait:
868 594 1000 656 Eramus
1022 613 1130 656 ornnes

210 685 318 739 natura
347 676 400 738 filii
432 680 510 760 irae,
549 679 629 739 sieut
657 683 689 738 et
716 678 819 743 eeteri.
862 676 1010 739 Condidit
1040 679 1130 761 igitur

208 760 292 821 Deus
314 760 505 822 Pharaonem
528 761 664 842 impium,
687 760 748 822 hoo
769 769 826 839 est,
849 774 890 822 ex
911 762 1052 842 impioat
1066 779 1129 823 eor·

208 852 297 925 rupto
328 846 462 923 semine,
505 845 583 904 sieut
609 846 640 905 in
668 843 840 906 Proverbiis
868 843 1048 917 Salomonis
1070 842 1128 924 ”J

209 927 297 987 dieit:
339 928 450 990 Omnia
472 935 596 1008 propter
618 936 716 989 semet
739 929 837 1009 ipsum
870 927 944 989 feeit
971 928 1129 1009 Dominus,

209 1011 300 1071 etiarn
323 1012 448 1091 impium
471 1010 510 1070 ad
533 1011 613 1072 diem
642 1011 755 1072 malum
778 1010 820 1085 ¹).
863 1010 933 1074 Nou
963 1012 1057 1092 igitur
1084 1030 1129 1073 se

209 1095 325 1174 quitur:
347 1093 432 1154 Deus
455 1093 593 1155 condidit
613 1096 750 1176 impium,
773 1111 847 1174 ergo
864 1112 928 1156 non
944 1096 1130 1177 estimpius3

114 1236 117 1243 ,
209 1175 366 1257 quomodo
390 1179 470 1238 enim
493 1196 555 1238 non
579 1185 627 1238 est
653 1179 763 1259 impius
795 1196 835 1238 ex
860 1179 957 1258 impio
985 1175 1129 1243 semine?

207 1262 287 1320 siout
309 1259 382 1321 dioit
402 1260 481 1323 Psal.
506 1258 573 1324 51²
604 1283 610 1320 :
644 1261 727 1321 Eoos
747 1262 778 1321 iu
801 1263 937 1340 pereatis
959 1269 1128 1342 oonoeptns

208 1362 285 1419 sum,
315 1341 527 1426 611011***);
601 1344 646 1405 uis
676 1350 779 1424 potest
799 1344 900 1405 faeere
922 1344 1070 1405 mundum
1091 1343 1130 1405 ds

207 1427 366 1488 immundo
387 1433 570 1508 conseptum
593 1426 732 1488 semine?
754 1427 839 1488 Lieet
857 1429 938 1488 enirn
951 1427 1036 1488 Deus
1058 1446 1129 1509 pee-

208 1513 309 1570 eatum
332 1529 392 1572 non
416 1510 520 1590 faeiat,
541 1517 642 1571 tamen
659 1518 798 1572 naturam
811 1516 949 1590 pensato,
972 1510 1128 1574 subtrseto

208 1591 332 1672 Spiritu,
356 1591 491 1654 vitiatam
514 1612 578 1654 non
601 1601 703 1655 oessat
722 1593 856 1655 formare
869 1601 899 1654 et
915 1593 1128 1674 multipiieare,

207 1682 353 1756 tanquam
377 1678 402 1737 si
424 1676 510 1737 faber
532 1696 574 1738 ex
595 1677 680 1757 ligno
708 1683 852 1757 oorrnpto
880 1681 999 1738 statuas
1027 1677 1127 1739 ἠοῖαι

208 1759 254 1820 lta
276 1760 374 1839 qualis
397 1768 443 1820 est
466 1766 585 1840 natura,
609 1761 685 1821 tales
707 1758 784 1821 fiunt
805 1760 956 1840 homines,
978 1760 1047 1822 Deo
1066 1778 1126 1823 ore·

208 1849 279 1902 ante
301 1852 331 1903 et
353 1843 503 1904 formante
524 1844 594 1905 illos
617 1863 657 1904 ex
678 1850 786 1904 natura
808 1844 870 1907 tali.
914 1842 1061 1906 Secundo
1086 1843 1126 1905 di·

208 1926 300 1985 eitur:
331 1925 361 1987 Si
385 1925 423 1986 de
445 1926 589 2006 operibus
612 1927 669 1987 Dei
690 1933 763 2007 post
782 1927 902 2008 lapsum
924 1927 1055 2009 intelligi
1076 1946 1125 1989 vo·

167 2012 172 2019 '
207 2007 269 2089 ies,
293 2015 380 2069 erant
401 2008 491 2070 valde
513 2009 611 2087 bona,
635 2007 813 2071 observabis
837 2010 897 2071 boo
919 2010 979 2070 dioi
1002 2030 1069 2072 non
1090 2012 1125 2071 de

207 2092 308 2169 nobis,
330 2092 384 2151 sed
406 2091 445 2153 de
468 2093 544 2157 Deo.
587 2093 656 2154 Non
680 2095 760 2154 enim
787 2093 872 2154 dieit:
914 2092 1001 2154 Vidit
1022 2094 1124 2171 bomo,

208 2192 287 2253 quae
320 2175 433 2236 fenerat
461 2177 563 2256 Deus,
595 2183 626 2237 et
657 2184 743 2238 erant
772 2176 861 2238 vaide
897 2176 987 2239 bona.
1032 2174 1125 2239 Mults

207 2258 348 2319 videntur
369 2259 436 2319 Deo
459 2267 489 2320 et
511 2266 582 2320 sunt
604 2259 686 2320 bona
713 2259 820 2340 valde,
852 2278 932 2340 quae
959 2260 1052 2321 nobis
1084 2259 1125 2319 ri·

207 2341 317 2403 dentur
339 2349 368 2403 et
391 2350 461 2402 sunt
484 2344 626 2424 pessima.
663 2344 715 2405 Sis
736 2342 938 2424 afflietiones,
962 2344 1059 2425 maia,
1081 2362 1124 2404 er·

207 2445 307 2503 rores,
330 2425 481 2506 infernus,
511 2428 572 2486 imo
596 2429 700 2487 omnia
722 2427 838 2507 optima
861 2444 956 2506 opera
978 2426 1038 2487 Dei
1060 2432 1125 2487 sunt

208 2528 310 2571 eoram
335 2508 447 2570 mundo
470 2511 605 2590 pessima
626 2517 656 2571 et
678 2508 872 2576 damnabilis.
902 2508 982 2584 Quid
1006 2509 1123 2571 Christo

206 2601 237 2653 et
259 2592 429 2672 Evangelio
453 2591 580 2653 melius?
623 2601 656 2654 at
684 2592 756 2673 quid
781 2592 894 2654 mundo
917 2590 1124 2654 exseoratius?

206 2673 304 2757 Igitur
325 2676 484 2756 quomodo
507 2677 567 2737 sint
588 2676 671 2737 bona
692 2695 797 2738 eoram
820 2675 906 2755 Deo,
935 2693 1018 2757 quae
1040 2676 1124 2738 nobis

207 2759 289 2819 maia
311 2767 395 2838 sunt,
424 2759 507 2819 solus
530 2760 613 2819 Deus
636 2761 740 2838 novit,
763 2761 853 2839 etii,
876 2760 926 2839 qui
950 2760 1051 2822 oeulis
1072 2759 1124 2820 oei

206 2841 320 2921 vident,
343 2842 373 2902 id
396 2850 451 2922 est,
474 2845 525 2921 qui
546 2841 690 2923 Spiritum
713 2843 836 2905 habent.
868 2841 929 2904 sed
952 2849 1016 2904 tam
1040 2848 1125 2904 eeuts

207 2925 414 3005 disputatione
436 2925 572 2986 nondum
595 2945 673 3008 opus
695 2933 757 3005 est,
793 2925 904 2987 suffieit
929 2927 1054 2988 interim
1075 2924 1124 2986 ills

207 3009 291 3093 prior
316 3010 487 3088 responsio.

291 3090 453 3167 Quaeritur
473 3092 628 3171 fortassis,
672 3111 733 3172 quo
763 3090 855 3153 modo
877 3091 961 3152 Dens
991 3092 1074 3153 maia
1097 3091 1124 3151 in

207 3174 297 3234 nobis
320 3174 438 3236 dioatur
454 3177 584 3254 operari,
607 3181 640 3235 ut
650 3175 803 3255 indurare,
826 3174 948 3236 tradere
959 3174 1124 3253 desideriis,

208 3258 356 3320 sedueere
377 3266 407 3319 et
429 3258 559 3319 similia?
591 3258 735 3340 Oportuit
757 3278 832 3320 sane
854 3259 955 3320 vorbis
978 3259 1038 3323 Dei
1058 3276 1124 3320 oon·

280 3547 308 3613 2)
324 3544 411 3614 Ephe.
430 3547 454 3601 2.
494 3544 657 3612 ³⁸)Prover.
668 3545 711 3601 16.
742 3541 942 3608 russulas.
961 3543 1009 3601 hio
1022 3545 1051 3600 in
1066 3556 1122 3615 par·

207 3613 314 3671 enthesi
331 3616 402 3673 haee
418 3615 516 3670 addita
529 3616 669 3686 leguntur:
692 3621 763 3682 (non
782 3614 893 3686 quidem
914 3616 1039 3674 ereando
1052 3612 1121 3671 nad-

206 3689 272 3743 tiam
291 3689 320 3742 in
339 3703 383 3757 eo,
402 3688 451 3743 sed
462 3688 578 3743 exmalo
590 3687 693 3743 semine
707 3685 853 3743 formando
867 3702 930 3744 aum
941 3686 1120 3762 abrogando).

207 3761 240 3831 2)
260 3759 291 3814 In
310 3759 354 3816 ed
376 3761 445 3818 1525
463 3760 595 3818 st1526=
615 3760 659 3817 bO.
698 3760 763 3829 Μ)
785 3759 845 3817 lob.
865 3763 909 3818 14.
