2348 4162
177 256 243 329 56⁸
469 257 818 317 massonum

179 430 284 495 &neti
318 430 456 504 luerunt,
486 428 543 491 sed
572 429 730 509 homiues,
760 437 792 491 et
817 449 952 510 quorun
983 432 1113 510 spiritu

179 523 320 596 promtus
350 512 524 594 petiebttur
559 531 685 575 osrueru
717 532 782 575 nou
818 513 914 575 modo
943 514 1111 591 infima,

179 597 236 659 sed
264 605 295 657 et
325 606 559 677 repugnenteu.
601 594 661 658 Ubi
688 617 765 677 ergo
793 598 905 679 spiritu
925 596 1111 658 dominante

179 680 347 760 loquuntur
367 688 399 740 et
420 688 596 760 operantur,
616 687 688 740 suut
709 700 817 741 norun
839 680 936 741 verbs
957 694 990 740 et
1009 700 1109 760 open

179 763 356 844 eolligends
386 782 443 823 oen
471 763 642 844 trugmeutu
664 764 862 846 evangeliun,
883 772 916 824 ut
938 782 1023 842 quse
1044 762 1109 824 Do

180 848 281 909 miuus
309 846 448 907 Christus
484 849 515 906 iu
543 848 589 906 eis
623 857 771 926 operatus
792 849 849 926 sit,
878 855 911 908 et
938 867 1013 906 rere
1046 849 1108 906 siut

179 927 294 993 chriso
316 931 412 1009 ipsius
433 948 546 1009 opere:
567 929 618 990 ubi
642 949 716 991 vero
737 950 831 991 uerus
851 930 1042 990 udrersuute
1061 929 1108 989 lo·

179 1020 313 1094 quuutur
333 1022 363 1074 et
384 1020 560 1093 operantur,
582 1012 749 1073 damnandi
762 1033 840 1075 sune
860 1032 926 1074 uon
947 1022 1031 1087 suut,
1051 1011 1107 1072 sed

179 1095 349 1159 annunti
384 1095 432 1154 vel
454 1094 603 1157 tolerandi
628 1115 684 1174 pro
707 1106 815 1157 nostru
835 1098 1011 1157 certissima
1033 1115 1106 1155 oon·

179 1179 350 1257 solutione,
370 1179 445 1257 quin
465 1179 604 1239 videmos
627 1176 760 1241 Suuotos
783 1179 840 1240 Dei
860 1179 952 1240 uobis
973 1177 1105 1239 infirmis

179 1260 296 1325 similes
315 1261 420 1338 luisse,
441 1268 581 1322 etenum
602 1281 851 1342 unumquemque
877 1264 908 1322 iu
931 1280 1028 1322 uurue
1047 1263 1105 1321 ists

179 1345 299 1426 pennoti
331 1344 556 1407 circumtulisse
586 1344 804 1408 infirmitatem.
845 1345 914 1406 Hau
934 1364 1033 1405 esum
1053 1363 1105 1404 vo

179 1425 222 1491 lui
245 1436 329 1489 tuum
359 1426 486 1505 librum,
517 1429 557 1487 ml
579 1427 754 1508 Spoletiue,
781 1429 945 1508 invulgati.
987 1426 1051 1489 Sed
1073 1437 1104 1486 tu

180 1510 328 1591 deinceps
349 1509 402 1570 tibi
427 1531 448 1571 u
471 1510 612 1572 laudibus
634 1513 710 1572 meis
732 1520 795 1572 tum
815 1510 985 1592 grandibus
1006 1509 1105 1593 (diee-

179 1612 255 1669 rem‚
276 1595 333 1653 nisi
354 1600 438 1654 esset
459 1593 532 1655 mihi
546 1601 624 1655 tuus
643 1593 762 1657 esudor
782 1605 884 1669 notus,
905 1593 1008 1672 falsis)
1031 1603 1104 1653 tem·

179 1676 309 1757 perubis.
353 1676 441 1753 Solo,
472 1696 523 1739 me
554 1697 623 1738 esse
655 1677 739 1741 nihil.
789 1679 824 1739 lu
851 1679 989 1738 Domino
1026 1675 1104 1737 bene

180 1759 264 1840 sule,
300 1766 332 1820 et
354 1778 409 1821 ors
430 1778 487 1840 pro
509 1778 574 1836 me,
605 1770 639 1821 ut
663 1761 792 1822 feliciter
820 1762 948 1841 migrem
974 1779 1017 1820 ex
1039 1778 1103 1820 oor·

177 1861 255 1923 pore
278 1844 383 1905 mortis
416 1841 506 1904 Huius
538 1852 569 1903 et
589 1862 682 1905 ourne
709 1845 829 1925 pennoti
850 1845 957 1923 huius,
992 1845 1103 1903 Amen.

180 1927 211 1992 8.
232 1925 343 2006 Martii,
364 1924 552 1989 Mum.
585 1958 588 1963 ·

544 2077 743 2089 ——-.-...-

178 2173 238 2249 29)
262 2172 507 2244 Prselstlo‘)
534 2175 570 2239 D.
594 2176 633 2239 lll.
656 2174 817 2236 Lutheri
846 2175 882 2235 in
906 2174 1019 2234 Vltus
1040 2173 1103 2237 Pu·

178 2264 288 2330 trem,
311 2258 362 2336 qui
376 2257 452 2318 liber
472 2277 555 2318 nuno
569 2261 649 2324 1544
671 2258 727 2319 sub
745 2259 805 2319 hoo
820 2257 907 2319 titulo
923 2257 1024 2318 editus
1042 2266 1103 2318 est:

263 2341 352 2400 Vitue
365 2341 487 2401 Petrum
511 2342 541 2400 iu
557 2362 643 2402 usum
662 2344 865 2402 ministrorum
881 2340 977 2418 verbi,
1001 2338 1102 2420 quoad

219 2423 284 2483 eins
307 2422 373 2484 lieri
395 2425 506 2501 potuit,
528 2432 720 2505 repurgatue.
770 2425 826 2485 Per
848 2423 1016 2503 Georgium
1039 2423 1120 2483 lla-¹

220 2506 327 2567 iorem.
388 2505 464 2567 Cum
502 2507 696 2568 Praetutione
732 2509 769 2569 D.
804 2508 948 2568 Doctoris
983 2506 1102 2566 Muttini

220 2589 353 2654 Lulheri.
387 2589 612 2670 Vilembergne.
638 2592 726 2657 1544.
760 2591 795 2652 In
819 2590 893 2650 flue:
915 2589 1101 2667 lmpressum

220 2671 463 2751 Willembergee
485 2693 539 2751 per
562 2674 682 2734 Petrum
706 2674 799 2735 Seilz.
842 2672 934 2733 Anno
958 2674 1051 2737 1544.
1073 2671 1100 2735 8.

209 2752 421 2900 ,ἓοίΨαΙοὴίἱ
444 2756 554 2817 iutrod.
577 2757 607 2817 in
631 2758 665 2819 T.
680 2757 759 2819 XlV.
782 2754 862 2836 Opp.
881 2755 969 2816 Luth.
994 2774 1025 2836 p.
1052 2754 1101 2818 41.

243 2837 352 2898 nhotzo
373 2838 423 2917 lIl,
448 2836 535 2921 369).

282 3004 320 3065 D.
342 2978 489 3064 Martinus
512 3003 624 3065 Luther
645 3006 697 3086 pio
720 3005 826 3066 tentori
848 3004 992 3065 salutem.

261 3168 342 3231 luter
365 3176 467 3241 uetera
489 3172 616 3231 satenioi
635 3171 744 3231 luroris
758 3189 854 3250 opero
877 3168 937 3230 hoe
960 3188 1024 3230 nou
1049 3170 1102 3229 mi·

178 3251 292 3313 nimum
315 3259 374 3327 est,
394 3254 476 3332 quod
490 3253 632 3314 historias
655 3273 719 3332 seu,
743 3272 819 3332 quus
837 3258 960 3328 vocent,
982 3250 1105 3332 Legen-

179 3332 233 3397 dss
257 3334 438 3396 Ssnotorum
468 3354 559 3415 quom
588 3337 733 3417 plurimas
755 3336 944 3412 aboleverit,
973 3342 1006 3395 et
1029 3355 1104 3415 quus

178 3424 300 3479 exstars
322 3437 432 3499 possus
464 3427 510 3480 est
543 3418 643 3501 (hund
673 3419 764 3480 dubie
796 3437 857 3479 non
882 3418 1031 3498 volens),
1062 3419 1104 3478 itu

338 3588 361 3593 --
369 3588 599 3595 -..—-.-...———

249 3705 277 3764 'l
296 3701 353 3754 Nos
377 3705 481 3754 textum
500 3701 677 3768 repetivimus
696 3718 728 3757 ox
749 3700 869 3756 editione
889 3700 1021 3771 originali
1041 3701 1107 3756 anni

178 3773 256 3844 15443
268 3771 426 3846 germanius
438 3772 562 3834 redditur
572 3788 590 3833 s
601 3773 727 3835 Wslohio
736 3774 769 3830 T.
781 3772 845 3830 xtv
865 3772 939 3843 Ono.
957 3773 989 3829 1..
1003 3790 1032 3847 p.
1045 3776 1106 3833 384.
