2348 4162
122 234 184 301 182
355 233 398 290 De
415 248 498 289 servo
516 230 631 289 arbitrio
648 230 684 287 D.
703 229 738 286 ll.
757 230 789 287 L.

124 402 320 485 (quandoid
343 401 393 463 hic
414 401 538 477 incidit)
563 402 608 462 sic
628 400 731 483 habet,
752 420 816 463 non
827 400 910 483 qnod
933 418 972 462 co
1016 421 1047 461 u·

124 495 174 548 tur
195 486 305 546 cedere
327 504 418 545 sensu
453 503 509 546 suo
554 487 608 545 ant
636 485 879 566 persuadeantur
905 502 966 547 con
991 483 1047 545 teri

122 578 176 630 ant
197 576 308 648 tacere,
332 569 399 649 quis
422 571 501 627 enim
524 568 637 628 invitos
666 575 757 648 coget
780 567 928 645 credere,
959 567 1047 628 lateri

123 673 256 714 errorem
280 658 332 710 ant
358 650 481 711 tacere?
530 649 609 725 Quid
637 648 798 730 loquacius
826 652 977 726 vanitate,
1005 650 1049 711 ait

123 733 331 816 Augustinus?
385 732 445 796 sed
474 732 557 812 quod
586 751 621 794 os
650 732 770 795 illorum
802 735 847 793 sio
869 732 1047 809 obstruitur,

125 827 156 880 ut
179 838 242 879 non
256 817 391 878 habeant
412 815 494 895 qnod
510 814 733 896 contradicant,
756 822 787 877 et
809 824 842 877 ut
856 814 955 879 multe
976 835 1048 876 con·

123 900 289 979 tradicent,
312 900 483 960 communis
506 906 608 959 tamen
632 917 740 959 sensus
764 898 877 961 iudicio
907 898 984 959 nihil
1006 898 1048 959 di-

123 992 204 1046 cant.
258 982 417 1062 Exemplis
448 982 479 1042 id
512 984 699 1042 monstratur
735 981 855 1043 melius.
914 981 1047 1058 Quando

123 1065 262 1131 Christus
283 1064 389 1128 Matth.
412 1065 451 1127 22
491 1063 678 1125 Sadducaeis
699 1065 847 1146 imposuit
881 1065 1048 1143 silentium,

124 1148 231 1229 dum¹)
269 1147 402 1209 eddncta
436 1146 593 1226 Scriptura
627 1147 770 1227 probaret
791 1150 1048 1210 resurrectionem

124 1240 311 1293 mortuorum
335 1250 374 1291 ex
395 1230 483 1290 Mose
505 1228 603 1291 Exod.
626 1233 665 1295 3:
694 1231 761 1311 Ego
785 1231 868 1292 Deus
891 1231 1049 1293 Abraham

124 1318 182 1378 etc.
203 1311 275 1375 Non
299 1314 436 1375 estDens
458 1321 647 1374 mortuorum
670 1314 724 1374 sed
747 1314 905 1394 virorum,
929 1314 981 1375 hic
1003 1332 1048 1375 re·

123 1398 233 1458 sistere
254 1415 315 1473 non
344 1402 514 1476 poterant,
543 1414 601 1455 nec
631 1395 797 1476 quidquam
826 1395 1049 1476 contradicere,

123 1480 177 1540 sed
199 1478 335 1558 nunquid
356 1478 428 1539 ideo
451 1486 609 1539 cesserunt
631 1481 778 1559 opinione
799 1479 877 1540 sun?
909 1480 949 1542 ut
971 1498 1049 1562 quo·

124 1564 181 1625 ties
210 1562 391 1622 Pharisaeos
418 1562 587 1622 confutavit
619 1563 856 1623 evidentissimis
884 1562 1050 1644 Scripturis

124 1651 155 1706 et
178 1645 375 1726 argumentis,
396 1647 438 1704 ita
459 1652 493 1706 ut
512 1643 645 1724 populus
661 1647 820 1706 convictos
842 1646 944 1726 palam
967 1645 1051 1707 vide·

123 1739 179 1807 ret,
201 1739 232 1788 et
244 1729 366 1807 ipsimet
378 1726 547 1787 sentirent?
580 1725 783 1789 Nihilominus
805 1728 850 1789 illi
871 1747 1051 1808 persevera·

105 1811 200 1871 'bant
221 1810 397 1874 adversarii.
447 1809 622 1889 Stephanus
645 1812 755 1876 Act?
789 1812 834 1871 sic
867 1811 1053 1891 loquebatur

127 1900 206 1954 teste
226 1892 319 1974 Luca,
343 1899 375 1952 ut
396 1894 565 1972 sapientiae
588 1902 619 1953 et
630 1894 759 1973 spiritui,
781 1895 833 1973 qui
854 1893 1051 1974 loquebatur,

124 1978 266 2037 resistere
287 1994 350 2036 non
372 1984 515 2056 possent,
545 1974 600 2036 sed
622 1975 695 2055 quid
717 1976 760 2037 illi
783 1976 941 2039 iecerunt?
972 1997 1051 2038 nun·

124 2058 196 2138 quid
218 2056 392 2120 cedebant?
435 2056 502 2120 lmo
525 2057 597 2118 dum
618 2058 716 2139 pudet
748 2061 827 2119 vinci
855 2066 887 2122 et
906 2062 1051 2121 resistere

124 2160 185 2202 uon
208 2149 347 2221 possunt,
371 2143 541 2217 insaniunt,
565 2149 596 2201 et
618 2141 729 2203 clausis
752 2142 874 2203 auribus
896 2151 929 2206 et
950 2142 1050 2205 oculis

125 2224 220 2284 t'alsos
243 2224 424 2284 submittunt
445 2231 554 2285 contra
576 2243 645 2284 eum
668 2232 783 2304 testes,
806 2227 876 2290 Act.
898 2229 928 2292 7.
964 2226 1051 2289 Idem

124 2309 154 2367 in
178 2307 311 2368 concilio
345 2315 430 2367 stans
454 2306 524 2367 vide
553 2307 711 2385 quomodo
739 2308 880 2370 confutet
908 2308 1051 2371 sdversa-

124 2391 196 2467 rios,
219 2409 287 2450 cum
310 2388 349 2450 ab
372 2389 491 2469 origine
514 2389 620 2469 populi
642 2390 722 2450 illins
745 2398 936 2452 numerasset
956 2392 1050 2453 bene·

125 2472 194 2533 licia
217 2470 277 2533 Dei
300 2480 330 2533 et
350 2474 522 2552 probasset,
543 2491 701 2553 nunqnam
714 2475 863 2554 templum
876 2474 934 2536 sibi
950 2475 1050 2537 Deum

124 2556 252 2618 iussisse
264 2555 355 2617 condi
378 2552 433 2639 (ea
449 2557 529 2615 enim
541 2557 723 2634 quaestione
745 2555 895 2635 agebatur
916 2578 998 2639 reus,
1020 2564 1052 2619 et

123 2640 148 2698 is
171 2644 238 2699 erat
260 2645 356 2699 status
379 2641 533 2716 causae),
555 2637 678 2699 tandem
702 2640 862 2717 concedit,
884 2639 941 2701 sub
962 2639 1049 2703 Salo·

124 2739 217 2781 mone
245 2721 339 2781 fuisse
373 2720 495 2800 quidem
532 2721 679 2802 templum
702 2721 913 2801 aedificatum,
946 2732 980 2784 at
1008 2723 1050 2785 ibi

125 2803 277 2864 subsumit
297 2804 326 2863 in
349 2803 431 2864 huuc
454 2803 596 2865 modum:
628 2804 690 2866 Sed
713 2824 776 2866 non
805 2807 835 2865 iu
865 2807 1049 2869 manufactis

124 2885 241 2947 habitat
268 2886 433 2964 Excelsns,
455 2895 486 2947 et
507 2886 546 2947 ed
569 2886 599 2946 id
628 2886 744 2968 allegat
770 2888 894 2949 Esaiam
916 2889 1050 2971 Prophe·

126 2977 188 3029 tarn
218 2970 267 3034 66.
279 2967 322 3048 ²):
371 2968 457 3044 Quae
490 2976 537 3030 est
565 2971 623 3030 ista
652 2970 777 3049 domus,
815 2990 907 3051 quam
946 2972 1048 3035 aedid-

127 3052 203 3111 catis
230 3051 318 3112 mihi?
350 3051 415 3132 Dic,
439 3052 510 3131 quid
534 3059 676 3132 poterant
697 3053 878 3139 hiccontra
901 3061 965 3117 tem
989 3075 1049 3117 rnn-

123 3133 263 3195 uifestam
286 3133 473 3216 Scripturam
497 3135 618 3196 dicere?
656 3136 737 3197 Nihil
760 3143 862 3199 tamen
885 3140 962 3199 moti
984 3158 1048 3220 per·

124 3215 245 3277 stebant
268 3216 320 3277 flxi
342 3220 372 3277 in
396 3237 451 3278 sna
474 3220 635 3282 sententia.
670 3219 759 3281 Unde
783 3227 813 3281 et
833 3221 864 3281 iu
888 3240 944 3285 eos
967 3223 1047 3284 iure·

123 3299 212 3379 hitur,
235 3300 358 3364 dicens:
380 3302 587 3362 incircumcisi
608 3302 751 3363 cordibus
773 3311 803 3363 et
816 3303 951 3384 auribus,
973 3324 1046 3367 seru·

124 3403 179 3463 per
200 3383 351 3444 restitistis
374 3382 497 3464 Spiritui
519 3391 627 3446 sancto
651 3394 709 3449 etc.
753 3386 909 3449 Resistere
930 3406 985 3451 eos
1006 3387 1046 3449 di·

97 3503 99 3507 ,
124 3467 183 3545 cit,
197 3467 249 3547 qui
271 3474 374 3528 tamen
396 3468 539 3529 resistere
561 3486 623 3530 non
646 3475 799 3549 poterent.

196 3730 228 3799 1)
250 3730 282 3785 In
300 3730 344 3788 ed.
365 3732 433 3788 len:
453 3746 523 3787 oum.
559 3732 592 3801 2)
613 3730 698 3788 Ibida
717 3733 765 3789 ult.
