2348 4162
440 247 468 297 at
486 242 697 312 communionis,
993 243 1021 315 D.

90 401 204 468 Missae
224 424 281 486 pro
303 403 470 484 defunctis,
492 425 549 488 pro
571 405 738 487 itineribus,
761 426 817 489 pro
840 408 960 490 opibus,
984 413 1015 471 et

89 490 159 571 quis
182 489 252 552 illos
273 489 379 550 titulos
403 490 647 568 solosnumeret,
669 509 799 573 quorum
818 491 912 553 Missa
932 491 1015 555 facta

89 580 138 635 est
161 571 365 635 sacrificium?
988 634 995 651 ,

174 656 282 737 Neque
303 656 397 718 hodie
418 662 520 717 cessat
541 657 648 718 Canon
676 657 734 718 iste
755 659 870 738 augeri,
893 658 959 719 aliis
983 665 1013 720 et

87 738 159 801 aliis
175 740 261 801 festis
277 740 354 801 alias
376 741 525 817 actiones,
548 740 624 802 alios
648 742 909 812 communicantes
932 743 1012 803 ssci-

89 842 193 888 scens.
255 823 297 884 Ut
325 831 444 885 taceam
467 825 630 884 memorias
664 826 802 886 vivorum
824 833 854 885 at
876 833 1012 886 mortuo·

87 927 174 986 rum,
204 906 341 968 noudum
371 906 410 968 ad
439 906 531 968 linem
559 908 605 968 sui
635 914 748 969 auctas.
791 908 869 969 Nam
897 907 1013 970 addita·

87 996 196 1052 menta
207 996 336 1052 externa
347 991 488 1069 vestium,
503 1009 658 1072 vasorum,
671 1010 840 1067 cereorum,
851 990 1013 1071 pallarum,

90 1072 205 1135 deinde
243 1090 428 1155 organorum
464 1081 495 1134 et
524 1075 617 1153 totius
646 1076 797 1154 musicae,
835 1076 1013 1154 imaginum,

87 1156 163 1238 quid
185 1155 310 1218 dicam?
352 1156 434 1218 Nihil
456 1177 535 1237 pene
555 1157 611 1218 luit
632 1159 662 1219 in
685 1164 751 1219 toto
774 1158 849 1219 orbe
871 1157 1014 1219 artificio·

85 1261 173 1320 rum,
211 1240 295 1320 quod
325 1258 524 1322 nonmagna
557 1261 597 1302 ex
625 1247 712 1322 parte
744 1261 799 1302 sua
819 1241 945 1321 negotia
974 1260 1012 1303 ac

87 1321 224 1406 suuml)
248 1330 408 1404 quaestum
429 1322 558 1385 haberet
580 1332 611 1386 et
632 1345 649 1385 e
670 1325 764 1385 Missa
785 1325 925 1391 aleretur.

173 1407 365 1469 Transieriut
383 1408 489 1489 itaque
510 1408 569 1468 ista
591 1414 623 1469 et
643 1407 745 1468 adhuc
760 1414 1012 1469 transaautreve·

86 1491 174 1553 laute
195 1490 367 1572 Evangelio
401 1491 646 1552 abominationes
667 1496 786 1568 tantas,
808 1490 909 1553 donec
929 1491 1013 1571 peni·

87 1581 137 1635 tus
167 1573 358 1636 aboleantur.
415 1574 480 1635 Nos
512 1576 632 1634 interim
667 1575 770 1635 omnia
803 1573 1011 1654 probabimus,

87 1655 175 1737 quod
205 1657 321 1719 bouum
350 1664 399 1719 est
427 1656 608 1722 tenebimus.
652 1657 766 1717 Verum
787 1656 849 1718 hoc
870 1656 947 1717 libro
970 1655 1012 1717 di·

88 1760 161 1802 cere
184 1741 368 1821 omittimus,
391 1742 517 1801 Missam
539 1760 602 1801 non
616 1737 647 1820 ²)
671 1759 740 1801 esse
762 1738 943 1800 sacrificium
957 1760 1011 1801 sau

89 1842 171 1904 opus
193 1823 310 1885 bouum
330 1823 377 1899 ³),
401 1823 482 1904 quod
505 1823 581 1884 alias
604 1822 725 1884 abunde
748 1823 918 1886 docuimus.
951 1822 1013 1904 Ap,

86 1905 317 1988 prebendamus
339 1926 406 1967 eam
430 1915 699 1968 utsacramentum
713 1927 767 1966 aen
789 1912 1003 1968 testamentum
1072 1929 1075 1935 ·

88 2010 146 2051 seu
173 1988 421 2052 benedictionem
444 1990 554 2069 latine,
577 1990 802 2050 Eucharistiam
820 2008 942 2070 graece,
963 2010 1001 2050 ve

87 2093 229 2134 mensam
253 2073 387 2153 Domini,
406 2074 455 2134 vel
469 2091 599 2134 coenam
612 2071 747 2153 Domini,
768 2072 818 2132 vel
833 2073 1012 2133 memoriam

90 2157 224 2235 Domini,
246 2155 296 2217 vel
319 2157 587 2234 communionem,
611 2156 660 2217 vel
682 2174 866 2235 quocunque
888 2156 1014 2217 nomine

87 2241 143 2320 pio
165 2239 280 2319 placat,
304 2239 397 2300 modo
421 2238 562 2300 sacrificii
576 2250 628 2300 aut
650 2240 751 2319 operis
764 2238 850 2299 titulo
874 2257 935 2299 uon
949 2238 1014 2318 pol·

88 2322 201 2401 luatur,
234 2330 265 2383 et
286 2322 376 2384 ritum
398 2329 619 2401 monstremus,
652 2340 713 2402 quo
735 2321 824 2385 nobis
846 2323 944 2382 visum
967 2327 1015 2382 est

88 2405 143 2467 illa
165 2405 220 2468 uti.

172 2488 288 2569 Primo,
309 2487 454 2549 Introitus
467 2487 667 2548 dominicales
689 2494 720 2548 et
741 2489 770 2559 in
793 2487 878 2547 festis
892 2485 1014 2566 Christi,

88 2590 204 2653 nempe
215 2570 383 2648 Paschatis,
406 2571 615 2649 Pentecosten,
637 2567 825 2650 Natiuitatis,
847 2567 1013 2650 probamus

89 2662 122 2716 et
144 2672 319 2734 servamus,
353 2672 529 2736 quanquam
554 2652 693 2713 Psalmos
722 2650 899 2732 mallemus,
932 2651 1014 2712 unde

90 2738 205 2819 sumpti
226 2742 306 2815 sunt,
328 2744 362 2797 ut
383 2737 466 2816 obm,
490 2736 543 2798 sed
567 2755 648 2796 nuuc
670 2736 715 2797 sic
736 2736 803 2796 usui
815 2740 943 2814 recepto
966 2735 1013 2794 in·

90 2816 295 2901 dulgebimus.
339 2819 429 2895 Quod
459 2820 484 2880 si
514 2820 565 2899 qui
593 2818 831 2900 Apostolorum,
870 2818 1014 2899 Virginis,
1094 2886 1096 2891 ,

90 2903 284 2982 aliorumque
305 2902 488 2964 Sanctorum
511 2903 650 2969 introitus
678 2901 818 2981 (quando
841 2921 858 2961 e
880 2900 1013 2964 Psalmis

90 2994 144 3047 aut
166 2984 234 3047 aliis
256 2984 418 3066 Scripturis
429 2986 543 3066 sumpti
555 2981 638 3066 sunt)
660 2984 792 3065 probare
814 2984 929 3061 volent,
950 3002 1014 3044 non

91 3069 284 3131 damnamus.
329 3069 394 3129 Nos
419 3067 669 3148 Vnittembergae
701 3067 776 3128 solis
799 3066 962 3128 dominicis
985 3073 1016 3126 et

90 3153 177 3214 lastis
196 3152 321 3212 Domini
343 3150 534 3212 sabbatissre
558 3169 749 3230 quaeremus,
773 3150 908 3211 omnium
922 3148 1014 3211 Sauc-

91 3241 193 3298 torum
217 3235 295 3295 festa
317 3253 441 3314 prorsus
464 3233 652 3314 abroganda,
675 3234 722 3293 vel
751 3232 865 3312 siquid
889 3232 1014 3312 dignum
1085 3252 1088 3256 ·

90 3318 121 3380 in
145 3319 191 3379 eis
213 3326 275 3397 est,
297 3318 328 3377 in
351 3316 618 3380 dominicabilibus
641 3316 842 3378 concionibus
859 3315 1017 3375 miscenda

91 3415 160 3463 ose
192 3407 347 3481 putamus.
389 3400 511 3460 Festum
535 3399 758 3460 Purificatibuis
789 3406 820 3459 et
842 3398 1015 3459 Annuncia-

91 3484 184 3546 tionis
207 3483 370 3565 profestis
393 3482 521 3563 Christi,
553 3483 631 3542 sicut
651 3479 866 3562 Epiphania4)
899 3488 930 3541 et
951 3480 1015 3541 Dir-
1054 3502 1057 3513 ·

95 3609 517 3620 -——-—--.....——.....

165 3647 195 3716 1)
216 3647 249 3701 In
264 3646 309 3702 ed.
328 3647 400 3701 len:
421 3652 566 3716 quaestum
585 3663 672 3702 suum.
715 3646 749 3713 2)
767 3647 796 3700 ln
816 3646 861 3702 ed.
879 3645 950 3717 orig.
968 3645 1016 3703 de-

93 3721 148 3772 est:
167 3734 232 3787 nou,
251 3717 398 3789 repetitum
416 3723 510 3774 estex
529 3719 573 3774 ed.
593 3720 648 3774 Ian.
686 3719 717 3787 3)
738 3719 771 3773 In
788 3718 832 3775 ed.
851 3718 923 3775 len:
945 3733 1016 3793 opus

93 3785 285 3849 sacrificantis.
334 3790 368 3863 4)
389 3791 422 3846 In
439 3789 483 3848 sd.
503 3791 588 3870 orig:
606 3789 806 3869 Epipbauian.'
