2348 4162
283 254 321 311 ad
340 255 374 311 D.
394 257 537 313 Erasmum
557 256 782 314 Roterodamum.
934 258 995 325 165

67 415 180 496 seculi,
192 419 381 498 nequeenim
394 419 490 481 seculi
504 419 636 480 carnalis
650 421 765 481 meritis
779 422 828 482 vel
842 421 996 483 demeritis

66 505 235 575 movetur,
262 500 316 562 sed
339 521 423 563 mera
446 503 680 577 misericordia,
709 506 807 582 gralia
839 512 870 566 et
892 525 997 566 amore

65 584 240 645 animarum
263 585 363 646 solida
385 587 513 646 veritate
542 584 792 647 stabiliendarum
815 589 844 647 in
868 588 995 666 gloriam

65 686 167 733 auam.
210 666 331 729 Electio
367 668 455 729 vobis
484 669 571 729 datur
603 670 739 729 miraculi
774 671 998 748 quantumlibet

66 750 156 829 parvi
179 749 320 814 faciendi.
381 751 460 826 Quin
484 771 543 831 ego
567 758 699 812 vestrum
725 753 798 812 Baal
827 754 996 814 irritaturus

66 832 184 893 insulto
217 840 247 894 et
269 852 429 914 provoco,
460 841 492 896 ut
515 836 562 895 vel
586 855 677 895 unam
704 856 810 896 ranam
834 839 943 897 creetis
965 839 995 897 in

66 917 196 977 nomine
219 924 250 977 et
271 918 382 995 virtute
405 917 490 978 liberi
512 917 636 996 arbitrii,
660 924 901 997 quarumtamen
924 939 997 998 gen-

66 998 137 1060 tiles
168 1005 200 1061 et
234 1001 318 1081 impii
340 1001 422 1081 Magi
450 1003 481 1061 in
509 1002 654 1082 Aegypto
687 1009 853 1081 potuerunt
885 1003 996 1063 multas

67 1101 196 1160 creare,
226 1103 288 1143 non
312 1086 392 1145 enim
415 1083 564 1162 pediculis
588 1085 727 1145 creandis
759 1085 895 1165 gravabo
928 1104 995 1162 vos,

67 1184 148 1245 quos
169 1184 231 1228 aec
258 1166 300 1226 illi
324 1167 454 1228 educere
481 1174 656 1247 potuerunt.
699 1168 807 1228 Dicam
832 1168 933 1229 adhuc
954 1169 996 1229 le·

67 1250 145 1328 vius,
159 1250 262 1329 capite
273 1249 323 1311 vel
340 1270 433 1310 unum
451 1251 584 1331 pulicem
599 1251 646 1311 vel
660 1250 834 1330 pediculum
855 1250 994 1333 (quando

64 1338 207 1394 nostrum
229 1331 331 1394 Deum
348 1336 472 1394 tentetis
502 1339 533 1394 et
553 1333 658 1394 ridetis
691 1335 721 1394 in
745 1335 884 1395 sanando
915 1354 995 1415 equo
1079 1341 1083 1349 '

65 1412 199 1497 claudo)
234 1421 265 1476 et
286 1417 457 1477 coniunctis
486 1416 627 1477 omnibus
657 1417 769 1478 virious
793 1417 995 1496 confictisque

65 1496 211 1559 omnibus
243 1499 350 1560 studiis
387 1506 448 1561 tam
482 1499 541 1562 Dei
568 1502 660 1560 vestri
694 1519 785 1580 quam
825 1508 994 1562 vestrorum

65 1582 221 1657 omnium,
249 1583 275 1641 ei
297 1584 436 1663 poteritis
458 1583 543 1643 illum
567 1582 708 1643 occidere
741 1584 772 1642 iu
812 1584 936 1643 nomine
965 1589 996 1644 et

64 1665 178 1725 virtute
200 1663 287 1726 liberi
308 1665 432 1743 arbitrii,
455 1667 588 1726 victores
611 1672 724 1741 estote,
755 1672 786 1726 et
809 1665 996 1726 defensauit

64 1767 162 1808 causa
184 1752 297 1819 vestra,
319 1768 393 1809 mox
416 1750 573 1811 veniemus
592 1755 623 1808 et
645 1768 702 1808 nos
725 1747 881 1809 adoraturi
894 1749 992 1809 Deum

65 1830 174 1908 illum,
199 1830 367 1893 mirabilem
390 1832 616 1904 interfectorem
639 1831 773 1912 pediculi
800 1850 888 1909 ,nou
911 1831 994 1910 quod

64 1910 177 1993 nege'm
200 1932 257 1975 vos
293 1933 386 1994 posse
416 1922 446 1975 et
467 1920 589 1975 montes
612 1915 798 1993 transferre,
832 1914 885 1974 sed
909 1914 992 1994 quod

64 1995 146 2057 aliud
171 1997 211 2056 sit
232 1998 388 2078 quippiam
414 2017 454 2058 ex
480 1998 509 2058 vi
532 1998 620 2059 liberi
647 1997 763 2058 arbitrii
784 1998 897 2058 factum
924 1996 993 2076 dici,

65 2086 96 2141 et
118 2077 203 2142 aliud
226 2079 257 2140 id
278 2082 379 2161 ipsum
398 2079 530 2160 probari.

148 2161 241 2237 Quod
263 2170 364 2224 autem
387 2164 426 2223 de
447 2164 600 2224 miraculis
624 2163 697 2244 dixi,
719 2163 800 2225 idem
824 2162 862 2223 de
883 2163 995 2223 saucti-

65 2246 171 2307 mouia
194 2243 274 2309 dico.
325 2246 358 2307 si
381 2248 520 2325 poteritis
542 2248 572 2307 in
602 2253 687 2308 tanta
710 2248 788 2307 serie
811 2246 994 2323 seculorum,
1103 2312 1106 2317 ⁴

64 2329 218 2404 virorum,
251 2335 282 2389 et
303 2331 457 2405 omnium,
491 2348 571 2409 quae
600 2331 796 2407 memorasti,
832 2328 995 2389 ostendere

64 2430 157 2471 unum
182 2429 260 2491 opus
286 2414 456 2486 (sitellam
479 2413 582 2474 levare
595 2414 738 2492 stipulam
763 2412 800 2473 de
823 2409 920 2493 terra)
943 2416 995 2470 aut

64 2513 158 2554 unum
181 2493 308 2555 verbum
333 2493 392 2575 (sit
414 2495 461 2556 vel
484 2496 604 2575 syllaba
625 2496 695 2575 My)
721 2495 769 2554 vel
793 2513 885 2554 unum
908 2493 994 2570 cogi-

65 2582 161 2637 tatum
185 2596 226 2639 ex
249 2579 277 2637 vi
300 2578 386 2639 liberi
409 2579 523 2639 arbitrii
556 2579 613 2659 (sit
634 2577 683 2638 vel
710 2578 923 2639 tenuissimum
945 2594 993 2635 su-

64 2656 231 2740 spirium),
262 2678 323 2740 quo
347 2661 395 2722 vel
418 2661 632 2741 adplicuerunt
654 2679 687 2721 se
710 2658 748 2720 ad
771 2661 923 2740 gratiam,
946 2656 994 2718 vel

65 2762 124 2822 quo
149 2750 329 2804 mernerunt
349 2744 498 2824 spiritum,
521 2743 570 2804 vel
593 2762 654 2822 quo
677 2745 920 2823 impetraverunt
942 2760 991 2801 ve-

65 2826 157 2904 niam,
181 2826 231 2886 vel
254 2844 315 2905 quo
338 2826 454 2905 aliquid
477 2846 546 2888 cum
570 2827 636 2887 Deo
660 2831 807 2906 egerunt,
831 2830 993 2904 quantum·

66 2909 113 2968 vis
130 2908 321 2969 modiculum
346 2914 462 2990 (taceo,
485 2928 545 2988 quo
569 2909 749 2970 sanctificati
770 2905 862 2991 sint),
884 2909 992 2968 iterum

66 2992 199 3051 victores
221 3010 277 3052 vos
301 2998 401 3054 estote
424 3000 454 3053 et
474 3012 531 3052 nos
555 2993 636 3065 victi,
660 3012 699 3053 ex
721 2994 749 3052 vi
775 2989 937 3074 (inquam)
963 2995 994 3050 et

66 3075 191 3134 nomine
214 3073 302 3134 liberi
323 3073 448 3154 arbitrii,
471 3096 541 3136 nam
565 3094 643 3154 quae
665 3076 742 3135 fiunt
764 3075 795 3134 in
817 3073 993 3135 hominibus

66 3158 93 3216 vi
116 3156 305 3235 creationis,
332 3158 455 3219 divinae
483 3157 599 3220 habent
621 3157 795 3237 Scripturae
817 3158 995 3217 testimonia

67 3238 198 3300 abunde.
242 3239 281 3300 Et
303 3246 385 3301 certe
406 3241 435 3300 id
461 3241 626 3302 ostendere
648 3240 785 3320 debetis,
814 3259 854 3299 ne
875 3239 992 3299 ridiculi

67 3321 219 3384 Doctores
253 3323 438 3403 videamini,
473 3326 523 3404 qui
554 3323 592 3384 de
617 3343 654 3384 ea
682 3343 715 3384 re
744 3323 891 3402 dogmata
922 3341 991 3381 cum

66 3410 151 3466 lanto
174 3406 339 3485 supercilio
375 3419 405 3467 et
427 3408 591 3468 autoritate
620 3407 762 3486 spargitis
784 3407 814 3464 in
837 3404 994 3484 muudum,

68 3486 280 3548 ouiusnullum
294 3489 728 3569 producatis'monumeutum.
762 3487 890 3549 Somnia
912 3489 992 3548 enim

68 3570 215 3649 dicentur,
240 3570 279 3631 ad
302 3590 381 3652 quae
404 3573 478 3633 nihil
500 3573 645 3652 sequitur,
670 3571 753 3650 quod
775 3571 868 3651 longe
883 3571 991 3650 turpis-

68 3654 176 3715 simum
199 3659 247 3714 est
286 3656 378 3716 tantis
410 3663 441 3716 et
462 3661 508 3717 tot
528 3655 700 3717 seculorum
724 3655 794 3714 viris
827 3653 993 3714 eruditissi-

70 3738 122 3799 mis
156 3742 187 3799 et
217 3739 420 3800 sanctissimis
456 3745 487 3802 et
509 3737 712 3802 miraculosis.
768 3736 845 3796 Tum
870 3736 993 3798 Stoicos
