2348 4162
203 1022 250 1116 D.
279 1018 461 1117 Martini
474 1020 895 1119 LutheeiPnaefatio
924 1024 970 1118 in
999 1013 1129 1121 netas

484 1135 805 1235 Testamentum

650 1263 810 1320 et.

203 1286 377 1445 Gensis,
424 1335 625 1456 quomodo
657 1338 808 1457 etque
838 1337 987 1430 fructu
1021 1334 1130 1432 libri

221 1465 223 1469 ’
263 1447 427 1544 Mesia
464 1447 728 1544 Christianis
758 1447 936 1569 legendi
965 1446 1073 1546 sint

603 1650 730 1730 (lesu.)

281 1940 319 2001 D.
341 1939 461 1999 Martini
483 1937 605 1998 Lutheni
620 1937 772 1999 Praefatio
796 1939 826 1997 in
843 1943 930 1998 vetus
949 1939 1126 2001 Testamen-

201 2029 264 2084 tum
288 2022 416 2102 primum
440 2022 710 2101 germaniceauno
736 2019 868 2085 1523511
892 2022 991 2082 lueem
1005 2023 1126 2103 prodiit,

198 2124 259 2186 que
294 2124 376 2166 anno
406 2105 505 2164 versio
536 2106 712 2185 germaniea
745 2106 857 2164 veteris
889 2105 1080 2166 'lestamenti
1108 2126 1127 2167 a

197 2189 330 2248 Lutheno
364 2189 445 2268 typis
467 2188 626 2267 invulgata
659 2194 707 2247 est
732 2187 786 2263 (el.
809 2185 941 2249 Walehii
963 2189 1076 2250 introd.
1095 2190 1124 2248 iu

197 2272 285 2334 Tem.
307 2268 378 2332 XIV
402 2271 480 2351 0pp.
503 2270 590 2336 Luth.
612 2268 643 2349 p,
658 2268 706 2351 l),
729 2277 837 2349 postea
867 2267 983 2351 (1524)
1004 2272 1039 2333 in
1059 2271 1122 2334 lati·

197 2374 269 2415 uam
291 2352 425 2433 linguam
449 2354 597 2414 translata
618 2360 666 2412 est
687 2354 856 2433 paucisque
876 2355 1000 2414 mutatis
1023 2359 1054 2414 et
1075 2354 1124 2415 ad-

199 2437 269 2498 ditis
291 2436 427 2497 redditur
447 2437 541 2497 latine
562 2438 593 2496 in
615 2435 738 2496 Lutheni
761 2434 854 2497 libro:
889 2436 1123 2515 Pentateuehus,

200 2519 291 2582 Liber
312 2517 436 2596 Iosuae,
458 2519 549 2580 Liber
570 2518 720 2595 Iudieum,
743 2517 823 2578 Libri
848 2518 978 2596 Regum,
1000 2517 1123 2582 Novum

196 2605 439 2667 Testamentum.
488 2602 733 2682 Wittembergee
766 2599 930 2664 MDXXIX
962 2604 1017 2679 (ef.
1041 2603 1123 2664 Wal-

121 2740 129 2757 ,
199 2687 257 2748 ehii
280 2686 392 2750 introd.
425 2687 456 2745 in
479 2686 567 2748 Tum.
589 2685 658 2744 XlV
689 2685 768 2764 O'pp.
791 2684 877 2752 Luth.
899 2705 925 2765 p.
949 2688 978 2750 8.
1001 2687 1051 2752 52,
1075 2688 1122 2750 54.

196 2769 246 2837 72.
269 2775 300 2832 et
320 2777 398 2851 pant.
420 2769 446 2829 ll
469 2767 604 2827 eiusdem
631 2769 704 2826 tomi
728 2787 757 2847 p.
782 2767 914 2850 1-14).
950 2768 1058 2829 Latine
1072 2788 1123 2829 ex·

196 2855 309 2934 seripte
341 2859 388 2914 est
410 2850 488 2912 haee
509 2850 657 2931 praelatio
693 2851 784 2912 etiam
807 2852 837 2910 in
860 2852 905 2912 ed.
932 2847 1014 2931 Opp.
1036 2851 1123 2923 Lutln.

90 2986 103 2996 .
197 2939 259 2999 len.
292 2936 349 3014 lll,
382 2936 431 3000 66.
464 2933 620 2995 Wittemb.
649 2931 707 3013 111,
738 2938 772 3012 1,
807 2935 983 3014 germanius
1010 2936 1042 2995 in
1075 2934 1122 2996 ed.

196 3021 280 3102 Lips.
302 3019 366 3098 XII,
391 3022 418 3096 1,
441 3015 560 3079 Weleh,
584 3016 664 3094 xlv,
687 3018 714 3078 1.
993 3048 996 3055 ·

218 3170 222 3174 Α
280 3102 419 3176 (luneio,
457 3099 615 3180 quemodo
639 3106 670 3161 et
691 3118 753 3180 quo
781 3099 879 3159 iruetu
910 3096 979 3159 libri
1002 3098 1124 3160 Mesia

198 3182 523 3264 Christianis-legendi
545 3184 615 3262 siut,
643 3181 815 3242 aLutbero
838 3181 943 3244 habita
969 3188 1017 3242 est
1040 3200 1123 3244 auno

198 3268 287 3333 1524.
311 3266 411 3341 Quum
434 3267 516 3327 enim
546 3286 583 3326 eu
623 3283 704 3327 anno
734 3264 977 3345 Wittembergae
1003 3265 1122 3326 Mosam

183 3350 377 3431 -pnopbetam
401 3350 602 3410 eonuionibus
615 3348 769 3429 explicare
792 3349 909 3429 pupulo
931 3348 1123 3426 instituisset,

197 3439 229 3492 ut
272 3433 477 3494 tumultuosos
511 3434 633 3512 spiritus
667 3431 894 3493 Muntaerianos
934 3433 1123 3510 reprimeret,

198 3517 247 3594 qui
271 3515 347 3575 falsa
370 3515 469 3597 gloria
497 3534 535 3575 se
563 3533 706 3594 perversa
728 3516 840 3574 veteris
862 3514 1051 3574 Testamenti
1079 3516 1131 3576 in:

198 3598 370 3679 belligentia
391 3597 508 3658 inducti
531 3617 569 3658 ex
587 3596 767 3671 Christianis
789 3596 923 3659 Iudaeos
947 3598 1048 3658 faeere
1070 3615 1124 3678 po·

197 3682 366 3762 pulumque
398 3683 505 3741 iterum
542 3679 580 3739 ad
615 3680 733 3739 Moeem
766 3679 910 3759 ablegare
948 3679 1123 3759 studebant,
