2348 4162
301 243 392 299 amico
411 243 522 299 cuidam
540 232 737 315 praescriptae.
922 242 985 309 393
1081 300 1084 305 ,

64 399 129 460 Dei.
175 398 217 459 Et
236 417 310 460 ecce
333 397 508 477 Elisabeth,
531 405 665 481 cognata
687 407 748 478 tna,
772 406 802 461 et
822 401 892 480 ipse
913 418 984 461 con·

65 482 148 563 cepit
179 480 274 543 lilium
308 483 338 542 in
373 489 531 545 senectute
558 503 634 562 sua,
667 490 698 544 et
718 483 768 544 hic
803 484 916 544 mensis
939 490 985 544 est

64 573 171 626 sextus
193 565 252 642 illi,
275 584 355 645 quae
377 573 505 627 vocatur
526 566 654 643 sterilis,
676 568 746 646 quia
768 584 829 627 nou
853 567 908 626 erit
930 568 984 626 im·

65 646 219 729 possibile*
245 647 326 730 apud
348 649 445 710 Deum
480 668 570 710 omne
597 649 731 711 verbnm.
774 650 859 710 Dixit
882 655 983 711 antem

65 732 176 793 hieria:
213 731 295 793 Ecce
325 733 437 800 ancilla
460 733 602 805 Domini,
638 733 691 794 liat
720 733 792 794 mibi
815 732 983 794 secundum

65 814 190 877 verbum
213 822 307 878 tuum.
349 816 390 876 Et
412 815 555 877 discessit
575 816 613 878 ab
635 816 685 877 illa
710 816 847 897 angelus.

145 897 204 959 Hic
226 898 291 960 dies
314 900 423 960 merito
445 900 545 979 agitur
570 900 675 979 festus,
699 902 770 980 qnia
793 901 891 979 prima
907 899 984 962 haec

65 987 111 1043 est
136 981 286 1043 revelatio
321 980 513 1044 advenientis
541 990 571 1044 et
599 985 769 1062 praesentis
792 983 917 1059 Christi,
954 990 985 1044 et

64 1084 172 1126 revera
205 1067 308 1146 potius
342 1064 466 1126 deberet
494 1066 642 1147 appellari
666 1068 837 1146 Conceptio
862 1067 983 1144 Christi,

64 1167 156 1227 quam
175 1148 381 1209 Annunciatio
398 1148 522 1228 Mariae,
547 1151 626 1210 sicut
647 1156 677 1211 et
692 1149 871 1230 Symbolum
895 1150 983 1211 dicit:

64 1231 240 1311 Conceptus
262 1232 300 1292 de
312 1231 424 1311 Spiritu
446 1239 564 1312 sancto,
588 1239 618 1293 et
639 1233 783 1294 lobannis
800 1237 835 1297 1:
857 1235 897 1295 Et
919 1253 983 1294 ver-

64 1313 134 1375 bnm
157 1332 230 1376 caro
254 1314 367 1376 lactum
390 1322 446 1396 est,
469 1334 598 1393 summa,
621 1322 667 1377 est
684 1315 748 1376 dies
764 1318 983 1378 incarnationis

63 1396 115 1458 lilii
138 1394 217 1475 Dei,
248 1397 343 1459 hodie
375 1397 487 1458 lactum
520 1404 568 1459 est
597 1399 812 1459 miraculorum
848 1402 982 1461 omnium

62 1482 193 1561 primum
218 1486 248 1540 et
269 1486 376 1560 capnt,
407 1481 526 1542 scilicet
559 1481 641 1561 quod
675 1481 776 1542 divina
799 1488 829 1543 et
849 1483 983 1545 bumana

63 1570 173 1625 natura
196 1564 379 1642 copulantur
401 1565 431 1624 in
454 1584 548 1625 unam
563 1583 737 1644 personam,
760 1572 791 1626 et
812 1564 846 1625 fit
866 1566 918 1626 ills
941 1568 983 1626 in·

62 1645 165 1707 linitus
190 1647 272 1708 Deus
301 1645 404 1707 linitus
426 1647 536 1729 homo,
570 1666 719 1727 quaeres
752 1647 813 1709 tide
843 1668 981 1729 compre-

61 1729 154 1791 hendi
186 1734 308 1810 potest,
352 1729 452 1791 verbis
485 1737 515 1791 et
543 1729 781 1811 cogitationibus
811 1738 858 1792 est
879 1731 982 1793 ineffa-

62 1812 182 1957 blell'
205 1812 267 1874 imo
290 1812 470 1875 scandalum
493 1820 523 1875 et
545 1813 675 1876 offensio
699 1813 840 1876 omnibus
863 1816 981 1896 sapien·

61 1896 151 1957 uus.
858 1912 863 1923 ·

144 1978 218 2040 Post
238 1977 398 2040 tractanda
421 1986 469 2040 est
491 1980 636 2060 historia,
670 1979 803 2058 scilicet,
825 1981 982 2060 quomodo

62 2061 191 2122 mittitur
211 2081 230 2123 e
251 2062 319 2123 Deo
343 2064 509 2124 autoritate
530 2064 632 2125 divina
655 2069 686 2125 et
708 2063 837 2125 consilio
862 2084 982 2127 summo

58 2144 209 2206 incaelis
239 2145 383 2226 angelus,
416 2144 532 2225 absque
561 2146 654 2208 dubio
688 2142 789 2208 multis
819 2150 982 2210 comitatus

60 2227 128 2290 aliis
160 2228 298 2309 angelis,
341 2247 421 2308 quae
452 2231 598 2292 maiestas
636 2230 826 2292 invisibiliter
859 2231 981 2310 quidem

59 2312 185 2392 geritur,
208 2311 262 2372 sed
285 2310 353 2391 quis
376 2331 442 2372 eam
466 2315 602 2393 cogitare
624 2314 753 2392 potest?
783 2313 902 2374 Deinde
923 2315 982 2375 ista

58 2393 221 2455 invisibilis
242 2413 359 2475 pompa
380 2395 497 2475 gloriae
519 2394 716 2456 absconditur
743 2401 773 2457 et
794 2397 921 2457 mittitur
942 2396 981 2457 ad

59 2479 288 2558 pauperrimam
312 2477 521 2557 virgunculam
543 2480 574 2539 in
596 2478 666 2539 loco
695 2478 853 2555 vilissimo,
875 2480 905 2540 in
928 2499 981 2560 po·

60 2560 135 2640 pulo
159 2560 424 2640 contemptissimo
447 2560 528 2642 apud
558 2580 666 2622 omues
687 2581 776 2642 reges
799 2567 918 2641 terrae,
951 2569 982 2624 et

59 2650 181 2724 cetera,
216 2662 297 2723 quae
317 2642 415 2704 Lucas
449 2644 611 2724 magnifice
641 2650 672 2705 et
700 2644 862 2725 diligenter
883 2646 983 2725 pingit

59 2745 114 2807 per
137 2745 246 2790 omnes
268 2727 512 2788 circumstantias
533 2748 643 2789 rerum.

144 2808 205 2871 Sed
228 2809 406 2892 principalis
423 2810 512 2872 locus
535 2818 590 2889 est,
614 2811 664 2871 ubi
688 2809 814 2891 angelus
838 2809 982 2871 describit

58 2891 153 2953 filium
189 2893 392 2974 nesciturum,
426 2894 477 2956 ubi
505 2893 682 2974 potentibus
717 2892 816 2954 verbis
851 2892 981 2954 affirmat

58 2974 141 3036 hunc
163 2973 258 3036 lilium
292 2995 361 3037 esse
388 2976 477 3037 simul
506 2997 610 3039 verum
639 2977 794 3038 hominem
824 2982 855 3037 et
875 2997 978 3037 verum

58 3059 168 3139 Deum,
190 3078 273 3138 nam,
294 3058 376 3140 quod
390 3061 428 3120 sit
441 3079 530 3121 verus
552 3061 657 3141 homo,
672 3061 772 3141 arguit
788 3061 853 3120 istis
870 3060 981 3138 verbis,

56 3142 174 3221 primo:
197 3142 371 3223 Concipiet,
394 3143 447 3204 sed
470 3144 499 3203 in
522 3151 620 3222 utero,
642 3164 681 3204 ne
699 3143 886 3224 spiritualem
909 3162 979 3204 con·

57 3225 232 3306 ceptionem
255 3227 322 3304 quis
343 3227 509 3306 intelligat,
539 3226 699 3302 sedeam,
722 3244 782 3306 qua
804 3226 980 3287 naturaliter

58 3307 168 3368 mulier
189 3309 324 3389 concipit
346 3329 398 3370 sen
421 3309 548 3390 gravida
569 3309 617 3388 fit,
652 3329 764 3390 nempe
790 3327 852 3369 non
876 3311 978 3370 animo

57 3397 112 3452 ant
133 3391 257 3471 spiritu,
292 3392 346 3453 sed
374 3399 483 3474 utero,
516 3392 576 3454 hoc
599 3400 660 3475 est,
695 3391 833 3454 muliebri
862 3412 977 3473 organo

56 3475 207 3556 corporis,
229 3475 261 3535 in
283 3494 344 3555 quo
366 3477 467 3537 solent
488 3478 609 3558 concipi
631 3477 781 3538 homines.

131 3741 163 3812 1)
189 3742 220 3797 ln
249 3740 292 3799 ed.
320 3741 390 3800 lem:
429 3740 584 3801 ineffabilis.
