2348 4162
270 256 309 317 ad
324 259 359 315 D.
376 258 521 315 Erasmum
538 254 764 315 Roterodamum‘.
917 257 980 325 277

53 433 178 492 ametur
198 427 293 491 Iacob
319 434 351 490 et
377 429 478 492 oditur
499 430 600 504 Esau,
628 437 792 509 antequam
815 435 980 492 naseuntur

54 519 89 576 et
103 512 290 594 operantur?
308 511 376 574 Stat
389 515 481 594 igitur
489 514 611 592 Paulus,
626 514 742 594 optime
758 513 940 574 Malachiam
949 512 979 597 *)

54 595 208 658 inducens
229 614 288 676 pro
311 599 464 659 sententia
477 598 564 673 llosi,
587 597 713 675 seilicet,
736 596 819 676 quod
840 596 911 658 ideo
928 617 980 658 vc·

55 678 248 760 caritlacob,
270 685 434 758 antequam
450 687 635 758 nasceretur,
659 681 730 760 quia
747 679 889 740 dilexerit
900 698 980 758 eum,

54 782 120 825 non
152 766 255 825 antem
283 762 411 824 dilectus
439 765 479 825 sit
506 765 588 845 prius
611 782 629 823 a
650 762 762 839 Iacob,
796 769 848 824 aut
871 764 979 824 merito

55 847 124 908 eius
147 845 210 907 ullo
226 853 392 927 permotus,
415 854 447 908 ut
463 847 675 908 ostenderetur
687 848 715 907 in
733 846 824 907 laceb
840 852 871 907 et
886 846 979 926 Esau,

55 928 130 1011 quid
153 935 291 991 nostrum
315 936 407 1010 queat
428 930 554 992 liberum
577 930 742 992 arbitrium.

141 1012 249 1073 Altera
259 1011 291 1092 ¹)
324 1012 474 1075 industria
504 1021 565 1093 est,
601 1013 684 1093 quod
712 1012 880 1073 Malachiae
915 1031 979 1073 non

55 1094 177 1157 videtur
199 1095 283 1176 loqui
307 1095 346 1156 de
367 1097 451 1174 odio,
473 1115 534 1177 quo
558 1097 738 1158 damnamur
758 1098 787 1156 in
810 1103 979 1175 aeternum,

55 1179 113 1241 sed
136 1178 174 1240 de
197 1178 383 1261 temporaria
405 1179 583 1259 afflictione,
606 1179 868 1261 reprehenduntur
889 1180 980 1258 enim,

55 1263 110 1343 qui
133 1267 292 1323 exstruere
313 1262 460 1325 volebant
481 1263 678 1325 Edomaeam.

139 1345 209 1406 Hoc
225 1346 333 1406 iterum
348 1346 458 1408 dicitur
479 1346 518 1408 ad
542 1346 758 1408 contumeliam
774 1345 870 1424 Pauli,
892 1345 979 1425 quasi

56 1429 118 1489 vim
140 1428 248 1489 fecerit
269 1427 443 1509 Scripturis.
467 1430 555 1491 Adeo
577 1429 652 1490 nihil
676 1448 816 1490 veremur
838 1430 980 1489 maiesta-

56 1519 119 1574 tem
141 1510 272 1592 Spiritus
295 1515 408 1591 sancti,
441 1513 533 1574 modo
562 1520 668 1574 nostra
696 1517 875 1574 statuamus.
919 1509 980 1571 Sed

55 1595 191 1658 feremus
229 1595 349 1656 interim
392 1595 609 1658 contumeliam
644 1595 723 1656 hanc
759 1594 980 1674 videamusque

56 1677 131 1759 quid
169 1676 291 1743 efficiat.
339 1680 505 1740 Malachiae
544 1679 582 1739 de
621 1678 785 1739 afflictione
819 1677 979 1755 temporali

56 1761 202 1842 loquitur.
225 1760 304 1837 Quid
326 1761 422 1827 inde?
445 1773 496 1824 aut
519 1762 591 1843 quid
613 1762 673 1822 hoo
695 1761 734 1822 ad
757 1760 844 1822 rem?
866 1760 978 1821 Paulus

57 1864 96 1905 ex
118 1843 272 1905 Malachia
299 1845 410 1925 probat
436 1846 519 1907 illam
549 1845 746 1907 afflictionem
774 1845 840 1904 siue
869 1844 978 1903 merito

57 1926 190 2007 soloque
212 1927 284 1989 odio
298 1929 357 1989 Dei
377 1929 493 1990 illatam
507 1930 601 2008 Esau,
624 1935 657 1990 ut
678 1928 805 1989 liberum
824 1926 979 1988 arbitrium

57 2010 132 2073 nihil
161 2029 231 2072 ease
260 2011 432 2074 concludat.
476 2011 535 2072 Hie
556 2013 688 2092 urgeris,
724 2011 774 2072 hic
801 2009 979 2089 responderi

58 2094 206 2176 oportuit.
249 2093 313 2156 Nos
342 2095 380 2155 de
413 2096 521 2157 merito
544 2095 750 2175 disputemus,
785 2100 822 2154 tu·
841 2093 880 2154 de
902 2112 979 2153 mer-

57 2175 135 2240 cede
154 2176 301 2256 loqueris,
323 2184 354 2239 et
377 2179 422 2238 sie
443 2178 587 2259 loqueris,
611 2186 725 2239 utnon
748 2176 855 2237 eludas
876 2183 980 2238 tamen
1059 2246 1062 2251 ¹

58 2259 142 2342 quod
164 2260 298 2340 voluisti,
320 2261 382 2321 imo
405 2279 474 2321 cum
498 2261 535 2322 de
558 2262 700 2323 mercede
721 2260 871 2341 loquaris,
894 2261 981 2320 meri·

57 2351 121 2407 tum
146 2341 318 2423 confiteris,
352 2352 384 2405 at
410 2342 484 2404 illud
517 2344 689 2404 dissimulas
713 2343 879 2404 tesidere.
924 2343 981 2402 Dic

58 2429 166 2509 igitur,
200 2444 280 2504 quae
301 2426 357 2487 fuit
379 2446 473 2488 causa
501 2428 624 2487 amandi
646 2425 741 2488 Iaenb
769 2434 800 2486 et
827 2425 899 2485 odio
927 2425 981 2485 ha-

59 2508 151 2572 bendi
174 2508 258 2570 Esau
284 2510 365 2589 apud
388 2511 502 2589 Deum,
537 2529 604 2570 cum
632 2508 832 2569 illinendum
856 2507 981 2568 essent?

58 2593 124 2656 Iam
149 2599 181 2653 et
201 2591 274 2653 illud
297 2593 406 2654 falsum
430 2599 490 2672 est,
524 2592 606 2673 quod
630 2592 798 2653 Malachiae
821 2591 919 2651 solum
943 2590 982 2651 de

59 2677 247 2757 temporaria
268 2675 435 2738 afflictione
457 2675 615 2757 loquatur,
648 2675 770 2735 necilli
796 2693 844 2734 res
874 2680 922 2734 est
943 2673 982 2734 de

59 2759 221 2822 Mamaea
242 2757 445 2835 destruenda,
478 2765 637 2839 totumque
665 2758 835 2838 prophetae
858 2775 981 2817 sensnm

11 2870 16 2881 ·
59 2842 209 2924 pervertis
230 2842 290 2902 hac
310 2842 468 2906 industria.
507 2842 662 2923 Propheta
684 2842 860 2902 clarissimis
883 2839 982 2900 verbis

59 2927 134 2987 satis
157 2924 283 3004 indicat,
306 2925 377 3005 quid
400 2925 482 3001 velit,
514 2945 625 3006 nempe
646 2923 795 2987 Israelitis
818 2922 985 3003 exprobrat

59 3008 320 3090 ingratitudinem,
343 3007 436 3087 quod,
457 3027 524 3068 eum
540 3027 594 3069 ecs
610 3008 760 3086 dilexerit,
781 3008 825 3067 illi
848 3007 983 3067 vicissim

60 3111 162 3173 neque
187 3090 316 3169 diligant
338 3101 371 3153 ut
392 3097 527 3172 patrem,
560 3110 660 3170 neque
682 3091 810 3154 timeant
832 3099 864 3151 ut
887 3090 983 3150 domi-

60 3195 143 3238 num.
188 3174 343 3236 Dilexisse
376 3182 478 3236 autem
508 3193 542 3235 se
578 3174 702 3253 probat,
735 3182 797 3233 tam
827 3170 984 3252 Scriptura

61 3277 153 3338 qnam
166 3276 271 3337 opere,
292 3277 405 3339 nempe
427 3257 521 3337 quod,
535 3277 604 3317 eum
618 3257 710 3318 Iacob
733 3263 763 3316 et
776 3257 857 3316 Esau
881 3263 985 3316 essent

61 3342 179 3417 fratres,
202 3346 235 3401 ut
256 3341 360 3402 Moses
383 3341 488 3402 scribit
508 3340 605 3405 Gene.
628 3339 678 3417 25,
699 3339 795 3402 Iacob
816 3345 919 3400 tamen
942 3338 984 3398 di·

62 3424 175 3487 lexerit
196 3428 227 3484 et
240 3424 376 3505 elegerit,
392 3432 556 3503 antequam
573 3429 757 3502 nasceretur,
779 3423 859 3483 sicut
870 3421 984 3482 dictum

136 3711 168 3774 *)
188 3708 306 3765 lllalaah.
326 3711 351 3765 1.
379 3710 410 3781 1)
432 3709 463 3764 ln
483 3706 527 3765 ed.
548 3709 605 3764 len.
624 3707 670 3763 hic
688 3706 805 3781 margini
823 3706 984 3778 inscriptum

64 3784 118 3837 set:
138 3780 277 3838 erramus.
687 3790 690 3795 ·
