2348 4162
263 246 300 303 ad
318 247 353 303 D.
371 247 513 303 Erasmum
532 244 756 302 Rotsrodarnum.
815 232 818 237 ’
896 215 991 310 ο299-
1031 279 1064 287 ..
1143 280 1147 287 -

46 425 101 480 'ast
124 438 165 479 su
188 436 297 497 carus,
319 435 392 478 caro
415 423 477 495 est,
499 416 580 496 qnod
604 422 708 477 natum
730 422 777 477 est
799 435 838 477 ex
861 416 978 494 spiritu,

55 503 180 582 spiritus
202 507 256 563 est.
300 500 389 561 Hunc
410 500 526 580 locum,
556 501 606 579 qui
637 498 794 560 evidenter
815 499 979 573 convincit,

55 586 84 646 id
108 584 193 664 quod
223 603 262 643 ex
295 585 401 663 spiritu
432 591 536 644 uatum
570 602 631 643 uon
659 588 722 660 est,
756 601 877 643 carnem
901 601 978 660 esse,

56 667 173 745 alioqui
196 667 317 747 partitio
342 666 453 727 Christi
480 685 541 726 non
566 665 759 740 subsisteret,
798 666 848 743 qui
872 683 979 724 omnes

57 751 196 811 homiues
218 751 248 810 iu
269 748 332 817 ‚duo
356 749 473 827 dividit,
494 751 523 809 in
537 768 660 809 carnem
675 749 870 827 etspiritum3
899 748 980 807 huuc

56 835 148 914 igitur
169 833 283 909 locum,
306 834 394 911 qussi
417 841 447 893 le
469 851 531 893 non
546 831 658 894 doceat
681 830 762 911 quod
786 832 874 912 petis,
896 830 979 890 forti·
1035 862 1038 869 ·

58 924 103 978 ter·
126 916 247 995 transis,
270 918 302 977 st
323 915 467 976 aliorsum
492 926 521 975 te
534 916 666 995 proripis
689 934 774 975 more
798 914 862 992 luo,
888 913 979 974 dissc-

58 1019 127 1061 rsus
159 998 279 1059 interim
302 996 470 1060 Iohannem
495 998 613 1073 dicere,
652 996 813 1067 credentes
850 1017 890 1056 ex
912 997 979 1057 Dso

57 1082 140 1145 nasci
164 1100 203 1142 ac
223 1081 304 1143 illios
328 1082 382 1142 Dei
405 1081 486 1158 fieri,
512 1082 574 1141 imo
599 1082 680 1142 Deos
710 1087 741 1141 et
762 1099 874 1141 novam
898 1098 979 1140 crea·

56 1174 164 1227 turam.
208 1164 277 1226 Non
301 1164 372 1251 quid
396 1165 519 1244 partitio
542 1164 708 1226 concludat
730 1183 833 1238 ouras,
856 1162 910 1223 sed
929 1163 978 1242 qui

57 1250 170 1310 sintin
203 1256 292 1328 parts
322 1248 418 1308 altera
455 1248 625 1328 partitionis
661 1249 768 1308 otiosis
799 1246 898 1308 verbis
921 1265 980 1307 nos

57 1331 163 1407 docss,
184 1331 335 1392 rhetorica
357 1337 409 1391 tus
430 1330 513 1408 fisus,
536 1331 622 1409 quasi
645 1348 736 1391 nemo
759 1331 809 1407 sit,
834 1331 885 1410 qui
899 1331 981 1391 hanc

57 1414 269 1475 transitionem
304 1422 334 1473 st
364 1413 636 1474 dissimulationem
667 1420 729 1472 tam
765 1413 907 1473 callidam
942 1413 980 1473 sit

57 1497 286 1559 observaturus.
1011 1494 1014 1499 '

61 1614 64 1621 ·
142 1579 345 1640 Difficilsest
368 1585 397 1638 tc
418 1578 479 1638 hoc
501 1577 571 1639 loco
595 1597 656 1638 non
680 1577 841 1639 subdolum
864 1584 895 1638 et
916 1596 980 1636 ver·

56 1663 195 1744 sipsllsm
219 1662 354 1740 credere,
375 1662 425 1740 qui
448 1662 528 1721 enim
544 1661 715 1741 Scripturas
738 1680 776 1721 sa
798 1660 872 1722 colit
895 1661 980 1721 vafri-

28 1812 30 1818 ,
56 1748 97 1808 tia
121 1752 153 1807 st
174 1744 345 1825 hypocrisi,
379 1763 440 1823 qua
461 1751 491 1804 tu
515 1745 608 1823 colis,
631 1746 655 1803 is
679 1763 785 1805 secure
807 1744 920 1825 poterit
941 1742 980 1803 de

56 1849 90 1889 ss
112 1828 270 1907 confiteri,
306 1827 468 1906 Scripturis
504 1837 573 1887 sese
595 1827 731 1887 nondum
755 1846 824 1887 esse
846 1826 980 1901 doctum,

56 1912 137 1973 sella
159 1917 261 1972 autem
285 1910 405 1986 doceri,
427 1929 496 1970 cum
519 1909 593 1970 nihil
617 1908 691 1973 velit
713 1911 830 1987 minus,
853 1911 982 1970 ethaeo

56 2002 175 2056 tautum
197 1995 311 2075 garriat
333 1992 371 2054 sd
395 1993 611 2055 contumeliam
642 1994 716 2053 lucis
739 1994 928 2054 clarissimae
949 1993 978 2051 in

54 2077 238 2158 Scriptur'is,
261 2085 291 2138 et
315 2075 353 2136 ad
377 2095 463 2135 suam
486 2079 683 2157 pertinaciam
707 2076 887 2139 ornandam.
930 2074 981 2135 Sic

55 2160 162 2223 ludaei
185 2178 284 2240 usque
314 2160 344 2240 in
369 2150 549 2220 hodiernum
572 2159 654 2222 diem
677 2159 792 2238 dicunt,
816 2159 980 2239 Scripturis

56 2262 119 2305 uon
141 2243 276 2324 probari,
299 2261 378 2321 qnae
400 2241 546 2320 Christus,
569 2242 703 2321 apostoli
719 2251 747 2304 el
771 2243 981 2303 tolaecclssia

56 2327 236 2388 docuerunt.
280 2325 360 2386 Nihil
383 2325 527 2384 haeretici
540 2324 702 2405 Scripturis
715 2333 845 2405 possunt
867 2324 980 2389 doceri.

55 2408 201 2490 Papislse
216 2407 379 2488 Scripturis
402 2406 501 2468 adhuc
523 2427 584 2468 nou
608 2416 679 2468 sunt
700 2407 818 2486 edocti,
841 2409 980 2487 quamvis
1036 2445 1040 2451 ·

56 2494 149 2555 etism
173 2511 252 2553 saxa
274 2490 406 2552 clament
429 2492 597 2555 veritatem.
640 2491 730 2552 Forte
752 2496 916 2570 exspectas
938 2490 981 2549 lo-

58 2594 130 2636 cum
159 2573 363 2654 ascripturis
385 2572 633 2653 producendum,
669 2575 719 2652 qui
747 2575 812 2633 istis
834 2573 928 2632 literis
951 2577 982 2632 st

56 2657 184 2739 syllabis
207 2665 341 2718 constat:
365 2657 438 2716 Pars
461 2657 636 2736 principalis
649 2658 678 2716 in
694 2657 816 2717 homine
839 2661 980 2735 sstcar0,

57 2741 106 2802 vel
128 2741 184 2818 id,
206 2740 288 2821 quod
310 2739 606 2820 praestantissimum
631 2745 678 2800 est
698 2741 729 2799 in
752 2740 895 2816 homine,
934 2745 981 2798 est

57 2843 142 2904 caro,
165 2824 280 2903 alioqui
301 2823 430 2884 invictus
453 2825 552 2883 victor
573 2823 700 2902 iuturus,
723 2828 869 2902 tanquam
891 2822 916 2881 si
935 2821 981 2881 lu·
1043 2870 1046 2875 .

58 2906 127 2987 daci
148 2907 321 2988 postulent,
354 2912 386 2965 ut
419 2925 458 2965 cx
492 2905 649 2986 prophetis
677 2905 847 2985 proferatur
868 2922 981 2980 sermo,

58 2992 109 3069 qui
132 2990 179 3051 bis
202 2989 297 3051 literis
319 2995 454 3050 constet:
477 2985 564 3049 Iesus
587 2988 661 3050 fabri
685 2986 763 3048 filius
789 2988 860 3062 et¹l
885 2988 981 3047 Maris

57 3073 176 3154 virgins
211 3079 300 3133 natus
333 3073 363 3132 in
392 3071 571 3132 Bethlehem
605 3079 652 3132 est
673 3071 800 3131 Messias
834 3077 865 3130 et
901 3070 980 3130 lilius

57 3155 126 3219 Dei.

141 3237 199 3298 Hic
219 3237 269 3297 ubi
294 3243 402 3316 aperta
423 3237 575 3296 sententia
598 3237 728 3317 cogeris,
752 3236 854 3296 literas
876 3240 907 3294 et
922 3234 981 3314 syl-

55 3320 144 3383 labas
168 3320 257 3381 uobis
280 3319 471 3398 praescribis,
496 3338 570 3398 quas
594 3321 801 3399 proteramus,
837 3317 906 3378 alibi
931 3316 981 3376 ubi
1072 3381 1075 3385 ,

57 3410 89 3464 et
111 3403 207 3465 literis
228 3409 260 3464 et
281 3404 432 3464 sententia
456 3403 598 3482 vinceris,
622 3409 746 3483 tropos,
769 3402 869 3463 nodos
887 3407 918 3460 et
938 3401 981 3460 iu·

56 3487 294 3568 terpretationes
317 3505 410 3548 sanas
431 3486 544 3564 habes,
577 3505 725 3566 nusquam
763 3503 825 3546 nou
852 3484 982 3561 iuvenis,

130 3754 162 3820 1)
183 3753 216 3808 Iu
235 3751 281 3810 sd.
298 3752 369 3808 Ian:
389 3767 432 3808 sx.
492 3796 495 3801 ,
