2348 4162
87 288 93 293 .
131 250 173 318 24
421 251 582 336 Eremplum
602 249 760 324 theologiae

131 418 314 505 hicverc1)
339 441 417 483 unua
441 428 488 484 sat
514 420 623 485 florum
647 423 767 486 Rosarii
788 423 866 486 illius
888 429 950 486 tam
973 423 1048 487 cele·

131 507 209 569 bruti
233 506 314 588 apud
336 506 416 570 illos.

214 590 350 672 Expedit
377 591 502 670 insuper
530 589 689 670 omnibus,
722 593 899 669 praesertim
932 591 1049 652 adolos-

131 674 270 735 centibus
292 679 323 735 et
344 674 464 756 puellis,
485 693 577 735 nosse
593 680 624 734 et
635 673 820 749 meminisse,
844 674 950 754 quales
970 673 1069 735 Doc·

132 764 214 818 tores
237 764 268 818 et
290 758 453 837 magistros
476 756 531 817 sub
549 757 665 837 Papatu
688 756 893 834 habuerimus,
916 764 946 818 at
967 755 1050 836 quali

131 839 290 902 doctrinae
312 860 424 922 genere
447 841 585 920 oppressi
608 841 768 917 fuerimus,
790 847 823 901 ut
843 862 898 922 per
919 840 1049 902 antithe-

109 926 178 986 sin
200 944 255 984 seu
278 926 489 1003 oppositorum
519 925 780 1004 comparationem
810 924 919 984 elarius
941 923 1049 984 intelli-

131 1027 239 1086 gamus
267 1005 387 1069 divitias
415 1013 445 1067 et
475 1006 715 1087 magnitudinem
746 1009 862 1088 gratiae
885 1007 956 1087 Dei,
990 1025 1051 1086 qua

131 1110 189 1153 nos
211 1091 353 1171 respexit·
371 1089 471 1151 denuo
493 1091 689 1168 miserrimos,
713 1097 744 1151 et
757 1091 937 1152 illuminavit
955 1088 1050 1151 verbo

132 1193 187 1234 suo
211 1180 319 1235 sancto
342 1181 373 1234 et
393 1192 470 1252 puro
498 1174 671 1235 cumomni
700 1173 886 1235 abundantia
910 1173 1054 1234 benedic.

131 1258 223 1317 tionis
246 1276 319 1318 suae
339 1256 496 1334 coelestis,
519 1257 608 1316 simul
630 1263 662 1316 ut
684 1258 714 1317 in
728 1264 882 1338 posterum
898 1258 1051 1319 cautiores

131 1339 297 1401 reddantur
318 1339 358 1401 ad
380 1340 506 1401 vitanda
520 1345 656 1400 monstra
679 1345 782 1402 tantae
803 1340 1051 1402 abominationis.

130 1423 214 1484 Deus
243 1422 310 1505 det,
352 1430 385 1484 ut
419 1429 536 1484 tantum
566 1431 684 1484 crescat
720 1422 823 1484 odium
851 1430 987 1484 nostrum
1021 1428 1052 1483 et

131 1526 248 1568 nausea
269 1509 297 1567 in
319 1507 409 1568 istam
433 1505 708 1584 abominationem,
738 1514 883 1587 qnantum
913 1525 1052 1568 cresccre

14 1666 16 1670 Α
132 1589 223 1651 debet
244 1590 398 1671 gratitudo
428 1596 532 1651 nostra
561 1595 592 1650 et
612 1609 699 1650 amor
721 1608 794 1670 erga
816 1590 949 1651 divinam
972 1589 1052 1650 bunc

132 1673 371 1736 misericordiam
405 1675 435 1734 in
459 1673 579 1734 Christo
615 1673 704 1734 nobis
734 1673 889 1738 donatam.
935 1674 991 1735 Cui
1013 1673 1058 1735 sit

130 1756 197 1816 laus
220 1763 250 1818 et
271 1756 370 1838 gloria
391 1757 421 1817 in
446 1757 550 1818 omnia
571 1757 686 1838 secula,
711 1760 836 1825 Amen..

131 1964 255 2054 Sermo
301 1968 423 2058 eximii
459 1964 629 2078 Magistri
664 1969 780 2079 nostri
819 1972 846 2058 1.
886 1967 931 2052 a.
962 1966 1052 2052 Pro·

132 2081 271 2143 vincialis
294 2080 408 2141 ordinis
432 2081 692 2158 Praedicatorum,
712 2083 743 2143 in
767 2102 838 2162 quo,
857 2082 911 2162 pie
931 2081 1052 2159 Lector,

129 2164 248 2244 insigna
271 2163 445 2244 exemplum
474 2165 586 2244 impiae
613 2170 645 2225 et
670 2164 870 2246 blasphemae
895 2165 926 2225 in
950 2163 1050 2226 Deum
1089 2194 1092 2199 ·

212 2255 243 2308 et
266 2247 417 2309 Christum
440 2246 597 2328 doctrinae
618 2244 787 2330 papisticae
810 2248 909 2310 carnis
924 2243 967 2330 ²).
1031 2320 1039 2332 „

453 2416 457 2421 ·
512 2396 664 2460 Thema.

129 2516 391 2603 offerentum)
406 2521 533 2602 Regi2)
553 2521 763 2602 virgines*)
788 2527 876 2600 post
897 2518 1075 2605 eum**).,

179 2622 185 2629 ¹
211 2642 325 2706 Glossa
348 2645 531 2726 magistralis
553 2663 643 2725 super
664 2632 737 2704 illud
758 2644 992 2706 Proverbiorum
1015 2647 1050 2710 3:

29 2798 35 2805 .
128 2726 254 2788 Honora
284 2726 385 2790 Deum
421 2728 459 2788 da
494 2735 546 2788 tua
582 2727 768 2804 substantia,
804 2727 891 2788 dicit:
927 2728 1048 2808 aenea)

128 2809 231 2887 offert,
266 2812 317 2890 qui
341 2811 379 2872 de
410 2812 471 2871 suis
502 2810 580 2871 bene
608 2811 764 2888 acquisitis
785 2808 899 2889 bonis,
933 2811 1050 2892 melius,

127 2893 324 3038 gueiodpffgptis
349 2894 438 2955 bonis
461 2892 621 2973 operibus,
655 2893 803 2982 optime„
820 2894 871 2972 qui
893 2912 927 2954 se
949 2895 1050 2973 ipsum

207 3175 245 3258 d)
273 3173 304 3227 ln
332 3172 375 3228 ed.
405 3172 461 3228 len.
490 3172 586 3231 deest:
620 3192 693 3234 vcra.
732 3179 767 3262 2)
797 3179 882 3262 Haec·
908 3178 1051 3250 inscriptio

126 3243 824 3391 trattati?dimittaturitti
842 3266 916 3375 llis.
931 3257 1050 3378 tutti:

125 3387 204 3442 cialis
222 3387 286 3442 Ord.
307 3387 523 3443 Predicatorum.
560 3394 593 3456 a)
616 3392 722 3460 idest,
742 3394 885 3461 rapiantur
903 3408 920 3447 a
940 3393 1050 3451 Christo

125 3463 154 3513 st
176 3453 232 3514 fide
257 3458 398 3530 abnegata
426 3461 573 3517 trudantur
597 3462 624 3516 in
650 3464 817 3519 monasteria
825 3466 848 3531 ³)
874 3464 926 3519 sub
954 3466 1049 3536 iugum

125 3530 304 3586 traditionum
324 3537 353 3587 et
371 3547 493 3599 operum.
514 3533 546 3602 3)
560 3533 644 3590 ibid:
666 3535 693 3590 in
712 3535 893 3591 Monasteriis.
913 3536 945 3602 2)
960 3539 988 3591 in
1003 3538 1048 3594 ad.

123 3602 198 3657 Ion:
217 3602 374 3659 Offerantur
391 3603 471 3672 Regi.
502 3605 528 3670 *)
549 3605 566 3659 i.
586 3621 610 3661 e.
629 3608 754 3663 Nonnaa.
783 3609 832 3678 **)
853 3608 870 3662 i.
890 3623 913 3662 e.
933 3608 1047 3663 Mariam

124 3679 152 3728 et
177 3672 322 3732 Christum.
359 3674 392 3738 bl
415 3674 486 3740 Quia
510 3674 645 3745 baptisari
670 3683 698 3735 at
722 3679 835 3739 credere
858 3678 886 3734 in
910 3678 1048 3738 Christum

126 3745 254 3804 estnihil
272 3747 309 3804 ad
327 3745 383 3803 ista
400 3741 544 3805 sacrificia.
