2348 4162
135 254 198 321 212
381 254 519 311 Deserto
536 252 652 311 arbitrio
670 255 705 311 D.
724 254 760 310 lt.
777 254 808 311 L.

137 425 276 506 alligato,
298 434 331 485 ut
353 444 415 486 non
437 427 537 506 possit
548 424 702 485 brachium
725 426 784 485 nisi
805 426 836 485 in
849 424 974 486 laevum
987 442 1054 505 por·

88 568 93 577 ,
135 511 245 588 rigere,
267 509 397 569 dioeret:
419 508 503 569 Ecce
519 509 614 568 babes
627 509 666 568 ad
689 507 828 568 dextram
851 508 957 567 vinum
979 509 1054 588 opfi-

137 611 229 671 mum,
250 590 346 652 habes
368 591 408 651 ad
430 591 552 652 laevam
575 593 730 669 toxicum,
753 599 821 652 utro
856 591 950 669 velis,
985 608 1052 671 por·

135 677 200 754 rige
222 693 356 735 manum.

218 757 319 818 Credo
343 757 396 817 tibi
419 757 600 817 suavissime
624 755 754 817 blandiri
774 758 849 816 istas
872 763 941 816 tuas
975 757 1053 815 simi·

136 839 290 915 litudines,
309 841 364 900 sed
385 840 475 900 simul
498 858 558 900 non
575 839 671 913 vides,
693 841 813 899 sistent
828 836 1053 918 similitudines,

135 924 218 1001 qnod
241 923 337 983 multo
358 923 445 1003 plura
468 923 616 1002 probent,
645 941 736 1001 quam
759 927 891 1002 probare
913 922 1054 999 statuisti,

131 1009 198 1067 imo
220 1005 372 1086 probent,
406 1024 488 1083 quas
519 1010 551 1066 tu
572 1024 670 1085 negas
701 1014 732 1066 et
764 1003 940 1084 improbata
971 1004 1054 1083 velis,

135 1107 247 1168 nempe
270 1087 396 1148 liborum
420 1088 577 1149 arbitrium
616 1089 720 1148 omnin
757 1106 859 1167 posse.
902 1086 1052 1168 Perpetuo

135 1173 215 1231 enim
237 1180 367 1231 tractatu
390 1169 517 1250 oblitus,
550 1171 634 1250 qnod
656 1170 778 1248 dixisti,
809 1169 942 1231 liberum
981 1169 1051 1230 arbi·

135 1256 223 1313 trium
247 1254 321 1313 nibil
343 1271 436 1334 posse
453 1256 521 1314 sine
543 1255 651 1333 gratia,
675 1253 799 1334 probas,
821 1252 905 1332 quod
927 1252 1053 1315 liberum

134 1335 289 1397 arbitrium
313 1339 416 1398 omnia
438 1338 537 1417 possit
557 1338 623 1396 sine
644 1337 752 1415 gratia.
779 1335 859 1396 Nam
881 1336 945 1397 hcc
966 1334 1054 1397 effici·

94 1494 98 1503 Ι
135 1428 188 1478 unt
209 1419 355 1498 sequelae
382 1427 414 1479 et
434 1420 646 1479 similitudines
668 1430 755 1496 tuae,
791 1427 824 1478 ut
844 1430 899 1479 aut
928 1418 1053 1479 liberum

134 1502 289 1562 arbitrium
311 1521 345 1562 se
367 1503 485 1563 eoloea
497 1505 604 1582 possit,
626 1521 706 1580 quae
728 1502 868 1561 dicuntur
888 1510 921 1562 et
941 1519 1054 1582 preec-

133 1586 270 1664 piuntur‚
303 1593 357 1646 aut
384 1586 509 1662 frustra,
543 1585 688 1662 ridicule,
726 1586 944 1665 intempestive
972 1602 1054 1665 prae·

134 1670 293 1747 cipiantur.
334 1668 401 1729 Hae
423 1675 526 1728 autem
549 1675 620 1728 sunt
641 1678 759 1728 veteres
782 1668 957 1728 cantilenae
971 1667 1054 1729 Pela-

133 1752 305 1829 gianorum,
317 1770 394 1829 quae
409 1754 501 1811 etiam
511 1751 675 1832 Sophistae
687 1750 897 1831 exploserunt,
919 1760 1014 1830 atque
1023 1756 1054 1811 tu

133 1836 200 1913 ipse
222 1834 384 1896 damnasti.
427 1834 488 1895 Sed
511 1836 629 1895 interim
659 1834 815 1914 significas
853 1833 915 1894 hac
949 1833 1054 1894 oblivi-

134 1918 251 1976 scentia
264 1922 295 1976 et
311 1918 394 1976 mala
406 1919 553 1978 memoria
564 1925 624 1993 tua,
647 1935 738 1995 quam
752 1916 827 1977 nihil
839 1917 888 1977 vel
898 1917 1054 1996 intelligas

134 2000 183 2058 vel
198 1999 340 2059 alliciaris
355 2018 477 2063 causae.
501 1998 581 2074 Quid
592 2001 672 2059 enim
687 2000 804 2080 turpius
816 1998 942 2082 rhetori,
965 2017 1053 2079 quam

133 2092 283 2161 perpetuo
305 2082 407 2142 aliena
429 2103 447 2142 a
469 2091 549 2143 statu
572 2101 685 2143 causae
708 2091 839 2144 tractare
859 2091 893 2144 et
913 2084 1053 2164 probare,

135 2166 198 2224 imo
221 2174 328 2227 contra
350 2184 475 2226 oausam
498 2175 528 2225 et
549 2185 584 2226 se
604 2167 704 2246 ipsum
725 2185 848 2246 semper
870 2164 1052 2227 declamare

218 2248 294 2308 Dico
326 2250 420 2330 igitur
451 2248 569 2309 denuo:
593 2249 695 2309 Verba
716 2248 892 2329 Scripturas
923 2249 1053 2309 adducta

135 2349 190 2408 per
211 2340 241 2390 te
263 2339 334 2392 sunt
354 2333 549 2411 imperativa,
581 2341 612 2392 et
633 2332 707 2392 nihil
727 2330 875 2413 probant,
897 2332 973 2393 nihil
995 2340 1052 2392 sta·

135 2421 222 2473 tuunt
239 2414 277 2474 de
295 2415 408 2475 viribus
429 2416 580 2491 humanis,
602 2416 656 2474 sed
679 2414 893 2496 praescribunt
913 2413 1052 2476 facienda

134 2504 165 2556 et
187 2496 365 2557 omittenda.
407 2495 569 2575 Sequelae.
584 2517 656 2558 vero
689 2498 737 2559 vel
767 2497 944 2558 additiones
967 2499 1051 2559 etei·

135 2581 319 2640 militudines
341 2589 423 2657 tuae,
445 2584 472 2639 si
495 2582 568 2660 quid
581 2583 722 2661 probant,
745 2581 961 2662 probanthoc,
980 2580 1050 2642 'libe

133 2682 199 2722 rum
223 2664 377 2725 arbitrium
401 2666 505 2724 omnia
526 2682 620 2744 posse
642 2666 707 2724 sine
729 2666 843 2744 gratia,
865 2663 971 2725 athos
988 2681 1050 2745 pro

133 2744 267 2805 bandum
290 2765 352 2807 non
376 2755 422 2806 est
443 2754 509 2807 ate
518 2757 704 2827 susceptum,
726 2749 790 2807 imo
804 2756 963 2828 negatum,
983 2745 1049 2807 ideo

132 2828 331 2907 probationes
352 2830 501 2890 eiusmodi
524 2832 606 2891 aliud
629 2832 702 2891 nihil
723 2837 803 2907 sunt,
825 2848 918 2910 quam
939 2832 1051 2912 impro-

133 2911 275 2970 bationes
297 2912 491 2975 fortissimae.
535 2913 568 2974 Si
590 2915 670 2974 enim
694 2932 822 2993 arguam
846 2914 892 2994 (si
914 2914 1050 2975 fortsvc

132 3000 251 3053 ternum
273 2994 415 3055 diatribes
438 2997 573 3057 excitare
595 3003 736 3076 queam),
760 2997 831 3056 dum
845 2997 950 3057 Moses
967 2996 1049 3057 dicit:

132 3074 222 3154 Elige
245 3077 336 3138 vitam
366 3086 397 3138 et
429 3097 518 3139 serva
541 3080 735 3157 mandatum,
758 3081 814 3139 nisi
836 3079 934 3141 homo
957 3078 1050 3161 possit

133 3158 246 3238 eligere
268 3164 361 3221 vitam
395 3168 426 3221 et
448 3181 572 3222 servare
596 3163 783 3241 mandatnm,
805 3163 935 3224 ridicule
952 3163 1049 3223 Moses

132 3240 208 3303 illud
230 3242 347 3304 homini
369 3247 577 3324 praeciperet,
608 3244 744 3326 nunquid
778 3248 837 3306 isto
868 3252 1047 3327 argumento

131 3327 271 3404 probavi,
293 3327 420 3387 liberum
441 3327 596 3388 arbitrium
619 3331 693 3388 nihil
715 3347 809 3409 posse
824 3328 906 3401 boni,
930 3338 983 3389 ant
1000 3329 1048 3389 ba·

133 3409 204 3468 bere
225 3417 369 3470 conatum
393 3412 459 3471 sine
481 3412 543 3470 suis
566 3412 700 3473 viribus?
736 3411 804 3473 Imo
828 3410 959 3492 probavi
981 3430 1047 3473 con·

132 3493 270 3551 tentione
282 3496 355 3553 satis
368 3494 447 3573 forti,
471 3494 689 3555 authomlnem
703 3513 798 3576 posse
819 3494 937 3577 eligere
960 3498 1046 3563 vitan

131 3580 162 3632 et
184 3593 307 3636 servare
330 3577 523 3658 mandatum,
546 3581 625 3639 siout
645 3580 848 3664 praecipitur,
869 3586 924 3640 aut
944 3580 1045 3646 Mosen

131 3673 200 3717 esse
222 3657 381 3719 ridiculum
402 3668 654 3741 praeceptorem,
686 3664 740 3724 sed
758 3665 866 3725 Mosen
889 3662 1043 3729 ridiculum

130 3750 363 3823 praeceptorem
396 3763 464 3805 esse
502 3746 569 3826 quis
602 3748 714 3810 audeat
747 3750 869 3813 dicere?
907 3752 1045 3834 Sequitur
