2348 4162
123 242 187 310 320
365 244 406 301 De
424 258 507 301 servo
526 243 642 299 arbitrio
660 244 696 298 1).
713 242 750 301 ii.
769 240 816 299 [ιζ

124 416 235 478 deindo
257 414 382 476 difficile
403 434 488 495 esse,
521 422 554 476 ut
586 414 810 496 misericordia,
846 415 910 476 imo
931 414 1052 475 iustitia

125 502 181 561 Dei
203 499 397 579 defendatur,
420 500 446 560 si
469 499 552 560 Deus
576 499 751 560 necessario
772 504 940 579 peccantes
963 496 1049 558 dam·

124 590 186 665 nst,
209 591 240 644 st
260 585 321 645 alia
342 581 550 662 incommoda,
573 602 652 662 qums
674 589 852 664 sequuntur,
875 600 1050 662 quassum

125 686 192 728 mos
213 669 296 728 viros
318 669 360 727 ita
382 674 552 748 movemnt,
575 672 609 726 ut
629 672 661 727 st
681 665 909 727 subverterunt:

206 751 253 811 De
274 751 322 811 his
345 749 486 812 omnibus
514 749 700 810 reddidimus
722 750 861 829 superius
883 749 1049 829 rationem,

125 853 183 894 nec
206 836 337 914 patimur
371 852 472 912 neque
496 835 660 913 recipimus
687 834 930 893 mediocritatem
952 832 1046 913 iilam,

124 936 215 996 quam
238 917 327 978 nobis
349 917 482 977 consulit
503 915 597 994 bono,
619 923 651 977 ut
666 916 769 997 credo,
792 918 906 997 animo,
928 915 1048 977 scilieet

125 1009 156 1063 ut
179 1000 275 1062 libero
298 1000 423 1061 arbitrio
446 999 645 1080 perpusillum
668 999 892 1078 concedamus,
914 1017 978 1079 quo
1001 999 1045 1060 ia·

124 1084 211 1144 cilius
233 1084 403 1164 pugnantia
425 1082 600 1163 Scripturas
623 1090 655 1144 et
667 1082 866 1144 incommoda
888 1081 1044 1162 praedicta

123 1167 284 1247 tollantur,
316 1186 386 1227 nam
419 1169 478 1227 ista
508 1166 720 1228 mediocritate
747 1165 822 1226 nihil
859 1172 907 1227 est
934 1184 1045 1227 causas

124 1250 314 1329 consultum,
348 1267 449 1327 neque
477 1250 641 1329 quidquam
664 1250 851 1330 proiectum,
881 1250 941 1309 nisi
965 1250 1042 1310 enirn

124 1339 220 1393 totum
251 1337 283 1394 et
312 1335 417 1395 omnia
443 1332 539 1394 libero
562 1334 687 1394 arbitrio
709 1332 866 1410 tribueris,
900 1332 1041 1412 exemplo

124 1416 376 1497 Pelagianorum,
416 1424 519 1477 monet
548 1418 745 1479 nihilominus
768 1416 946 1496 Scripturas
970 1435 1041 1497 pug-

125 1503 238 1578 nantia,
262 1500 377 1560 tollitur
399 1501 538 1560 meritum
562 1506 593 1561 et
614 1502 793 1581 praemium,
816 1499 934 1559 tollitur
956 1500 1041 1559 mise·

124 1583 256 1644 ricordic
278 1589 309 1644 et
328 1584 444 1643 iustitia
456 1583 514 1644 Dei
535 1591 566 1644 ct
577 1585 681 1645 omnia
697 1589 822 1644 manent
835 1581 1040 1663 incommoda,

124 1685 203 1745 quae
231 1668 328 1727 vitare
360 1666 502 1727 volumus
534 1687 589 1747 per
611 1667 696 1728 liberi
723 1665 837 1727 arbitrii
860 1664 1040 1727 modicniam

124 1757 154 1810 et
196 1749 385 1811 inefficacem
420 1751 497 1828 vim,
534 1757 568 1811 ut
598 1752 672 1811 satis
707 1748 925 1827 docuimusl).
972 1748 1040 1809 ideo

5 1824 17 1872 '·
124 1833 162 1894 ad
186 1839 325 1894 extrema
345 1833 478 1894 eundum
503 1841 565 1913 est,
593 1841 632 1894 ut·
647 1840 745 1895 totum
767 1839 897 1912 negetur
918 1831 1039 1893 iibsmm

124 1915 280 1980 arbitrium
311 1923 342 1977 et
369 1918 473 1978 omnis
502 1918 540 1978 ad
563 1917 660 1977 Deum
683 1918 867 1996 referantur,
905 1917 952 1975 sic
983 1934 1038 1976 nou

124 1999 304 2081 pugnabunt
315 1999 500 2081 scripturae,
514 2007 545 2061 et
554 2001 763 2079 incommoda,
774 2001 799 2061 si
810 2017 874 2061 nou
886 2000 1039 2074 tolluntur,

123 2083 267 2146 feruntur.

207 2167 274 2228 Hoc
296 2173 397 2228 autem
420 2166 585 2248 deprecor,
621 2170 660 2229 mi
682 2170 825 2250 Erasme,
858 2187 917 2229 nec
938 2168 1038 2229 credas

125 2271 174 2312 me
196 2244 320 2312 causn'm
338 2250 418 2311 hanc
439 2251 540 2313 studio
564 2254 670 2334 magis,
693 2272 783 2333 quam
806 2251 920 2313 iudicio
943 2270 1036 2333 ogere.

123 2335 192 2396 Non
216 2336 317 2415 patior
338 2353 387 2394 me
409 2335 577 2396 insimulari
599 2339 664 2396 eius
687 2337 873 2417 hypocrisis,
902 2343 937 2395 ut
957 2336 1036 2395 niiter

124 2419 253 2479 sentiam
287 2425 318 2478 et
347 2418 435 2478 aliter
456 2419 604 2497 scribam,
637 2439 695 2479 nec
732 2419 919 2501 defensionis
942 2419 1037 2478 calore

125 2503 173 2583 (ut
195 2508 226 2562 tu
250 2500 357 2562 scribis
380 2500 419 2561 de
441 2501 507 2583 me)
537 2502 598 2562 huc
619 2509 783 2582 provectus
805 2521 887 2576 sum,
910 2508 943 2561 ut
964 2516 1036 2560 nunc

124 2587 253 2664 primum
277 2603 387 2665 negem
409 2591 507 2645 totum
519 2584 647 2645 liberum
662 2585 706 2667 ²),
730 2587 781 2665 qui
803 2593 895 2647 antea
906 2580 1035 2645 nonnihil

123 2668 164 2727 iiii
188 2669 352 2733 tribuerim.
395 2668 461 2728 Nec
490 2669 551 2729 hoc
578 2676 610 2729 tu
638 2671 757 2750 uspiam
781 2669 853 2729 mihi
880 2670 910 2728 in
934 2666 1035 2728 libellis

124 2753 199 2811 meis
222 2751 376 2830 ostendes,
399 2753 475 2814 scio.
498 2751 631 2812 Exstant
642 2753 778 2812 themata
798 2759 829 2813 et
841 2751 1034 2832 problemata,

122 2835 286 2914 inquibus
318 2841 467 2914 perpetuo
502 2836 618 2896 asserui
655 2837 801 2915 usquein
824 2835 905 2895 hanc
927 2835 1033 2909 horam,

124 2917 249 2977 iiberum
273 2919 428 2978 arbitrium
452 2937 521 2978 esse
548 2919 622 2978 nihil
645 2925 676 2978 et
696 2938 760 2979 rem
783 2916 835 3000 (so
859 2919 954 2978 verbo
978 2924 1030 2977 tum

123 3001 246 3076 utebar)
272 3000 400 3061 desolo
423 3001 522 3062 titulo.
565 3002 703 3063 Veritate
731 3003 828 3061 victus
858 3008 889 3062 et
911 3001 1033 3080 disputa·

123 3084 207 3144 tione
229 3091 415 3164 provocatus
437 3104 474 3144 ac
496 3085 673 3165 compulsus
703 3086 748 3145 sic
768 3086 851 3145 sensi
873 3090 905 3145 et
926 3082 1031 3160 scripsi.

123 3165 213 3242 Quod
236 3176 337 3229 eutem
360 3170 571 3229 vehementius
593 3171 724 3250 egerim,
752 3189 892 3251 agnosco
911 3170 1032 3251 culpan,

123 3252 149 3309 si
171 3253 260 3332 cuipa
284 3258 348 3333 est,
371 3254 431 3313 imo
455 3254 663 3314 testimonium
699 3254 760 3315 hoc
782 3253 853 3314 mihi
875 3255 906 3314 in
929 3252 1031 3313 mundo

122 3335 208 3395 reddi
231 3338 262 3396 in
286 3355 379 3396 causa
398 3336 467 3415 Dei,
491 3335 616 3397 mirifice
638 3337 770 3418 gaudeo.
813 3337 917 3418 Atque
929 3339 1031 3398 utinam

124 3422 240 3499 etipse
262 3420 346 3480 Deus
368 3420 398 3481 id
421 3422 588 3482 testimonii
615 3423 646 3481 in
671 3423 840 3483 novissimo
863 3420 913 3482 die
935 3416 1031 3481 conflr

184 3590 343 3597 ——-.....——-
361 3592 365 3596 -
372 3592 541 3600 .—-....-.—

195 3675 226 3744 1)
248 3675 279 3728 In
298 3672 340 3729 sd.
361 3675 431 3733 1525
450 3681 479 3731 st
496 3674 541 3732 sd.
560 3676 631 3731 lan:
651 3682 682 3731 ut
698 3677 767 3733 satis
786 3690 872 3745 supra
888 3674 1030 3732 docuimus

123 3744 157 3812 2)
176 3746 208 3799 In
226 3745 269 3801 sd.
289 3745 360 3802 Ion:
377 3747 493 3803 liberum
512 3746 665 3804 arbitrium.
