2348 4162
447 265 485 324 A.
504 269 588 328 1530.
923 256 985 335 513Ι

57 433 163 500 faeere
196 455 292 516 quens
326 455 367 497 ιιι
394 427 545 499 universis
578 425 736 519 utriusque
750 427 904 519 seriptis}
922 432 986 500 -Sid¹

58 527 210 601 vagantur
244 520 399 600 allegoriis
433 540 531 582 rerum
555 528 709 602 gestarum
743 529 796 581 eut
825 522 986 602 sepiuntur

58 606 182 684 pompis
203 608 340 683 operum.
382 603 491 685 Neque
513 606 590 666 alius
612 605 720 664 fuisset
740 604 770 666 S.
785 605 983 686 Augustinus,

58 687 117 746 nisi
140 686 296 768 Pelagieni
320 706 389 746 eum
414 688 538 751 tandem
562 689 774 749 exercuissent
795 693 826 746 et
848 686 886 746 sd
909 687 982 749 fidei

56 769 206 830 iustitiam
235 770 380 830 tuendam
404 771 603 851 impulissent
649 769 718 846 Qus
740 770 823 830 luete
845 777 876 830 et
899 789 983 831 exer-

58 853 132 912 uitio
165 854 263 914 evasit
296 873 366 913 vere
401 853 517 915 deuter
533 854 683 915 ecelesiae
723 873 760 913 ιι
797 872 876 934 pens
899 854 983 914 solus

58 944 132 1016 post
153 937 313 1015 apostolos
328 945 358 996 et
380 938 495 1016 primos
509 938 613 998 Patres
635 936 801 1016 ecelesiae,
826 955 887 996 non
901 936 983 1015 quod

57 1019 225 1078 illustribus
249 1010 386 1079 Patribus
409 1020 569 1080 detrahere
592 1021 683 1080 velim
725 1026 756 1079 et
787 1019 896 1079 oeulos
920 1038 984 1080 eor·

57 1103 161 1161 nisum
194 1101 370 1183 sondgere,
404 1109 438 1163 nt
459 1103 665 1183 Hieronymus
699 1105 765 1184 ipse
788 1108 894 1179 voest,
928 1102 983 1163 sed

56 1183 158 1264 quod
164 1192 277 1283 putem·
303 1151 478 1246 adulositns
501 1204 608 1247 omnes
623 1185 653 1261 l)
680 1192 840 1264 oportere,
874 1194 906 1244 ut
928 1184 982 1246 Ps-

56 1277 136 1327 trum
159 1269 272 1364 scripte
304 1286 373 1327 snm
406 1268 519 1328 iudidio
559 1286 659 1347 eoque
691 1266 928 1348 diligentissimo
952 1275 983 1330 et

10 1412 13 1417 ,
56 1352 235 1411 acutissimo
260 1350 414 1430 legemus,
436 1353 551 1412 *seeuti
587 1350 671 1411 illum
694 1351 829 1431 reguiam
854 1350 983 1430 Spiritus

56 1434 175 1499 seneli:
196 1433 308 1499 Omnis
330 1434 481 1514 probate,
491 1441 521 1497 et
542 1435 667 1495 iterum:
696 1433 827 1495 Probate
848 1435 983 1515 spiritus,

56 1525 102 1592 ut
108 1518 207 1593 simus
229 1518 372 1578 animalis
395 1517 524 1598 munds,
553 1517 674 1596 ungulis
696 1515 777 1579 fissis
799 1481 983 1584 insedentiu.

56 1586 149 1676 Quod
183 1601 234 1678 qui
268 1619 328 1659 non
355 1600 471 1661 faciunt
514 1565 654 1661 'videmus
687 1599 810 1678 quentis
844 1601 982 1674 insertus

55 1683 215 1745 doetrinae
235 1684 355 1756 ventis
377 1683 627 1745 circumferentur
666 1691 696 1742 et
717 1683 959 1761 opinionibus
951 1704 981 1745 ιιι

54 1751 207 1835 inlinitum
220 1785 289 1826 sese
299 1767 497 1846 gignentibus
519 1785 638 1827 sursum
654 1765 795 1829 deorsum
819 1767 981 1845 agitentur,

55 1847 355 1929 semperrdissentes
389 1858 419 1909 et
448 1868 602 1928 nunquam
628 1848 666 1909 ed
689 1848 849 1909 seientiam
872 1850 979 1911 verite-

56 1933 94 1993 tis
117 1933 341 2012 pervenientes.
385 1933 424 1997 Et
444 1932 524 1992 haee
545 1937 738 2001 nontantum
758 1931 911 2010 uidemus,
926 1932 981 1993 sed

54 2016 116 2096 ipsi
139 2033 262 2095 quoque
283 2017 402 2095 experti
424 2034 545 2095 sumus,
581 2034 648 2075 cum
681 2016 711 2075 in
745 2014 853 2074 iisdem
886 2015 986 2081 turbis.

55 2097 236 2196 dogmatum
264 2104 448 2178 soleremus,
483 2099 583 2159 donee
604 2098 702 2178 gratie
725 2097 784 2159 Dei
805 2116 863 2158 nos
886 2103 982 2161 trans·

55 2181 177 2242 tulitin
202 2188 323 2261 portum
357 2190 387 2242 et
409 2200 501 2262 supra
523 2181 604 2245 hane
627 2188 740 2241 eertum
765 2187 882 2261 petrem
896 2181 978 2242 sedi·

11 2262 176 2363 florevit,
212 2271 243 2324 ut
265 2267 339 2326 certi
362 2267 472 2344 simus,
506 2265 578 2344 quid
602 2263 783 2342 debeamus,
812 2263 981 2344 diseamus,

11 2309 237 2430 'lusissemus
259 2367 317 2408 nes
339 2349 454 2408 ultra'
431 2367 476 2406 ιιι
488 2347 680 2408 fluctuemus
723 2344 826 2420 Quare
851 2354 879 2406 te
893 2366 981 2427 rogo,

57 2438 91 2491 ut
112 2449 234 2512 pergas,
257 2432 372 2510 optime
398 2431 509 2505 Brenti‚
532 2431 620 2489 sicuti
636 2429 722 2508 fecis,
745 2429 826 2488 huns
839 2429 942 2489 losum
952 2427 980 2511 ²)
1002 2493 1007 2505 ,

57 2521 183 2589 ιιιιιιιιι
204 2523 234 2574 ιι
256 2521 352 2593 nsque
373 2513 412 2574 sd
438 2477 592 2573 festidium
616 2530 725 2592 urgere
747 2531 802 2592 per
825 2514 929 2573 omnia
951 2521 981 2573 et

56 2583 232 2677 ubieunque
254 2595 379 2677 poteris
422 2596 499 2656 Nem
522 2596 630 2676 plenus
643 2602 689 2654 est
711 2594 787 2654 alies
810 2597 979 2657 sstistotus

57 2680 189 2741 mundns
209 2679 438 2758 scribentibus,
460 2678 672 2757 elsmsntibus,
695 2676 896 2756 sudentibus,
928 2678 981 2758 qui

57 2763 149 2825 uelde
172 2763 290 2824 sortiter
311 2763 393 2823 hune
407 2763 516 2823 locum
539 2724 715 2842 negligubt3
739 2760 825 2822 multi
848 2761 982 2842 denique

56 2854 297 2927 persequuntur,
327 2846 449 2926 plurimi
474 2845 560 2923 (eum
583 2843 666 2905 uliud
689 2861 802 2904 nouere
823 2863 886 2906 non
910 2863 986 2925 pos·-

35 2927 136 3012 sint)
162 2928 343 2991 :obscurent
371 2948 408 2989 ιι
430 2935 636 3007 corrumpunt.
679 2926 744 2986 Nee
766 2929 885 3025 mirum,
907 2947 979 2988 narn

57 3012 115 3075 hie
141 3019 188 3073 est
220 3012 402 3075 illsmnieus
424 3013 600 3074 ¹sslesnens
622 3011 747 3071 seminis
771 3013 832 3070 snti
857 3030 897 3072 uo
919 3028 981 3072 ser·

57 3096 142 3176 penti
164 3095 365 3176 adversantis,
389 3096 441 3175 qui
464 3100 557 3175 eaput
569 3113 634 3155 erus
657 3094 804 3156 conterit.-
836 3029 919 3155 ldeo
934 3113 981 3154 su·

48 3190 120 3241 ten·
132 3197 235 3239 rursus
268 3198 331 3240 non
354 3184 459 3258 potest
480 3197 542 3238 non
566 3176 664 3238 eidem
678 3176 823 3239 insidiari
869 3177 985 3238 Verum·

56 3263 115 3324 etsi
137 3269 250 3323 nosest
271 3261 391 3322 insidiis
426 3259 550 3321 infinitis
582 3266 613 3321 et
635 3261 901 3341 pertinacissimis,
935 3267 985 3358 ιιιΙ

57 3365 127 3407 men
150 3345 275 3406 vincere
304 3353 334 3404 et
370 3354 529 3405 eonterere
551 3362 613 3403 non
636 3349 754 3425 potest,
789 3342 868 3404 sieut
889 3345 982 3424 serip-

56 3435 121 3492 tum
145 3436 211 3491 estt
233 3428 335 3508 lpsum
359 3434 497 3488 conteret
510 3434 602 3507 eaput
614 3433 708 3487 tuum.
751 3425 982 3506 Nonestserip·

56 3519 135 3576 tum:
157 3508 203 3572 Tu
226 3511 407 3577 eslesnenm
430 3509 481 3572 vel
502 3518 595 3594 eaput
616 3511 682 3570 eius
698 3516 850 3575 conteres.
875 3509 981 3621 Gratis

56 3695 163 3824 sumto)
183 3693 324 3752 deWette
352 3709 404 3750 nos
424 3709 532 3751 omnes
568 3695 600 3760 2)
623 3693 713 3749 idem·
741 3692 814 3748 hune
830 3692 923 3750 losum
941 3693 983 3750 in·

84 3873 177 3916 Luthsrl
191 3883 242 3923 opp
257 3874 283 3914 V.
298 3873 325 3912 A.
342 3871 424 3912 edroi.
444 3871 493 3912 bist.
508 3873 523 3912 i.
537 3883 558 3922 p.
574 3872 623 3914 Vol
637 3872 687 3914 vu.
860 3802 913 3901 33
