2348 4162
131 218 195 297 250
373 229 418 287 De
433 246 514 288 servo
533 231 649 290 arbitrio
667 233 702 290 D.
720 234 754 292 tt
773 234 806 293 b.

130 420 204 482 ergo
225 402 278 464 illa
300 402 469 485 voluntate,
491 406 558 467 sine
579 424 639 486 qua
660 406 734 467 nihil
747 406 791 485 iit,
813 412 845 469 st
865 405 950 486 dato,
971 404 1055 485 quod

130 484 257 546 liberum
290 485 444 548 arbitrium
478 489 551 549 nibil
579 489 651 551 boni
685 496 788 570 potest
815 490 909 570 velle,
945 489 1056 550 frustm

130 568 248 647 dieitur,
272 570 413 650 quioquid
436 572 543 632 dieitur
564 592 621 653 pro
645 573 823 634 excusando
846 570 916 635 Deo
951 578 982 632 et
1004 590 1055 633 ao·

129 651 265 714 ousando
288 652 384 714 libero
406 653 540 718 arbitrio.
584 656 713 736 Semper
734 657 815 717 enim
832 656 904 717 dieit
926 655 1056 717 liberum

130 734 300 797 arbitrium:
323 737 391 816 Ego
414 757 474 800 non
492 758 629 819 possum,
651 748 682 800 et
694 739 776 800 Deus
799 759 862 801 non
886 739 960 814 vult,
982 737 1055 818 quid

129 818 260 879 leolam?
302 821 480 882 Misereatur
501 841 576 883 sane
599 842 648 884 me
670 822 851 903 dilligendo,
885 821 961 883 nihil
983 821 1056 883 inde

14 906 18 913 '
130 921 309 983 promoveo,
332 904 386 964 sed
410 904 543 967 deterior
563 905 634 967 fiam
657 925 785 967 neeesse
807 913 863 985 est,
887 906 944 966 uisi
967 905 1055 986 spiri·

6 3864 34 3916 Ιι

91 1038 96 1045 .
128 994 191 1047 tum
214 985 317 1051 donet.
363 986 422 1048 Sed
445 988 526 1049 buno
547 1008 608 1050 non
630 989 734 1069 donat,
756 989 1011 1068 donaretautem,
1030 988 1055 1049 si

130 1068 232 1145 vellet,
253 1071 341 1132 velle.
354 1072 447 1149 igitur
469 1092 536 1132 eum
561 1076 623 1133 non
646 1072 719 1133 dare
738 1079 853 1134 eertum
878 1079 935 1134 est.

211 1153 276 1214 Neo
298 1154 509 1215 similitudines
539 1156 650 1217 allatae
678 1157 840 1236 quiequam
862 1154 980 1216 faoiunt
1017 1154 1056 1215 ed

129 1254 204 1315 rem,
227 1235 278 1297 ubi
300 1237 422 1300 dieitur:
465 1238 550 1300 Siout
577 1239 688 1300 eodem
711 1240 779 1299 sole
801 1239 890 1300 limus
923 1238 1058 1299 duresoit

129 1325 160 1379 et
181 1337 252 1379 oera
273 1320 427 1403 liquescit,
466 1328 562 1389 etex
590 1322 698 1385 eodem
726 1321 824 1383 imbre
856 1327 939 1384 terra
973 1320 1057 1383 oulte

129 1403 268 1479 lruotum‚
290 1412 371 1466 terra
392 1405 507 1466 ineulta
529 1407 633 1487 spinas
655 1405 780 1486 profert,
803 1404 1056 1466 itaeademleni·

131 1490 193 1547 tate
215 1486 271 1546 Dei
293 1488 342 1549 alii
365 1487 554 1568 indurantur,
576 1489 628 1550 alii
651 1494 879 1550 convertuntur.

213 1567 285 1632 Non
309 1573 389 1632 enim
412 1571 540 1633 liberum
563 1572 718 1634 arbitrium
740 1575 771 1632 in
794 1572 855 1633 duo
878 1570 1056 1633 dirersain·

129 1653 220 1734 genia
243 1653 414 1736 dividimus,
432 1662 465 1715 ut
487 1655 568 1715 aliud
591 1657 631 1716 sit
652 1656 734 1716 velut
755 1655 855 1732 limus,
879 1653 962 1719 aliud
975 1672 1054 1731 aera,

129 1742 182 1797 aut
202 1737 284 1797 aliud
307 1745 388 1799 terra
409 1739 499 1817 culta,
523 1738 603 1799 aliud
625 1739 841 1815 incultaterra‚
864 1737 918 1798 sed
941 1735 1055 1799 denno

128 1819 158 1878 in
190 1819 331 1882 omnibus
353 1821 527 1883 hominibus
560 1822 728 1901 aequaliter
754 1822 926 1902 impotente
958 1819 1054 1899 loqui-

129 1922 204 1981 mur,
227 1903 309 1981 quod
333 1924 395 1965 non
419 1906 476 1965 nisi
492 1906 591 1982 limus,
614 1906 747 1965 nonnisi
770 1914 850 1965 terra
870 1903 1055 1980 inoultaest,

3 2034 6 2039 .
129 1993 160 2046 ut
183 1985 264 2065 quod
288 2007 349 2048 non
385 1990 483 2068 possit
503 1988 584 2049 velle
612 1987 783 2065 bonuml).
825 1986 900 2048 Ideo
920 1988 1002 2048 siout
1023 1985 1056 2047 li·

130 2088 196 2128 mus
218 2088 341 2150 semper
363 2070 396 2131 fit
417 2070 521 2133 durior
542 2078 572 2132 et
595 2078 675 2134 terra
697 2071 812 2132 insulta
826 2071 992 2149 spinosior‚
1013 2070 1056 2129 ita

130 2151 256 2213 liberum
281 2154 435 2215 arbitrium
450 2174 571 2234 semper
593 2154 626 2215 tit
648 2157 745 2235 peius,
768 2151 1056 2215 tamlenitstesolis

128 2234 307 2315 indurante,
339 2257 431 2317 quam
465 2245 648 2318 tempestate
683 2237 805 2318 pluviae
832 2236 1056 2316 liqueiaoients.

130 2318 161 2380 si
184 2326 231 2380 eet
252 2320 344 2401 igitur
365 2320 453 2381 un'ius
476 2320 661 2382 delinitionis
683 2321 883 2399 eiusdemque
905 2321 1055 2400 impoten-

45 2478 50 2485 ἢ
130 2403 190 2464 tiae
212 2403 339 2464 liberum
363 2404 519 2465 arbitrium
542 2405 573 2464 in
598 2404 740 2466 omnibus
762 2402 949 2482 bominibus,
974 2400 1057 2462 nulla

131 2493 234 2566 potest
255 2489 332 2548 ratio
355 2487 457 2566 reddi,
480 2506 533 2547 eur
555 2508 648 2549 unum
670 2488 832 2570 perveniat
863 2485 901 2547 ad
924 2486 1054 2565 gretiam

131 2575 161 2630 et
181 2569 308 2631 alterum
333 2589 394 2632 non
417 2572 586 2653 perveniat,
608 2573 633 2630 si
656 2571 729 2630 nibil
752 2569 835 2631 aliud
854 2567 1058 2650 praediuetur‚

131 2671 221 2730 quam
242 2653 354 2714 lenitas
376 2654 534 2715 tolerantis
568 2660 599 2714 et
620 2654 781 2734 castigatio
805 2652 978 2713 miserentis
993 2650 1057 2713 Ds't

130 2735 266 2797 Positum
291 2743 338 2797 est
361 2738 440 2797 enim
465 2736 592 2798 liberum
616 2737 771 2799 arbitrium
794 2737 824 2796 in
848 2734 1058 2796 omuibusbo·

132 2820 262 2880 minibus
293 2820 414 2899 aequali
437 2819 630 2899 definitione,
660 2821 734 2881 nihil
757 2838 850 2901 posse
872 2819 954 2881 velle
976 2816 1057 2882 boni.

130 2903 206 2963 Turn
231 2921 289 2964 neo
310 2903 393 2964 Deus
416 2921 598 2983 quemquam
629 2901 762 2983 etigtt2),
802 2921 861 2963 neo
896 2900 1058 2964 electionis

133 2986 211 3045 ullus
235 2985 321 3046 loeus
342 2986 530 3068 relinquitur,
554 2986 608 3047 sed
630 2987 697 3046 sola
718 2986 843 3047 libertas
864 2985 998 3062 arbitrii,
1018 2983 1058 3045 le·

131 3069 258 3129 nitatem
282 3076 312 3130 et
345 3071 421 3130 iram
444 3076 609 3151 aooeptans
639 3070 686 3130 vel
714 3069 859 3133 refutans.
903 3068 1058 3149 Spoliatus

133 3171 207 3214 vero
230 3152 313 3213 Deua
335 3154 445 3213 virtute
474 3159 505 3213 et
536 3154 686 3232 sapientia
715 3151 864 3232 eligendi,
897 3151 971 3232 quid
1004 3150 1060 3211 erit

131 3236 188 3295 nisi
216 3235 332 3297 idolum
355 3237 525 3315 Fortunae,
557 3238 642 3297 ouius
665 3237 787 3297 numine
817 3236 923 3297 omnia
944 3241 1058 3297 temere

134 3409 552 3418 -—--—-.·.-—-—-—-—--

203 3528 235 3593 1)
256 3528 287 3583 In
306 3527 349 3584 ed.
367 3528 428 3584 Jen.
458 3527 503 3584 hio
530 3527 677 3583 interserta
696 3527 827 3599 leguntur
852 3526 936 3582 haee:
965 3526 1058 3595 Neque

133 3599 237 3654 Paulus
256 3599 337 3665 dioit,
366 3600 442 3671 quod
459 3600 536 3654 Deus
558 3594 640 3654 liotor
657 3598 745 3653 faeiat
763 3597 838 3657 aliud
857 3612 909 3653 vas
927 3598 956 3651 in
975 3596 1056 3651 bono·

132 3686 197 3737 rem,
215 3670 291 3726 aliud
309 3673 337 3727 in
356 3671 534 3742 ignominiam
553 3686 587 3724 ex
606 3671 717 3725 diverso
736 3671 803 3736 luto,
821 3669 872 3725 sed
891 3687 927 3725 ex
943 3668 1055 3724 eodan

136 3741 256 3813 (inquit)
276 3744 335 3799 luto
353 3743 423 3799 faoit
440 3748 494 3800 eto.
530 3743 563 3811 2)
583 3743 615 3797 In
632 3741 676 3798 ed.
690 3743 760 3800 1525
778 3748 807 3799 et
824 3742 952 3799 ed.len.:
970 3738 1055 3809 aliast
