2348 4162
91 270 113 339 8
425 266 557 327 domuin
573 265 675 324 missac

95 462 175 526 quaa
197 443 385 508 oblationem
408 448 530 527 sonant,
553 462 621 506 cum
644 444 787 506 universo
810 443 946 524 (tancre,
969 462 1015 505 re·
1051 453 1054 460 ’

95 531 257 609 tineamus,
281 548 360 610 quae
382 549 458 610 pura
479 533 511 590 et
533 533 639 591 sancta
662 534 741 609 sunt,
764 547 802 590 ac
824 530 869 590 sic
889 528 1015 590 Missam

95 621 229 677 nostram
254 613 415 676 ordiamur.

179 701 212 773 1)
238 695 303 763 Sub
325 695 474 778 symbolo
496 696 546 758 vel
568 703 640 778 post
661 696 819 758 Cononem
833 695 864 772 ¹)
888 714 1016 777 appare-

94 787 143 843 tur
164 781 268 862 panis.
290 787 320 841 et
353 781 456 841 vinum
490 779 529 841 ad
552 780 795 842 benedictionem
825 781 883 843 ritu
912 779 1015 857 solito,

95 866 155 926 uisi
177 863 259 945 quod
283 863 420 925 nondum
443 865 587 925 constitui
611 882 741 944 mecum,
765 862 962 943 miscendane
978 864 1018 922 sit

97 966 179 1028 aqua
201 949 283 1027 vino,
306 965 481 1027 quanquam
504 947 563 1008 huc
584 947 709 1023 inclino,
731 955 891 1009 utmerum
914 947 1017 1029 potius

96 1033 198 1093 vinum
221 1037 345 1112 paretur
383 1031 500 1111 absquo
533 1050 631 1111 aquae
654 1031 795 1110 mixtura,
818 1030 906 1112 quod·
924 1031 1018 1111 signi-

96 1114 199 1177 ficatio
221 1133 271 1174 me
293 1115 374 1175 male
394 1113 518 1193 habeat,
541 1133 631 1194 quam
654 1114 767 1177 Esaiae
791 1119 807 1179 1
830 1116 931 1196 ponit:
963 1114 1017 1174 Vi-

97 1218 170 1258 num
192 1203 287 1274 tuum‚
308 1197 416 1277 inquit,
439 1199 567 1259 mixtum
580 1203 628 1260 cet
649 1218 738 1280 aqua.
782 1199 899 1260 Merum
912 1199 1016 1259 vinum

96 1282 177 1344 enim
198 1280 326 1363 pulchre
352 1281 464 1362 figurat
495 1282 657 1363 puritatem
697 1282 855 1345 doctrinae
877 1281 1018 1361 Evange-

96 1365 188 1426 licae.
231 1365 368 1444 Deinde,
404 1365 486 1444 quod
509 1385 566 1446 pro
589 1365 678 1427 nobis
700 1385 763 1428 non
786 1373 833 1426 est
853 1367 937 1427 lusus
959 1365 1018 1425 nisi

96 1448 192 1510 solius
214 1449 338 1530 sanguis
362 1448 473 1510 Christi
494 1449 705 1529 impermixtus
727 1455 843 1528 nostro,
867 1449 953 1510 cuius
974 1448 1017 1510 ibi

98 1533 275 1593 memoriam
298 1531 437 1592 facimus.
481 1531 521 1593 Ut
542 1551 604 1593 non
627 1536 688 1594 stet
708 1532 830 1594 illorum
852 1531 1018 1611 somnium,

97 1615 148 1695 qui
171 1614 276 1676 dicunt
295 1615 336 1677 ibi
360 1614 483 1696 figurari
508 1616 652 1677 unionem
676 1617 772 1677 nostri
795 1635 863 1678 cum
886 1615 1018 1695 Christo,

96 1698 185 1758 huius
208 1699 329 1760 unionis
352 1699 530 1760 memoriam
553 1699 605 1759 bic
625 1699 837 1762 confecimus.
879 1697 947 1763 Nec
970 1718 1018 1758 su-

99 1800 168 1841 mus
191 1782 266 1843 uuiti
288 1787 359 1843 ante
382 1783 446 1842 eius
468 1781 635 1863 fusionem2
663 1783 778 1862 alioqui
805 1782 893 1845 simul
915 1787 1022 1843 noster

99 1882 222 1945 quoque
244 1866 369 1944 sanguis
392 1884 460 1925 cum
483 1861 633 1946 sauguine
655 1866 766 1927 Christi
787 1885 844 1948 pro
865 1866 955 1928 nobis
973 1866 1018 1926 lu·

96 1966 150 2008 sus
173 1946 383 2011 celebrabitur.
425 1947 542 2008 Tamen
564 1955 679 2009 contra
700 1947 873 2010 libertatem
890 1968 953 2009 ucu
976 1951 1019 2008 in·

97 2028 257 2092 troducam
280 2031 380 2112 legem
403 2032 657 2111 superstitiosum.
700 2031 837 2093 Christus
858 2032 937 2093 haec
957 2051 1018 2093 non

99 2130 289 2196 magnopere
311 2113 446 2193 curabit,
474 2133 531 2174 nec
554 2134 603 2175 res
628 2113 720 2195 digua
742 2121 789 2176 est
811 2117 1019 2178 contentione.

23 2260 26 2265 ,
97 2196 266 2279 Pugnavit.
284 2197 359 2257 satis
395 2197 476 2257 banc
511 2217 646 2278 pugnam
675 2199 798 2261 stultam
820 2200 962 2261 Romana
991 2205 1020 2259 et

76 2278 219 2341 'Graeca
241 2279 382 2357 ecclesia,
404 2286 437 2341 ut
458 2286 489 2341 et
505 2279 582 2342 alias
604 2280 725 2343 multas.

180 2361 269 2438 Quod
303 2381 377 2425 vero
412 2363 505 2443 aliqui
528 2362 698 2445 adducunt,
738 2384 756 2425 c
789 2365 885 2425 latare
909 2364 1020 2426 Christi

96 2445 223 2507 fluxisse
245 2464 355 2526 aquam
379 2464 447 2506 cum
471 2448 635 2527 sanguine,
665 2447 740 2508 nihil
763 2448 883 2528 probat.
927 2446 1020 2507 Aliud

96 2529 178 2589 enim
202 2528 254 2589 illa
277 2546 358 2608 aqua
379 2527 547 2610 significat,
585 2549 675 2610 quam
711 2531 822 2593 volunt
853 2550 908 2612 per
939 2530 1020 2591 banc

96 2613 223 2672 mixtam
246 2630 357 2692 aquam
379 2610 560 2692 significari,
596 2612 650 2675 sed
681 2633 739 2675 uec
767 2615 863 2675 mixta·
890 2612 943 2674 illa
964 2614 1021 2675 fuit

19 2704 21 2709 '
60 2734 63 2739 -
97 2714 166 2756 cum
190 2695 349 2776 sauguine.
392 2695 503 2776 Figura
524 2697 649 2778 insuper
671 2697 747 2758 nihil
769 2697 894 2778 probat,
917 2715 1020 2757 exem·

96 2776 181 2858 plum
204 2784 307 2839 autem
340 2796 403 2838 nou
435 2784 566 2843 constat.
610 2779 712 2855 Quare
735 2785 768 2839 ut
788 2779 954 2839 humanum
976 2780 1019 2838 in-

95 2867 221 2923 ventum
243 2860 337 2922 libere
358 2867 514 2926 tractetur.

180 2941 214 3024 2)
236 2941 395 3025 Apparatc
421 2961 503 3026 panc
526 2948 558 3005 ct
578 2944 650 3004 vino
674 2961 748 3004 mox
773 2943 957 3024 procedatur
979 2942 1017 3004 ad

95 3025 331 3089 huncmodum:
354 3027 504 3088 Dominus
521 3025 690 3103 vobiscum,
712 3026 863 3107 Respon:
886 3027 925 3087 Et
949 3046 1018 3087 cum

95 3110 203 3190 spiritu
225 3115 287 3171 tuo.
331 3109 457 3172 Sursum
481 3108 584 3187 corda,
605 3108 758 3190 Responz
780 3109 956 3171 Habeamus
979 3109 1017 3170 ad

95 3192 274 3258 Dominum.
319 3191 440 3254 Gratias
472 3210 600 3272 agamus
635 3191 768 3254 Domino
798 3193 866 3253 Dec
901 3199 1018 3271 nostro,

97 3275 250 3357 Respon:
284 3275 418 3356 Dignum
451 3282 481 3337 et
502 3275 614 3335 iustum
637 3282 692 3338 est.
735 3275 816 3337 Vere
839 3274 963 3355 dignum
988 3282 1019 3336 et

95 3359 208 3429 iustum
232 3363 290 3434 est,
314 3344 448 3438 aequuni
469 3363 500 3418 et
521 3356 670 3436 salutare,
692 3376 750 3419 nos
774 3358 826 3421 tibi
848 3378 970 3440 semper
987 3365 1019 3419 ct

20 3448 24 3454 “
95 3441 208 3523 ubique
229 3440 344 3521 gratias
366 3458 473 3521 agere,
496 3440 631 3503 Domine
653 3448 775 3519 sancte,
809 3443 899 3503 Pater
920 3442 1017 3502 omni-

71 3528 217 3604 potens,
239 3528 362 3583 aeterne
383 3523 485 3604 Deus,
515 3543 570 3605 per
592 3523 743 3586 Christum
766 3525 932 3587 Dominum
961 3544 1017 3584 no·

96 3611 202 3669 strum.
246 3604 383 3666 Deinde:

166 3790 243 3866 1)1n
262 3789 306 3850 ed.
326 3790 399 3849 Iena
416 3795 482 3871 post
500 3789 677 3849 concionem.
699 3804 702 3809 ’
