2348 4162
174 236 216 301 88
471 238 611 294 Praelatio
630 239 665 293 D.
685 241 720 293 ll.
739 241 769 294 lh

175 413 206 468 et
226 408 329 468 Moses
350 427 474 489 quoque
496 409 578 470 cedit
598 410 652 488 illi,
675 429 825 490 suamque
845 412 1041 472 autoritatem
1065 420 1096 471 et

175 491 311 553 officium
343 511 430 552 suurn
463 493 493 552 in
523 493 608 553 illum
642 494 808 572 transfert,
845 514 935 574 quem
969 495 1034 555 vult
1062 503 1096 555 ut

175 574 309 636 audiant.
353 575 472 636 Deinde
493 574 553 636 hoc
575 595 698 657 quoqne
719 576 791 637 binc
813 578 981 657 colligitur,
1006 577 1094 638 illum

173 657 354 738 prophetam
375 677 437 718 non
457 659 541 738 leges
563 660 681 739 aliquas
698 660 894 738 traditurum,
915 660 989 721 nihil
1011 661 1094 721 enim

173 744 221 822 iis,
244 760 323 822 quae
345 762 363 801 a
383 742 471 803 Mose
492 749 580 802 erant
601 744 741 823 traditae,
763 743 835 804 addi
859 750 992 824 poterat,
1013 743 1094 805 adeo

174 824 278 887 omnia
301 824 462 905 diligenter
484 827 693 890 constituerat.
736 826 922 889 Necessario
953 846 1028 906 ergo
1050 828 1095 887 in·
1163 826 1167 831 ’

175 908 320 988 telligitur
341 909 394 968 illa
416 910 568 968 sententia
599 909 638 969 de
663 909 785 970 Christo
829 916 860 970 et
893 910 932 970 de
953 909 1096 970 doctrina

174 988 290 1072 gratiae
312 997 343 1051 et
365 991 543 1072 Evangelii,
566 1011 635 1051 curn
657 991 696 1052 ad
719 993 863 1054 terendas
887 993 972 1071 leges
1007 992 1094 1054 nullo

174 1075 235 1138 alio
257 1073 409 1155 prophete
431 1081 514 1137 esset
536 1094 624 1155 opus.

257 1158 358 1238 Atque
380 1177 448 1217 eam
477 1156 516 1218 ob
539 1177 603 1218 rem
631 1158 769 1239 appellat
798 1158 909 1219 Paulus
932 1159 1028 1218 lllosis
1050 1159 1094 1218 le-

173 1260 243 1322 gem
268 1250 355 1301 vetus
376 1241 616 1320 Testamentum,
637 1241 668 1302 id
692 1241 774 1322 qnod
798 1242 936 1303 Christus
969 1248 1096 1322 quoque

54 1328 67 1353 ¹·
173 1324 256 1405 facit,
279 1344 347 1384 cum
370 1343 484 1384 novum
507 1325 737 1386 Testamentum
766 1326 905 1388 instituit.
949 1324 1019 1385 ldeo
1042 1344 1095 1385 au·

173 1414 233 1467 tem
257 1407 486 1468 Testamentum
524 1408 717 1487 appellatur,
754 1407 836 1487 quod
864 1408 947 1468 Deus
981 1411 1094 1468 terram

174 1491 301 1552 Oansan
324 1490 440 1572 populo
463 1489 559 1551 Isrnel
582 1493 613 1550 in
642 1511 680 1551 eo
701 1492 878 1570 promiserit
909 1498 941 1551 et
971 1510 1028 1550 cen
1051 1491 1096 1551 le·

56 1649 60 1655 ,
96 1650 100 1656 ¹
175 1574 316 1654 gaverit,
349 1576 375 1635 si
398 1573 491 1634 modo
513 1574 585 1633 nihil
609 1581 737 1654 contra,
760 1593 851 1655 qnam
875 1576 1096 1655 praecepisset,

172 1657 330 1733 facerent,
364 1676 464 1737 neque
486 1657 593 1717 fefellit
616 1677 681 1735 eos,
703 1656 758 1716 sed
781 1657 864 1717 dedit
897 1659 941 1717 eis
963 1657 1100 1737 promis.

173 1759 238 1801 sam
262 1747 399 1819 terrum,
432 1747 463 1800 et
486 1739 679 1800 confirmavit
712 1759 835 1821 quoque
861 1739 935 1800 illud
969 1748 1095 1820 pactum

88 1894 92 1901 Ι
172 1842 227 1903 per
247 1825 428 1902 sanguinem
451 1842 602 1902 agnorum
625 1830 655 1883 et
676 1825 839 1888 hircorum.
884 1824 997 1882 Verum
1020 1843 1096 1903 quo·

110 1912 113 1917 '
172 1907 253 1965 niam
275 1906 504 1966 Testamentum
527 1906 599 1965 illud
623 1923 684 1965 non
700 1906 802 1966 divine
823 1908 932 1985 gratia,
954 1906 1007 1965 sed
1022 1926 1096 1986 ope·

173 1989 254 2048 ribus
277 1988 418 2048 humanis
441 1986 601 2066 nitebatur,
623 1986 852 2068 necesse'erat,
874 1989 1095 2069 utaliquando

172 2071 394 2150 abrogaretur,
427 2078 457 2131 et
483 2078 636 2152 occupata
669 2080 748 2132 terra
777 2091 880 2131 rursus
916 2074 1096 2151 eriperetur.

170 2155 278 2232 Neque
297 2156 382 2214 enim
407 2154 552 2233 operibns
574 2155 635 2234 legi
659 2154 787 2234 satisfit,
811 2161 841 2215 et
862 2173 991 2215 neeesse
1018 2175 1096 2234 qno·

171 2255 231 2316 que
254 2245 328 2316 erat,
350 2236 432 2297 aliud
458 2237 612 2316 quoddam
631 2239 860 2298 Testamentum
884 2237 985 2312 condi,
1008 2238 1094 2318 quod

171 2338 326 2398 nunqnam
352 2321 574 2399 abrogaretur,
596 2323 668 2381 item
692 2321 774 2401 quod
799 2341 861 2381 non
884 2325 997 2381 nostris
1020 2340 1095 2401 ope·

170 2400 264 2481 ribus,
288 2403 340 2462 sed
365 2403 460 2463 verbo
483 2412 513 2463 et
536 2405 679 2483 operibns
703 2405 759 2464 Dei
782 2405 948 2483 niteretur,
984 2411 1016 2464 nt
1049 2406 1095 2465 ita

169 2495 317 2566 perpetuo
341 2487 449 2547 durare
471 2497 587 2567 posset,
610 2506 704 2566 quare
730 2489 821 2548 etiam
844 2487 967 2547 liliiDei
990 2495 1091 2548 morte

170 2580 201 2629 et
222 2573 372 2649 sanguine
395 2578 441 2630 est
463 2569 693 2647 confirmatum,
727 2577 757 2629 et
779 2573 931 2650 promissa
966 2584 1094 2650 quoque

170 2666 201 2712 et
222 2654 359 2714 exhibita
380 2660 529 2732 perpetua
550 2654 714 2713 hereditas.

253 2738 354 2814 Atque
376 2736 454 2796 haec
476 2736 597 2814 quidem
622 2736 660 2796 de
683 2735 786 2796 officio
803 2734 883 2797 Mosi
908 2739 1035 2815 eiusque
1057 2736 1092 2797 li-

169 2818 229 2878 bris
253 2826 323 2885 sunt
345 2819 435 2894 dicta,
458 2827 586 2897 quaerat
609 2827 710 2879 nutem
729 2818 839 2897 aliquis
861 2821 932 2897 iam,
956 2819 1027 2897 quid
1050 2818 1091 2880 de

168 2900 252 2961 libris
274 2900 492 2980 prophetarum
536 2907 566 2960 et
589 2901 723 2962 historiis
751 2920 905 2962 sacrarum
936 2901 1092 2963 literarum

168 2984 207 3042 sit
228 2983 444 3043 sentiendum?
486 2982 687 3064 Respondes,
709 3004 816 3044 omnes
838 2992 901 3045 tum
921 2985 1089 3064 propheta·

167 3086 243 3143 rum,
268 3077 328 3126 turn
344 3068 537 3126 historiarum
558 3067 651 3128 libros
674 3066 843 3128 nibilaliud
866 3086 968 3147 agere,
994 3086 1090 3147 quum

167 3148 236 3227 boc,
259 3148 341 3228 quod
365 3150 467 3210 Moses
487 3151 562 3228 agit.
603 3151 730 3231 Caverit,
746 3170 785 3211 ne
798 3150 1092 3231 pseudoprophetae

166 3251 279 3292 avero
303 3233 379 3314 legis
403 3253 459 3293 usn
480 3233 520 3293 ad
543 3236 669 3314 propria
691 3253 786 3314 opera
817 3234 965 3314 populum
999 3233 1093 3295 redu-

168 3323 248 3397 cant,
272 3323 302 3376 et
318 3317 347 3376 in
371 3315 431 3376 hoo
453 3317 542 3376 unice
564 3317 752 3398 incumbunt,
778 3323 810 3377 ut
832 3337 921 3377 verus
944 3317 1020 3397 legis
1042 3319 1090 3380 in-

165 3399 305 3461 tellectus
330 3405 472 3480 maneat,
494 3405 527 3459 ut
548 3399 688 3461 homines
718 3420 774 3481 per
797 3400 897 3480 legem
921 3419 1007 3461 suam
1043 3403 1090 3462 in·

165 3480 338 3543 firmitatem
362 3490 550 3562 agnoscant,
569 3483 655 3562 quod
674 3503 741 3544 earn
765 3492 921 3564 praestare
955 3503 1087 3564 prorsus

165 3567 389 3645 nonpossint,
411 3572 503 3645 etque
524 3567 568 3626 ita
590 3566 630 3627 ad
654 3567 806 3628 Christum
840 3574 1018 3645 recurrant,
1056 3569 1089 3630 id

166 3647 247 3725 quod
272 3649 373 3709 Moses
396 3668 518 3730 qnoque
540 3649 622 3712 iacit.
666 3650 769 3711 Latius
805 3651 898 3730 igitur
928 3656 959 3710 et
980 3650 1089 3731 copio-

165 3731 227 3791 sius
249 3734 470 3812 promissiones
493 3731 532 3792 de
554 3732 699 3814 Christo,
731 3753 810 3814 quae
842 3732 874 3796 in
897 3734 984 3795 Mose
1006 3740 1088 3817 sunt,
