2348 4162
346 240 435 299 adl).
454 244 597 300 Erasmum
616 240 838 300 Roterodamnm.
981 236 1044 307 367

125 419 202 475 stum
225 422 274 476 est
309 415 377 493 ipso
400 433 494 495 opere
527 421 558 475 et
588 415 778 494 experientia
799 413 954 476 hominem
977 414 1045 474 sine

124 499 222 578 gratie
250 496 325 557 nibil
346 499 411 558 nisi·
433 498 545 558 malum
574 516 667 577 posse
694 497 784 559 velle.
833 495 894 558 Sed
916 515 1046 578 summa,

124 581 149 639 si
170 579 343 659 eredimus,
366 579 517 641 Christum
539 580 708 641 redemisse
739 580 880 641 homines
901 600 956 661 per
977 599 1045 640 san·

123 664 248 743 guinem
270 681 369 743 suum,
393 669 490 724 totum
504 663 660 725 hominem
682 663 769 724 lateri
792 663 930 742 cogimur
950 663 1045 723 fuisse

124 746 286 826 perditum,
308 746 422 826 alioqui
445 746 596 807 Christum
617 745 764 806 faciemus
785 746 834 807 vel
849 744 1044 826 superfluum,

124 828 172 889 vel
188 828 285 909 partis
307 830 474 890 vilissimae
502 827 749 909 redemptorem,
783 827 866 909 quod
899 836 945 889 est
965 827 1045 891 blas·

123 911 268 993 phemum
293 918 324 972 et
345 912 538 992 saerilegum.

204 994 250 1055 Te
272 1013 373 1075 nune,
408 997 448 1055 mi
470 995 619 1074 Eresme,
642 1014 696 1075 per
719 994 871 1055 Christum
893 1013 968 1074 oro,
1001 1001 1043 1073 ut,

124 1076 207 1157 quod
228 1078 405 1158 promisisti,
429 1078 551 1139 tandem
575 1087 722 1158 praestes,
745 1079 910 1158 promisisti
932 1083 1044 1154 sutem,

123 1160 204 1221 velle
226 1166 257 1221 te
289 1161 400 1222 sedere
426 1161 553 1222 meliora
575 1161 708 1223 dooenti.
756 1159 845 1223 Pone
871 1166 1045 1241 respectum

124 1261 335 1324 personarum,
368 1245 476 1321 fateor,
508 1253 540 1303 tu
562 1262 693 1325 magnus
717 1263 750 1304 es
773 1250 804 1305 et
825 1243 927 1305 multis
947 1245 1046 1323 iisque

124 1325 321 1387 nobilissimis
344 1327 466 1389 dotibus
488 1346 507 1387 a
529 1327 596 1387 Deo
619 1333 756 1405 ornatus,
779 1328 894 1388 utalia
916 1334 1046 1405 taoeam,

124 1411 260 1489 iugenio,
282 1409 479 1486 eruditione,
509 1408 653 1469 iaoundia
675 1428 771 1488 usque
792 1411 831 1470 ad
855 1409 1045 1471 miraoulum.

122 1490 192 1573 hgo
214 1511 288 1553 vero
302 1494 376 1553 nihil
398 1493 497 1554 haheo
520 1496 551 1553 et
572 1511 649 1569 sum,
671 1494 729 1552 nisi
743 1492 826 1572 quod
841 1492 1045 1554 Christianum

124 1593 195 1636 esse
214 1595 264 1637 me
287 1595 384 1657 prope
408 1576 531 1656 glorier.
574 1574 694 1636 Deinde
715 1581 746 1635 et
767 1576 828 1636 boe
849 1577 879 1635 in
900 1584 931 1635 te
955 1576 1046 1636 vebs·
1079 1624 1086 1635 .

124 1664 243 1721 menter
265 1658 357 1721 laudo
381 1665 412 1719 et
434 1659 604 1739 praedico,
635 1658 717 1737 quod
746 1659 831 1720 eolus
854 1678 928 1739 prae
951 1658 1048 1720 omni·

124 1741 179 1802 bus
202 1760 267 1802 rem
299 1743 397 1822 ipsam
421 1762 454 1803 es
476 1760 668 1822 aggressus,
698 1742 758 1802 hoo
795 1749 861 1818 est,
896 1759 1048 1801 summum

124 1843 252 1903 saurae,
279 1844 337 1886 neo
358 1844 406 1885 me
429 1825 564 1905 fatigaris
586 1824 694 1885 alienis
723 1824 782 1885 illis
805 1825 905 1884 oausis
934 1824 973 1885 de
994 1842 1047 1904 pa-

123 1918 218 1988 patu,
254 1910 449 1989 purgatorio,
479 1908 693 1988 indulgentiis,
724 1927 761 1968 ao
782 1907 933 1968 similibus
956 1907 1046 1987 nugis

122 1992 226 2133 potius
250 2010 341 2071 quam
365 1990 489 2069 oensis,
511 1993 540 2050 in
563 1992 672 2070 quibus
696 2010 744 2051 me
766 1992 914 2052 haetenus
937 2008 1045 2054 omnes

133 2093 186 2134 ere
207 2077 312 2135 venati
335 2082 405 2135 sunt
427 2074 544 2137 frustra.
560 2100 565 2109 ‘
580 2075 663 2135 Unus
687 2083 717 2135 tu
741 2082 771 2135 et
793 2075 876 2135 solus
889 2075 1044 2136 cardinem
1128 2122 1134 2133 .

123 2176 224 2219 rerum
248 2157 372 2239 vidisti,
407 2164 438 2218 et
459 2159 556 2238 ipsum
581 2159 718 2238 iugulum
741 2160 869 2239 petisti,
899 2177 957 2241 pro
981 2176 1044 2241 quo

123 2260 161 2303 ex
184 2242 288 2303 animo
312 2241 365 2302 tibi
387 2242 501 2320 gratias
523 2261 595 2322 ago,
616 2244 646 2302 in
669 2242 820 2303 haoeniru
835 2261 929 2303 eausa
951 2241 1045 2304 liben-

123 2328 182 2388 tius
206 2344 321 2405 versor,
343 2333 488 2405 quantum
509 2324 592 2384 favet
614 2332 732 2405 tempus
745 2332 776 2386 et
798 2328 901 2388 otium.
936 2325 968 2386 si
986 2326 1047 2386 boe

122 2411 279 2487 fecissent,
301 2411 351 2489 qui
373 2429 422 2468 me
445 2409 591 2468 haetenus
613 2410 805 2487 invaserunt,
833 2410 858 2468 si
881 2408 982 2468 adhue
1001 2408 1046 2468 illi

122 2494 270 2572 faeereut,
294 2494 345 2572 qui
368 2491 461 2552 modo
484 2509 582 2551 novos
604 2493 740 2571 spiritns,
764 2511 860 2552 novas
881 2492 1047 2552 revelatio·

124 2596 178 2637 nes
199 2577 339 2657 iactant,
363 2576 462 2635 minus
485 2574 644 2634 seditionis
669 2581 699 2634 et
720 2581 897 2651 sectarum,
925 2582 956 2647 et
977 2574 1046 2654 plus

125 2660 209 2741 peeis
233 2665 265 2719 et
286 2658 471 2719 eonoordiae
492 2658 685 2718 haberemus.
736 2656 796 2718 Sed
819 2657 901 2717 Deus
928 2659 970 2718 ita
992 2676 1048 2737 per

125 2741 272 2805 Satanam
296 2750 431 2802 nostram
455 2740 703 2822 ingratitudinem
728 2740 901 2801 vindicavit.
934 2740 1046 2816 Quam-

126 2844 216 2905 quam
240 2826 297 2885 nisi
320 2825 408 2885 aliter
430 2843 569 2884 caussam
592 2825 681 2884 istem
705 2841 797 2904 agere
820 2831 925 2904 potes,
954 2842 1046 2902 quam

126 2908 185 2969 has
206 2907 338 2970 diatribe
357 2909 456 2988 egisti,
480 2908 610 2987 optarim
625 2926 822 2987 magnopere,
845 2915 877 2966 ut
897 2914 949 2966 tuo
962 2905 1045 2966 dono

125 2999 287 3053 oontentus
325 2991 428 3051 literas
457 2997 489 3050 et
517 2990 657 3070 linguas,
687 2991 765 3050 siout
798 2990 946 3050 haetenus
977 3008 1046 3049 oum

127 3094 239 3156 magno
262 3074 360 3135 fruetu
383 3078 415 3135 et
428 3073 520 3134 laude
537 3073 645 3149 iecisti,
669 3073 798 3149 ooleres,
821 3091 957 3153 ornares,
980 3090 1048 3153 pro·

125 3158 263 3236 veheres,
286 3176 347 3236 quo
370 3156 471 3217 studio
495 3174 555 3216 uon
579 3156 651 3215 nihil
674 3155 799 3217 etmihi
822 3156 993 3234 servivisti,
1016 3160 1048 3215 ut

126 3242 253 3302 multum
278 3240 330 3301 tibi
356 3259 404 3300 me
427 3239 540 3301 debere
563 3239 670 3316 feteer,
693 3245 724 3299 et
746 3246 829 3298 oerte
850 3240 880 3298 in
904 3257 941 3298 ea
962 3257 995 3298 re
1016 3243 1048 3298 te

127 3343 256 3385 veneror
287 3331 319 3384 et
347 3324 481 3403 suspioio
511 3323 631 3382 sincero
661 3323 774 3382 animo.
825 3321 902 3381 linio
924 3327 1049 3380 nostrae

126 3426 256 3469 caussae
289 3413 321 3466 ut
352 3424 543 3486 permees,
581 3404 717 3465 nondum
748 3404 846 3464 voluit
883 3422 941 3464 neo
964 3400 1049 3464 dedit

126 3490 229 3569 Deua3
249 3489 290 3567 id,
313 3489 396 3569 quod
418 3507 515 3569 rogo,
537 3488 620 3549 nulla
642 3488 755 3549 dietum
786 3487 962 3567 arrogantia
983 3486 1048 3546 exi·

126 3574 241 3650 stimes,
263 3591 318 3633 oro
343 3578 471 3650 autern,
493 3578 526 3632 ut
548 3572 727 3652 propediem
750 3569 900 3630 Dominus
930 3575 1049 3630 tantum

125 3662 155 3717 te
175 3657 208 3717 in
231 3656 291 3717 hee
312 3674 346 3719 re
368 3657 559 3736 superiorem
583 3655 747 3733 melaoiat,
769 3654 959 3733 quantumin
980 3651 1049 3713 aliis

126 3738 268 3801 omnibus
297 3738 370 3800 milri
399 3738 537 3819 superior
564 3757 606 3802 es.
656 3737 726 3800 Non
748 3745 795 3798 est
821 3737 902 3799 euim
924 3755 1049 3816 norum,
