2348 4162
347 223 384 281 sd
400 222 436 281 D.
454 223 599 281 Erasmm
616 222 841 283 Rotarodsmum.
993 220 1057 291 249

123 394 197 476 ldgo
218 392 369 459 indurabo
392 414 446 459 cor
466 396 653 474 Pharaonis,
682 415 750 459 cum
783 416 898 479 negare
925 414 1057 478 nequea-

125 496 206 556 mus,
229 486 390 559 utrumque
411 480 504 541 fuisse
528 481 557 540 in
579 479 739 541 Pharaone
761 500 879 541 summo
902 480 1003 542 studio
1026 485 1057 543 et

126 580 205 622 cura
226 567 386 626 tentatum.
430 562 518 639 Quae
539 564 619 623 enim
641 563 687 625 ira
709 569 740 625 et
762 565 923 645 castigatio
941 565 1055 627 instan-

123 646 196 724 tior,
218 664 312 725 quam
336 646 407 707 dum
431 653 476 707 tot
497 647 602 726 signis,
626 653 672 707 tot
693 647 792 727 plagis
815 649 996 727 percutitur,
1024 653 1057 709 nt

124 727 201 791 talia
222 747 285 791 non
307 729 401 790 fuisse
424 748 558 810 unquam
581 731 673 790 etiam
697 730 764 810 ipse
786 731 887 792 Moses
909 730 1056 791 testetur?

123 810 269 892 Denique
300 814 367 893 ipse
389 813 508 874 Pharao
536 832 598 873 non
632 814 727 874 semel
761 813 844 874 velut
871 815 1055 894 resipiscens

123 894 186 956 illis
210 901 365 975 movetur,
399 896 453 957 sed
482 915 543 957 non
573 902 770 977 permovetur
791 916 848 958 nec
869 903 1054 978 perseverat.

124 976 215 1054 Quas
236 980 328 1040 etiam
351 980 461 1041 lenitas
483 985 515 1040 et
536 979 739 1041 beneficentia
751 980 875 1062 largior,
898 980 968 1040 dum
994 988 1055 1041 tam

123 1061 217 1122 facile
239 1062 320 1124 tollit
339 1064 458 1144 plagas,
483 1081 521 1124 ac
542 1064 633 1124 toties
656 1065 782 1125 remittit
803 1072 981 1145 peccatum,
1010 1070 1054 1125 to-

122 1146 183 1206 ties
205 1144 323 1207 reducit
347 1145 445 1228 bona,
475 1146 566 1208 toties
589 1146 811 1212 aufertmaia?
854 1148 990 1228 Utraque
1013 1154 1055 1207 ta·

123 1247 197 1290 men
220 1229 294 1290 nihii
315 1229 444 1310 faciunt,
468 1229 569 1291 adhuc
593 1228 679 1291 dicit:
714 1229 867 1293 lndurabo
904 1250 957 1291 cor
980 1231 1053 1292 Pha·

122 1312 241 1374 raonis.
287 1313 379 1373 Vides
402 1314 502 1395 igitur,
526 1313 645 1373 etiamsi
669 1320 720 1374 tua
736 1313 888 1375 induratio
912 1320 943 1374 et
967 1315 1054 1375 mise·

122 1394 263 1461 ricordia
283 1395 330 1473 (id
354 1403 417 1473 est,
449 1397 574 1477 glossae
613 1401 644 1457 at
665 1398 744 1476 tropi
767 1395 824 1478 tui)
847 1397 1054 1475 concedantur

122 1478 155 1538 in
188 1497 310 1541 summo
342 1479 438 1559 gradu
472 1487 503 1541 et
524 1498 580 1540 usu
620 1486 650 1540 et
686 1480 845 1561 exemplo,
883 1481 990 1560 quales
1024 1483 1053 1541 in

123 1560 295 1623 Pharaone
309 1570 356 1624 est
367 1581 504 1641 cernere,
528 1560 630 1625 adhuc
651 1568 712 1623 stat
724 1562 887 1644 induratio,
911 1570 941 1623 et
962 1563 1054 1624 aliam

123 1664 194 1707 asse
216 1664 346 1708 necesse
367 1652 423 1726 est,
446 1645 486 1707 de
508 1644 683 1726 quabdoses
707 1646 789 1725 dicit,
812 1652 843 1707 et
857 1647 948 1707 aliam
962 1665 1053 1727 quam

124 1735 158 1790 tu
179 1731 327 1790 somnias.
750 1736 753 1741 ’
999 1769 1001 1773 -

207 1811 268 1873 Sed
292 1811 415 1892 qnando
439 1831 507 1872 cum
528 1810 687 1873 fictoribus
710 1816 742 1872 at
758 1811 849 1872 larvis
871 1831 1053 1893 pugnamus,

122 1895 278 1956 larvemur
299 1901 330 1957 et
351 1914 425 1971 nos,
447 1895 663 1977 flngamusque
684 1913 740 1974 per
761 1895 969 1977 impossibile,
994 1903 1054 1956 tro-

122 1996 207 2059 pum,
231 1997 322 2058 quem
345 1977 474 2040 diatriba
494 1979 636 2054 somniat,
659 1978 834 2042 valerehoc
855 1979 937 2056 loco,
960 1979 1052 2040 visuri

124 2061 282 2141 quomodo
305 2061 455 2143 elabatur,
478 2081 516 2122 ne
534 2061 687 2123 affirmare
709 2069 855 2144 angatur,
878 2062 972 2124 solius
996 2063 1072 2123 Deiv

122 2145 299 2227 voluntate,
332 2152 439 2206 nostra
472 2165 545 2206 vero
576 2146 761 2209 necessitate
783 2147 887 2207 omnia
908 2145 989 2221 fieri,
1022 2153 1053 2206 et

123 2227 282 2308 quomodo
306 2235 435 2290 excuset
446 2228 553 2305 Deum,
576 2248 615 2289 ne
636 2229 704 2310 ipse
726 2229 765 2290 eit
797 2235 887 2290 autor
908 2237 940 2290 et
961 2229 1052 2309 culpa

123 2318 250 2374 nocuae
270 2311 482 2376 indurationis.
525 2312 555 2373 Si
577 2330 684 2372 verum
704 2316 766 2392 est,
802 2311 884 2391 quod
914 2320 987 2372 tunc
1007 2314 1051 2372 in-

123 2393 235 2457 durare
258 2396 368 2457 dicitur
388 2396 490 2474 Deus,
513 2414 581 2455 oum
605 2395 732 2457 lenitate
754 2413 810 2455 sua
833 2395 962 2473 tolerat,
994 2414 1052 2456 nec

122 2480 225 2540 statim
259 2481 364 2560 punit,
402 2485 563 2558 utrumqne
595 2477 695 2539 adhuc
727 2484 852 2558 perstat.
906 2478 1051 2560 Primum,

122 2561 205 2643 qnod
227 2562 323 2624 nihilo
353 2563 451 2623 minus
474 2562 568 2623 homo
597 2562 772 2623 necessario
794 2562 888 2623 servit
910 2567 1051 2642 peccato,

121 2665 194 2707 nam
216 2645 269 2707 nbi
300 2664 480 2708 concessum
503 2645 612 2722 inerit,
644 2644 770 2706 liberum
803 2644 958 2705 arbitrium
987 2664 1049 2705 uon

143 2747 216 2791 ossa
239 2729 319 2790 velle
341 2728 589 2810 quicquamboui
603 2727 711 2808 (quale
733 2729 868 2809 suscepit
890 2726 1049 2805 diatriba),

121 2747 251 2874 benitate
272 2813 432 2875 tolerantis
453 2812 511 2873 Dei
534 2812 629 2874 nihilo
654 2811 761 2874 melius
783 2811 837 2892 iit,
866 2811 921 2872 sed
943 2830 1050 2872 neces·

122 2897 205 2957 sario
227 2896 325 2977 peius,
348 2897 406 2957 nisi
429 2895 558 2957 addatur
579 2896 607 2957 ei
631 2897 754 2977 spiritus
777 2894 847 2957 Deo
876 2895 1049 2975 miserente,

121 2996 219 3059 qnare
241 2978 341 3041 adbuc
362 2981 546 3041 necessitate
569 2984 676 3041 nostra
695 2979 771 3040 fiunt
793 2979 906 3043 omnic.

204 3061 354 3143 Alterum,
388 3063 470 3143 quod
494 3082 593 3143 aeque
615 3063 699 3123 Deus
721 3061 853 3123 crudelis
875 3082 945 3126 esse
966 3062 1048 3123 vide-

120 3150 168 3207 tur
190 3145 352 3208 tolerando
379 3166 435 3229 per
455 3147 628 3224 lenitatem,
660 3152 793 3226 atquea
821 3144 909 3206 nobis
930 3145 1049 3226 praedi-

121 3229 184 3290 cari
210 3235 349 3310 putatur,
385 3229 466 3311 quod
496 3229 618 3290 indurat
646 3229 781 3290 volendo
810 3228 968 3290 voluntate
997 3229 1049 3290 iila

120 3313 386 3393 imperscrutabili.
428 3311 508 3375 Nam
533 3332 601 3374 cum
624 3311 729 3372 videat
743 3311 869 3372 liberum
893 3311 1047 3371 arbitrium

122 3414 184 3457 non
208 3415 304 3475 posse
326 3388 406 3457 velie
428 3396 553 3475 bonum,
578 3394 704 3474 fierique
726 3396 812 3475 peius
827 3393 952 3454 lenitate
976 3395 1049 3455 tole-

119 3479 225 3557 rantis,
247 3480 307 3544 hac
325 3481 394 3560 ipsa
414 3480 542 3541 lenitate
563 3477 791 3539 crudelissimus
833 3495 870 3537 ao
903 3476 1047 3538 delectari
1125 3472 1131 3483 ’

121 3560 242 3624 videtur
264 3563 379 3625 nostris
401 3563 500 3644 malis,
522 3582 590 3623 cum
614 3561 713 3641 possit
733 3561 770 3621 iis
793 3559 918 3638 mederi,
940 3561 965 3620 ni
987 3561 1048 3621 vel-

122 3644 172 3724 let,
194 3654 361 3727 possetque
383 3665 445 3708 non
461 3647 599 3722 tolerare,
623 3645 647 3705 si
662 3644 763 3724 vellet,
785 3647 847 3705 imo
864 3644 920 3704 nisi
945 3644 1048 3724 vellet,

121 3727 252 3790 tolerare
273 3749 335 3792 non
352 3736 477 3811 posset,
498 3730 565 3810 quis
587 3748 655 3791 eum
668 3734 761 3811 coget
769 3726 918 3791 invitum?
940 3726 1047 3791 Stante
