2348 4162
420 327 423 332 .
456 267 493 325 a.
513 270 592 328 rore.
612 271 691 329 1544.
985 269 1047 337 555

126 460 236 521 conss,
261 444 445 520 serpentes,
476 435 593 520 lupos,
608 437 730 518 vulpes,
758 444 789 498 et
809 440 836 500 si
859 458 920 519 quc
941 440 1048 521 peiore

125 532 195 586 sunt
218 531 359 586 monstro
380 522 495 584 diaboii
512 523 637 584 furentis
651 522 826 598 ministerio,
850 522 878 582 id
901 530 948 583 est
969 513 1048 583 inter

125 607 252 668 fallaces
284 606 495 686 consiliarios,
532 604 667 686 pcrfldos
702 607 839 686 amicos,
873 605 1047 685 proditores

126 693 296 768 ministros,
328 706 457 770 rapaces
480 709 634 770 proceres,
656 690 724 769 ipse
745 709 822 749 unus
844 697 876 749 et
890 689 973 750 solus
997 710 1047 750 ne·

125 780 216 852 queat
239 792 317 834 onus
340 775 601 835 snurnsustinere
623 779 655 833 et
676 770 858 851 perdurare,
892 780 923 832 et
945 778 1047 833 tamen

123 859 202 918 iuter
224 857 282 917 bos
305 856 408 917 rivere
432 863 463 919 et
484 876 591 936 regere
613 857 742 935 cogitur.
786 856 943 935 Principes
966 857 1045 916 eninr

125 949 155 1002 et
177 939 258 1020 quod
287 942 437 1020 optimum
464 948 496 1001 ct
517 959 668 1000 summum
700 940 730 998 in
754 938 867 999 mundo
891 946 938 999 est
959 940 1049 999 unice

124 1029 157 1084 et
177 1023 354 1084 avidissime
375 1023 461 1103 petit,
483 1020 634 1084 delicatae
656 1029 704 1082 est
724 1022 816 1102 guise
832 1021 883 1100 (ut
904 1021 977 1082 dicit
987 1021 1047 1082 Hc-

125 1107 259 1187 bacuc),
287 1124 360 1167 esce
381 1107 447 1166 eius
470 1107 579 1186 electu,
603 1112 633 1167 et
656 1106 777 1186 tyranni
799 1105 959 1166 ridiculum
978 1106 1047 1166 eius

125 1197 205 1252 suut.

208 1272 403 1352 Quapropter
429 1270 664 1333 commendatos
696 1269 809 1331 hebeat
836 1270 893 1332 sibi
916 1271 1049 1332 ecclesie

125 1363 157 1417 et
177 1357 313 1434 quisquis
336 1360 400 1433 est,
422 1355 475 1435 qui
497 1354 608 1415 Christi
631 1373 701 1414 esse
721 1353 868 1432 voluerit,
890 1354 948 1414 hos
971 1355 1048 1432 opti·

125 1458 192 1498 mos
221 1437 378 1518 Principes
411 1445 443 1498 et
469 1457 574 1499 eorum
606 1436 707 1498 studia
735 1455 772 1496 ac
800 1436 1048 1516 gubernationes,

124 1521 207 1582 fideli
243 1528 274 1581 et
312 1522 392 1581 seria
423 1520 504 1600 apud
528 1521 626 1580 Deum
662 1521 803 1580 oratione
833 1521 917 1580 iuvet
941 1526 1049 1580 contre

125 1604 296 1685 diabolum,
326 1603 447 1665 hostem
476 1603 598 1665 illorum
621 1597 829 1683 praecipuum.
872 1602 941 1679 Qus
962 1604 992 1662 tn
1016 1621 1048 1663 re

124 1689 273 1748 faciemus
301 1706 365 1748 non
393 1687 493 1747 scium
524 1688 729 1767 gratissimum
758 1685 941 1746 sacrificium
969 1686 1048 1762 Deo,

125 1770 179 1832 sed
201 1769 293 1831 nobis
315 1771 391 1848 ipsis
414 1788 538 1849 qnoque
560 1770 767 1830 necessarium
790 1778 823 1829 et
842 1770 976 1829 salutare
998 1769 1048 1830 ba·

126 1853 279 1915 neflcium.
321 1851 397 1928 Quis
409 1854 489 1913 enim
502 1852 683 1933 cogitando,
702 1852 815 1913 nedum
830 1851 963 1913 dicendo
977 1868 1051 1913 coa·

125 1938 211 2016 sequi
234 1941 348 2018 potest,
370 1954 461 2016 quam
485 1934 576 1997 beata
598 1954 646 1996 res
668 1936 717 2012 sit,
739 1935 796 1995 sub
819 1934 901 1996 bono
918 1943 948 1997 ct
971 1934 1049 1994 selu-

126 2022 183 2080 tari
205 2020 343 2100 principe
363 2019 480 2098 vivere,
510 2021 560 2098 qui
584 2025 615 2080 et
634 2018 764 2099 glorium
788 2018 844 2078 Dei
866 2025 897 2079 et
918 2017 1048 2085 sulutem

124 2102 312 2184 reipublicae
344 2108 488 2182 quaerat,
519 2109 632 2182 augeat
663 2108 694 2162 ct
725 2101 908 2163 conservet?
948 2101 1051 2163 »oon-

125 2198 197 2246 sunt
225 2187 302 2247 haec
329 2191 362 2246 et
384 2183 436 2268 (ut
457 2184 613 2266 Scriptura
636 2185 786 2264 loquitur)
818 2183 1051 2245 benedictioneti

126 2270 184 2330 Dei
207 2269 468 2349 opulentissimae.
891 2287 895 2293 ·

211 2352 281 2432 lpse
316 2351 466 2412 Dominus
493 2350 577 2410 lesus
601 2349 764 2425 Christus,¹
784 2348 863 2408 filius
887 2349 962 2425 Dei,
998 2348 1049 2425 qui

126 2436 230 2514 coepit
252 2433 366 2494 bonurn
404 2451 482 2513 opus
509 2450 597 2493 suun
621 2433 650 2491 in
681 2432 746 2492 istis
769 2430 911 2492 iratribus
935 2429 1049 2490 Princi-

127 2519 226 2598 pibus,
249 2516 311 2595 dct,
334 2522 366 2576 ut
390 2534 451 2577 non
474 2515 574 2577 solum
596 2515 664 2574 uiiis
687 2509 889 2594 principibus,
913 2513 968 2574 sed
991 2513 1049 2572 sibi

110 2602 201 2681 ,ipsis
236 2600 292 2660 bas
325 2599 402 2660 duus
433 2599 589 2660 orationes
624 2596 864 2657 cumulatissime
899 2616 992 2676 opere
1020 2602 1050 2656 et

126 2684 225 2745 fructu
255 2682 425 2758 recitarint',
456 2683 585 2743 recitent
616 2681 829 2759 retineantque
862 2699 983 2760 semper
1009 2677 1048 2738 cd

126 2767 257 2848 gloriam
280 2767 338 2827 Dei
360 2772 392 2826 et
413 2764 542 2826 salutem
565 2765 733 2842 hominum,
755 2763 864 2826 Arnen.

513 3045 550 3108 A.
574 3044 665 3130 1544.

127 3213 186 3298 28)
210 3213 411 3276 Praefatio
429 3209 460 3290 ¹)
491 3211 527 3272 D.
550 3209 591 3273 M.
615 3210 768 3271 Luiheri
794 3211 832 3271 in
861 3209 897 3277 G.
921 3208 1050 3290 Spatu-

199 3484 226 3552 1)
246 3482 303 3537 Nos
334 3485 437 3536 textum
467 3476 645 3549 repetivimus
674 3493 708 3532 cx
726 3473 863 3531 Seckend.
882 3474 951 3529 Hist.
971 3473 1051 3528 Lutb.

126 3555 187 3612 Lib.
208 3555 256 3609 ΙΙΙ.
276 3553 349 3610 Sect.
369 3553 412 3609 30.
442 3555 466 3617 ξ.
488 3551 539 3607 118
558 3566 585 3618 p.
605 3549 666 3609 518,
695 3549 756 3603 coli.
777 3563 838 3602 cum
858 3547 988 3601 deWettii
1006 3545 1051 3600 ed.

126 3631 197 3696 Epp.
217 3625 294 3681 Lutb.
312 3626 345 3679 T.
364 3623 389 3679 V
408 3641 434 3694 p.
454 3625 518 3688 635;
538 3624 695 3692 germanice
713 3620 837 3676 redditur
856 3617 926 3673 haec
943 3616 1052 3688 praeta·

126 3700 167 3754 tio
183 3696 340 3756 inWalchii
359 3696 402 3751 ed.
422 3693 494 3765 Opp.
515 3693 590 3748 Luth.
609 3693 642 3754 Τ.
663 3694 731 3769 XIV,
754 3694 806 3757 391
826 3697 854 3749 et
872 3691 899 3750 in
918 3690 962 3746 cd.
975 3689 1050 3760 Lips.

127 3771 211 3826 xx11.
230 3786 258 3845 p.
278 3771 339 3830 135.
359 3766 491 3842 Append.
785 3798 789 3809 ·
969 3788 972 3793 ·
