2348 4162
190 233 252 299 144
429 235 473 291 De
491 250 574 291 servo
592 234 708 292 arbitrio
727 237 761 292 D.
778 237 814 293 ll.
833 238 864 293 L.

189 407 316 466 insanus
350 424 438 483 sum,
461 406 511 485 qui
535 405 575 466 ob
600 406 783 485 pecuniam,
817 425 910 488 quam
932 423 990 467 neo
1010 404 1114 469 habeo

190 507 248 549 neo
270 488 377 569 cupio,
399 493 451 548 ant
474 487 515 549 ob
536 489 689 569 gloriam,
712 507 803 569 quam
842 490 869 550 si
890 488 1029 566 vellem,
1050 507 1115 551 non

188 589 313 652 possem
335 573 366 632 in
390 570 503 631 mundo
525 573 570 632 siu
593 571 665 633 mihi
689 572 810 633 infenso
833 571 983 653 obtinere,
1007 578 1061 633 aut
1073 572 1114 634 ob

190 655 283 715 vitam
307 655 457 733 eorporis,
480 672 559 732 quae
572 653 657 715 nullo
680 663 837 717 momento
852 655 925 717 mibi
939 663 1024 716 oerta
1045 673 1115 715 esse

189 743 301 818 potest,
324 745 410 799 tanto
432 740 546 812 animo,
570 745 655 797 tanta
678 740 860 811 constantia,
877 757 969 818 quam
992 746 1023 798 tu
1047 756 1114 819 per·

188 821 336 880 vinauiam
359 838 464 899 vooas,
486 828 599 899 pertot
621 821 758 900 peribula
779 822 869 902 vitae,
890 840 944 901 per
957 828 1004 881 tot
1031 820 1114 893 odia,

189 922 244 983 per
266 910 312 963 tot
337 903 485 981 insidias,
517 901 649 963 breviter
676 923 731 982 per
758 903 851 965 furias
891 903 1049 965 bominum
1082 910 1116 965 et

188 985 385 1064 daemonum,
407 987 624 1046 banooausam
642 993 703 1047 tam
728 986 779 1046 diu
802 1005 895 1066 agere
916 993 947 1047 et
962 987 1115 1047 sustinere

188 1068 310 1130 vellem.
355 1068 404 1129 An
429 1070 482 1130 tibi
505 1070 561 1129 soli
585 1077 673 1149 putas
696 1088 850 1148 essebur,
873 1069 956 1147 quod
979 1070 1047 1130 istis
1068 1076 1116 1129 tu·

187 1151 332 1212 mullibus
355 1151 588 1212 commovetur?
630 1151 697 1213 Neo
725 1171 782 1212 nos
806 1155 892 1213 saxei
915 1171 1030 1232 snmus,
1061 1159 1115 1211 ant

188 1254 228 1295 ex
250 1234 409 1314 Marpesiis
433 1234 571 1296 oautibus
594 1236 667 1301 uati.
710 1234 770 1295 Sed
793 1235 917 1316 qnando
936 1236 1026 1297 aliter
1047 1233 1114 1295 fleri

187 1337 251 1377 non
275 1324 387 1397 potest,
411 1316 674 1398 praeelegimnsl)
700 1318 861 1397 temporali
896 1318 1026 1379 tumultu
1047 1318 1114 1379 ool·

187 1399 251 1477 lidi,
272 1400 384 1460 hilares
406 1402 437 1460 in
460 1403 558 1480 gratia
580 1401 636 1461 Dei
658 1399 698 1461 ob
722 1400 848 1462 verbum
862 1402 919 1462 Dei
941 1402 1059 1462 invioto
1082 1408 1116 1460 et

187 1483 408 1563 incorruptibili
432 1487 535 1543 animo
558 1484 772 1562 asserendum,
802 1503 893 1563 quam
917 1492 1044 1545 aeterno
1066 1487 1113 1545 tu·

188 1566 301 1643 multu,
334 1566 389 1627 sub
424 1567 469 1626 ira
491 1566 563 1642 Dei,
600 1568 734 1628 oruoiatu
768 1567 953 1627 intolerabili
984 1567 1122 1628 oonteri.'

190 1648 329 1710 Christus
351 1650 448 1725 faxit,
470 1658 503 1709 nt
523 1651 642 1709 animus
666 1655 734 1710 tuns
757 1650 824 1710 talis
847 1669 909 1711 non
942 1651 1001 1728 eit,
1034 1650 1114 1709 aient

188 1740 263 1812 opto
285 1741 317 1793 et
338 1751 447 1812 spero,
482 1739 564 1792 uerte
586 1733 764 1813 verbotuo
786 1734 831 1794 sio
853 1737 992 1810 sonant,
1024 1732 1113 1811 quasi

187 1833 256 1877 oum
278 1815 414 1895 Epicuro
437 1815 556 1876 fabulas
579 1834 648 1875 esse
670 1824 759 1895 putes
782 1816 907 1876 verbum
934 1817 987 1876 Dei
1016 1823 1047 1876 et
1068 1815 1116 1877 lu·

187 1904 285 1959 turam
309 1899 413 1978 vitam,
436 1898 507 1958 dum
531 1900 709 1976 magisterio
732 1906 785 1959 tuo
809 1899 898 1960 uobis
931 1905 1021 1959 autor
1043 1917 1115 1959 esse

187 1978 244 2061 vis,
266 1987 300 2041 ut
320 1983 419 2061 gratia
440 1980 621 2042 Pontifionm
644 1989 675 2040 et
684 1981 858 2061 Priuoipum
882 1982 929 2041 vel
947 1983 1034 2061 panis
1057 1981 1113 2041 bu·

185 2064 241 2127 ius¹
256 2065 458 2125 certissimum
479 2064 606 2127 verbum
624 2065 680 2124 Dei
703 2083 759 2144 pro
783 2064 852 2125 loeo
874 2065 1114 2125 intermittamus

187 2154 219 2207 et
240 2146 395 2226 dedamus,
417 2166 478 2226 qno
501 2149 675 2208 intermisso
697 2146 813 2226 Deum,
837 2146 944 2227 fidem,
977 2146 1112 2207 salutem

187 2236 219 2289 et
240 2232 345 2292 omnia
366 2230 537 2292 Christiana
574 2231 822 2308 intermittimus,
858 2236 973 2310 quanto
995 2230 1113 2292 reotius

187 2311 325 2374 Christus
344 2333 402 2374 nos
425 2321 553 2389 monet,
576 2320 609 2373 ut
627 2315 728 2393 potins
751 2320 848 2375 totum
872 2313 1018 2374 mundum
1040 2331 1114 2375 oon·

187 2402 369 2458 temnamus.
935 2405 936 2409 ’

270 2480 316 2540 Tu
338 2479 414 2540 diuis
438 2497 511 2538 vero
535 2477 624 2557 talia,
656 2478 738 2557 quod
768 2497 831 2539 non
861 2478 939 2558 legis
969 2477 1018 2539 vel
1048 2495 1114 2538 nou

188 2564 346 2643 observas,
369 2562 449 2622 bauo
472 2560 703 2621 essafortunam
718 2563 1001 2623 constantissimam
1026 2559 1113 2622 verbi

185 2644 260 2727 Dei,
290 2652 323 2706 ut
343 2645 383 2707 ob
406 2646 505 2725 ipsum
528 2643 660 2704 mundus
689 2645 897 2708 tumultuetur.
939 2643 1036 2723 quue
1057 2662 1115 2724 pa-

185 2731 247 2790 lam
271 2729 381 2791 asserit
402 2727 549 2805 Christus,
572 2727 642 2788 Non
660 2729 730 2788 veni
754 2725 887 2810 (inquit)
914 2745 1025 2807 paoem
1046 2728 1114 2787 mit·

184 2820 259 2892 tere,
282 2810 337 2871 sed
359 2809 504 2890 gladium,
528 2818 558 2871 et
580 2812 610 2869 in
628 2809 727 2870 Luna:
755 2811 860 2890 lguem
888 2811 960 2871 veni
992 2811 1114 2871 mittere

184 2897 217 2955 irr
238 2901 367 2970 terram;
390 2901 420 2953 et
441 2893 555 2953 Paulus
579 2898 607 2956 1.
631 2892 766 2953 Corinth.
790 2896 823 2958 6:
849 2893 884 2955 ln
907 2890 1111 2953 seditionibus

185 2984 260 3055 eto.;
293 2985 323 3039 et
343 2976 499 3057 Propheta
522 2976 643 3036 Psalmo
666 2979 695 3040 2.
717 2975 799 3036 idem
828 2977 955 3056 eopiose
983 2980 1114 3036 testatur

185 3079 337 3136 asserens,
360 3059 535 3120 tumultuari
557 3066 676 3138 gentes,
697 3059 826 3119 fremere
848 3058 994 3138 populos,
1016 3060 1112 3119 iosus

184 3162 257 3224 gere
280 3162 379 3223 reges,
402 3143 580 3222 conspirare
604 3143 756 3221 principes
781 3140 928 3202 adversus
942 3142 1111 3203 Dominum

184 3235 215 3287 et
237 3227 385 3288 adversus
409 3226 561 3287 Christum
586 3227 667 3304 eius,
697 3226 784 3303 quasi
815 3225 911 3302 dieat,
937 3222 1112 3303 multitudo,

184 3310 324 3388 altitudo,
347 3327 432 3389 opes,
454 3310 604 3388 potentia,
627 3310 795 3388 sapientia,
818 3309 947 3385 iustitia,
970 3315 1002 3369 et
1024 3309 1112 3388 quio·

184 3391 257 3472 quid
278 3402 324 3453 est
345 3391 476 3452 sublime
498 3393 529 3450 in
553 3390 676 3472 mundo,
700 3410 769 3451 sese
783 3392 914 3471 opponit
937 3390 1112 3451 verboDei.

183 3475 262 3537 Vide
283 3478 313 3535 in
335 3475 420 3537 Actis
442 3474 674 3554 apostolorum,
701 3472 775 3553 quid
799 3473 920 3534 aooidat
941 3475 972 3533 in
995 3472 1110 3534 mundo

184 3557 224 3619 ob
247 3560 335 3619 unius
357 3557 442 3618 Pauli
469 3564 519 3631 (ut
540 3556 619 3616 alios
634 3557 804 3638 Apostolos
819 3554 958 3638 taoeam)
971 3555 1108 3633 verbum,

195 3688 262 3699 ...-

253 3743 282 3803 1)
301 3740 332 3793 In
351 3739 394 3794 ed.
420 3742 489 3797 1525
509 3745 538 3794 ot
557 3742 620 3794 lan:
640 3740 848 3808 praeeligimns.
