2348 4162
202 246 266 325 256,
444 247 489 305 Do
506 262 589 305 servo
607 246 722 304 arbitrio
740 246 776 303 D.
793 247 829 303 ut.
847 246 879 303 L.

203 435 279 499 ergo
300 417 399 478 estin
420 417 641 494 instrumentis,
662 434 742 496 quse
765 417 962 492 otioseiieus
984 434 1131 479 essenon

203 503 284 582 sinit,
307 498 389 581 quod
402 500 484 561 mele
497 499 583 583 fiunt,
604 507 749 562 movente
760 500 829 580 ipso
850 498 931 581 Deo,
954 518 1018 563 uon
1033 499 1132 580 aliter,

203 603 294 665 quum
317 585 343 644 si
365 583 450 645 teber
471 585 570 645 seeuri
592 591 709 644 serrato
731 589 763 645 et
788 583 915 645 tenuta
942 582 1025 646 mole
1046 600 1132 645 seon·

201 676 258 733 ret.
300 667 380 728 Hine
401 666 449 748 fit,
479 667 562 747 quod
582 668 696 748 impius
718 685 781 727 nou
802 666 902 748 possit
923 686 986 729 nou
1009 685 1132 748 semper

202 771 302 814 errore
324 757 355 812 et
376 769 516 831 peooere,
538 749 620 830 quod
642 755 733 833 raptu
754 749 877 811 divinoe
888 751 1048 831 potentiue
1065 768 1130 813 mo·

201 842 250 896 tus
273 835 362 896 otiari
383 853 446 896 nou
467 836 584 913 sinitur,
605 834 660 895 sed
674 834 758 912 velit,
780 834 894 915 cupiet,
915 833 1009 899 iuoiut
1018 833 1131 915 taliter,

203 919 301 999 quotis
322 920 390 999 ipse
411 924 467 983 est.

284 1002 369 1063 Haeo
389 1008 457 1063 rste
483 1006 515 1060 et
536 1004 620 1061 certe
640 1003 727 1080 sunt,
759 1000 785 1061 si
815 999 967 1062 oredimus
989 1001 1129 1081 omnipo·

199 1090 313 1147 tentem
336 1103 405 1147 esse
430 1084 545 1163 Deum,
574 1081 686 1144 deiude
715 1082 842 1165 impium
864 1103 934 1147 esse
958 1090 1129 1145 ereaturam

202 1169 269 1249 Dei,
292 1186 432 1229 eversam
455 1185 529 1227 vero
550 1166 750 1244 relictamque
771 1166 830 1228 sibi
850 1168 918 1230 siue
940 1169 1049 1249 spiritu
1071 1166 1128 1227 uei

200 1270 262 1312 uon
285 1270 378 1331 posse
410 1250 492 1313 velle
523 1256 576 1309 eut
604 1249 705 1310 faeere
727 1249 852 1312 bonum.
895 1250 1129 1332 Omnipoteutie

200 1334 258 1395 Dei
279 1335 367 1413 feeit,
389 1341 423 1395 ut
442 1333 555 1415 impius
582 1352 644 1394 nou
666 1334 766 1413 possit
786 1341 903 1395 motum
920 1337 953 1396 et
973 1334 1127 1396 sotionem

200 1418 257 1478 Dei
287 1418 433 1497 eredere,
466 1415 521 1478 sed
555 1417 732 1478 necessario
764 1416 808 1478 ilii
844 1418 1001 1480 subiectus
1031 1421 1128 1498 peret.

199 1501 361 1580 Corruptio
385 1520 458 1561 vero
481 1519 536 1561 seu
558 1500 679 1560 aversio
703 1500 750 1561 sui
771 1501 870 1562 sDeo
891 1501 977 1581 ieoit,
999 1507 1033 1562 ιιι
1047 1500 1128 1563 bene

200 1586 317 1645 moveri
339 1592 370 1645 et
390 1585 456 1665 rspi
478 1602 540 1644 non
562 1583 670 1665 possit.
715 1583 797 1644 Deus
824 1603 911 1645 suem
934 1585 1127 1666 omnipotens

200 1669 274 1730 tiam
298 1686 360 1729 uon
383 1672 488 1746 potest
509 1668 649 1727 omittere
670 1672 796 1747 propter
817 1667 898 1729 illius
920 1668 1126 1747 eversionem,

197 1753 308 1831 impius
343 1769 417 1811 vero
446 1769 532 1810 suem
562 1749 756 1810 eversionem
779 1769 841 1812 uon
872 1756 977 1831 potest
997 1757 1125 1813 mutere.

197 1834 243 1895 Ite
264 1833 313 1914 fit,
344 1840 377 1894 ut
399 1841 548 1914 perpetuo
578 1839 610 1894 et
629 1834 806 1895 necessario
843 1841 954 1916 pesoet
983 1840 1017 1896 et
1037 1838 1124 1915 erret,

197 1917 298 1978 donee
323 1918 429 1998 spiritu
454 1917 510 1977 Dei
533 1918 711 1996 corrigatur.
752 1913 790 1978 Iu
811 1916 858 1978 his
885 1936 960 1979 vero
983 1916 1124 1979 omuibus

196 1999 291 2061 Buten
315 1999 416 2062 edhuo
436 2000 466 2060 iu
490 2018 568 2080 paee
588 2005 715 2080 regnet,
735 2005 766 2061 et
787 2000 897 2062 utrium
919 2020 1009 2062 suum
1044 2000 1123 2082 quio·

198 2090 260 2144 tum
283 2083 422 2163 possidet
453 2082 617 2144 submotu
644 2083 705 2144 isto
728 2082 850 2144 divinoe
871 2084 1122 2165 omnipotentius

197 2167 272 2229 Post
293 2167 371 2227 hese
392 2185 466 2228 vero
489 2167 625 2246 sequitur
635 2165 836 2228 indurationis
849 2169 1020 2248 negotium,
1043 2164 1121 2248 quod

198 2252 242 2313 sie
263 2249 364 2315 hebet.
406 2249 522 2329 Impius
561 2247 611 2332 (ut
633 2250 782 2325 diximus)
817 2251 896 2312 siout
922 2257 954 2312 et
980 2250 1121 2332 prinoeps

197 2353 270 2394 suus
290 2331 386 2397 Setun
409 2340 491 2394 totus
514 2339 561 2393 est
582 2351 688 2393 versus
715 2331 754 2393 ed
776 2352 810 2394 se
833 2341 865 2395 et
886 2332 925 2396 ed
949 2353 1023 2414 sue,
1062 2352 1121 2397 non

196 2419 323 2498 requirit
343 2418 456 2494 Deum,
479 2435 537 2477 uee
559 2422 646 2477 curet
662 2435 717 2497 ee,
749 2435 829 2497 quse
851 2415 910 2478 Dei
932 2425 1021 2497 suut,
1054 2434 1121 2479 sum

198 2520 284 2582 opes,
307 2520 377 2560 suas
399 2500 530 2581 glorius,
553 2519 610 2560 sue
631 2517 744 2580 opere,
767 2519 855 2561 suum
876 2519 1006 2581 supere,
1036 2519 1120 2562 suum

196 2602 299 2665 posse,
325 2592 355 2645 et
377 2585 503 2647 omuino
517 2602 605 2644 suum
626 2601 756 2663 reguum
774 2584 903 2663 quaerit,
923 2583 1048 2664 illisque
1062 2582 1122 2645 vult

195 2668 228 2727 in
250 2687 327 2747 paee
347 2668 413 2732 frui.
456 2665 546 2741 Quod
574 2666 690 2745 siquis
713 2668 742 2727 ei
762 2667 899 2745 resistet,
928 2673 982 2728 eut
1010 2663 1119 2748 aliquid

195 2749 304 2811 horum
326 2750 457 2811 voluerit
483 2751 680 2829 imminuere,
715 2750 824 2810 eedem
852 2751 1032 2829 eversione,
1063 2768 1121 2831 qm

195 2833 248 2894 ilis
270 2835 397 2914 quaerit,
421 2834 513 2894 etiem
537 2840 676 2894 movetur
698 2839 729 2894 et
749 2833 936 2914 indignetur,
957 2840 990 2896 et
1009 2833 1119 2895 furitis

196 2916 414 2978 adversarium.
456 2916 497 2977 Ει
517 2935 579 2977 nou
602 2924 663 2977 tem
687 2923 791 2997 potest
812 2935 875 2978 uon
896 2916 1008 2996 furere,
1032 2934 1118 2998 quum

196 3018 258 3060 nou
281 3006 384 3081 potest
404 3018 467 3060 nou
489 3018 600 3081 oupere
622 3006 654 3060 et
674 3016 831 3078 quaerere,
851 3005 884 3061 et
904 3006 966 3061 tom
991 3019 1054 3063 nou
1068 3017 1119 3082 po·

195 3089 256 3144 test
277 3101 340 3145 nou
363 3102 484 3165 supero,
507 3101 599 3162 quem
621 3088 872 3164 nonpotestuou
895 3102 976 3165 esse,
1001 3103 1070 3145 oum
1083 3082 1119 3144 sit

196 3174 336 3229 ereetum
355 3167 423 3246 Dei,
446 3166 519 3227 lieet
541 3167 654 3230 vitiato.

277 3250 335 3313 Hie
363 3257 410 3312 est
431 3250 485 3311 iiie
510 3249 595 3310 iuror
616 3247 721 3309 mundi
743 3248 891 3310 adversus
912 3247 1116 3330 Evangelium

195 3332 262 3415 Dei,
287 3353 357 3395 nom
379 3352 436 3415 per
449 3332 650 3414 Evangeiium
663 3332 747 3393 veuit
767 3331 821 3392 ille
841 3331 961 3412 fortior,
983 3335 1116 3397 visurus

195 3419 262 3477 atrii
286 3418 421 3497 quietum
443 3435 674 3498 possessorem,
707 3422 739 3477 et
760 3415 886 3476 damnet
906 3415 984 3477 istus
1007 3413 1116 3497 eupidi-

194 3506 273 3561 tetes
296 3500 424 3580 glories,
448 3518 552 3580 opum,
574 3499 747 3580 sapientise
763 3506 795 3560 et
806 3499 943 3561 iustitiae
964 3500 1114 3581 propriso,

195 3591 225 3644 st
247 3584 367 3664 omnio,
401 3584 432 3643 iu
463 3582 571 3662 quibus
600 3581 736 3645 eoniidit.
780 3581 865 3643 Haeo
889 3583 960 3662 ipss
991 3582 1113 3643 intutis

192 3667 366 3746 impiorum,
389 3685 457 3727 eum
472 3665 557 3728 Deus
571 3665 631 3725 illis
652 3667 838 3726 eontrarium
863 3664 938 3726 dioit
959 3672 1014 3728 sut
1035 3664 1111 3741 feeit

195 3766 286 3831 quem
309 3749 436 3829 velient,
466 3756 514 3811 est
533 3750 672 3831 ipsorum
700 3748 854 3811 induratio
878 3755 909 3811 et
929 3748 1109 3833 ingravatio.
