2348 4162
664 39 696 61 .-

192 254 256 320 466
466 252 568 324 capita
584 249 653 309 fidei
669 250 839 309 abristianae

195 422 328 503 raudus,
348 421 552 501 invocandus,
585 442 687 503 neque
708 442 768 503 ego
791 423 843 484 tibi
867 421 976 502 ferias,
999 421 1116 498 ieiunis,

195 507 364 585 saerilloia,
395 507 505 567 Missas
525 508 686 568 instituere
708 506 826 584 debeo,
859 514 889 567 et
929 507 960 564 in
983 511 1014 565 te
1037 523 1116 585 spem

195 591 304 652 salutis
336 610 463 672 ponere.
522 588 653 652 Possum
686 597 716 650 te
749 590 811 651 alia
847 591 968 650 ratione
1007 588 1116 661 uolere,

195 693 310 752 amare,
332 681 363 735 et
382 674 435 734 tibi
456 674 570 753 gratias
605 692 698 754 agere
728 675 758 733 in
781 672 915 734 Christo.
958 670 1051 731 Nune
1072 669 1117 731 ubi

195 757 346 817 idolatriei
370 757 659 836 eultusangelorum
682 764 714 816 et
736 763 925 817 mortuorum
940 752 1117 816 Senatorum

196 840 300 901 aboliti
324 841 445 916 luerint,
474 839 547 898 nihil
570 839 676 899 afferet
703 840 877 900 detrimenti
913 838 1051 916 reliquus
1072 837 1119 897 ho·

198 943 265 998 nor,
287 925 350 983 imo
373 923 465 983 etiam
488 942 527 981 ex
540 924 689 982 memoria
702 920 859 982 delebitur.
891 919 1024 982 Sublata
1044 921 1118 981 enim

196 1025 252 1086 spe
275 1005 429 1066 commodi
452 1011 483 1064 et
505 1004 631 1065 subsidii
653 1013 716 1065 tum
741 1004 922 1084 corporalis,
945 1011 1010 1063 tum
1034 1003 1119 1084 spiri-

197 1090 297 1167 tualis,
319 1107 410 1149 uerno
433 1088 523 1148 laoile
546 1088 687 1149 adorabit
702 1095 838 1163 sanutus,
859 1088 925 1148 sive
947 1089 1010 1146 sint
1031 1088 1062 1146 in
1077 1104 1119 1146 se·

196 1171 322 1254 putoris,
345 1172 460 1232 sivein
486 1171 589 1233 coelis.
624 1170 736 1231 ¹(iustis
759 1172 840 1231 euim
864 1178 917 1231 aut
938 1188 1050 1230 amore
1069 1167 1119 1229 ad·

197 1254 305 1314 duatus
328 1273 419 1314 nemo
442 1254 562 1315 illorum
586 1254 676 1315 valde
694 1253 914 1330 recordabitur,
938 1271 1034 1314 nemo
1055 1251 1119 1313 illos

197 1337 280 1398 uolet
301 1344 353 1398 sut
375 1338 492 1397 honore
510 1336 631 1399 afficiet.
672 1338 772 1418 Caput
788 1334 862 1397 illud
883 1343 948 1397 est:
971 1333 1119 1415 Quicquid

196 1418 293 1482 Missa
312 1420 419 1497 habet,
454 1420 598 1500 quioquid
621 1441 661 1480 ex
689 1440 727 1481 ea
747 1429 851 1480 natum
882 1426 946 1499 est,
981 1416 1118 1499 quioquid

197 1503 240 1565 illi
262 1503 426 1583 adhaeret,
454 1504 483 1562 id
517 1503 752 1583 haudquaquam
785 1504 918 1564 tolerare
946 1520 1117 1582 possumus,

198 1596 229 1648 et
254 1605 380 1647 neeesse
403 1593 458 1665 est,
479 1593 510 1646 ιιι
533 1585 606 1646 illud
630 1588 826 1665 damnemus,
850 1604 912 1665 quo
936 1602 1118 1645 saerosano·

199 1680 260 1730 tunr
284 1680 507 1730 sacramentum
532 1689 638 1749 purum
662 1676 694 1730 et
715 1678 829 1731 eertum
852 1671 939 1729 iuxta
959 1668 1118 1729 iustitutio-

198 1771 268 1815 nem
283 1753 396 1814 (lhristi
418 1755 448 1812 in
471 1751 532 1813 lide
555 1762 733 1835 usurpatum
756 1760 787 1813 et
808 1760 971 1835 acceptum
995 1752 1118 1813 retinere

198 1855 362 1917 possumus.

514 2001 635 2061 Tertius
658 2001 813 2065 artioulus.

237 2201 242 2207 -
283 2165 422 2245 Collegia
444 2165 670 2226 Gannninorum
694 2172 725 2226 et
737 2166 924 2226 monasteria
946 2166 1022 2227 olim
1040 2165 1116 2226 bono

200 2250 329 2309 oonsilio
352 2250 491 2308 instituta
513 2256 599 2326 sunt,
626 2256 658 2309 ut
685 2248 886 2309 educarentur
915 2248 955 2309 ibi
981 2249 1117 2310 homines

201 2330 285 2394 doeti
307 2341 337 2392 et
359 2331 516 2393 modestae
539 2333 677 2394 feminae.
728 2332 850 2392 Debent
870 2333 975 2410 itaque
996 2334 1027 2392 in
1049 2332 1118 2392 unti-

200 2436 292 2497 quum
316 2425 426 2476 statum
449 2417 576 2489 restitui,
599 2435 637 2475 ne
661 2415 870 2476 desiderentur
891 2415 1031 2494 parochi,
1054 2434 1118 2476 oon·

201 2502 376 2560 nionutores
399 2505 430 2559 et
451 2499 501 2558 alii
522 2499 673 2559 eeclesiae
686 2500 826 2574 ministri,
849 2499 964 2579 quique
986 2498 1025 2558 ad
1048 2516 1119 2559 rem·

200 2582 353 2664 publicam
377 2584 480 2642 vooari
503 2584 623 2661 possint
644 2584 674 2641 in
699 2581 871 2641 civitatibus
894 2590 926 2640 et
946 2582 1118 2661 previusils,

200 2669 273 2725 item
297 2667 426 2725 honeste
455 2664 604 2725 educatae
633 2666 780 2744 virgines,
813 2683 893 2742 quae
922 2672 1034 2744 postea
1055 2682 1119 2724 eva

202 2749 275 2809 daut
298 2752 326 2809 in
358 2749 455 2809 bones
483 2748 736 2810 matresfamilias.
791 2746 909 2821 Quodsi
937 2749 1120 2808 monasteris

201 2832 248 2891 his
281 2832 370 2893 rebus
403 2833 549 2891 inservire
577 2830 691 2908 nolint,
724 2830 830 2891 melius
853 2836 915 2907 est,
948 2838 982 2891 ιιι
1005 2831 1120 2892 deserta

199 2916 322 2975 iaceant
343 2922 396 2975 aut
417 2914 583 2991 diruantur,
608 2933 698 2992 quarn
722 2920 891 2993 utpropter
914 2932 988 2975 suos
1012 2916 1118 2994 impios

202 2999 300 3058 uultus
326 2998 364 3058 ab
393 2997 565 3058 homiuibus
593 2999 734 3058 inventos
769 2996 939 3057 habeantur
970 3000 1120 3058 sanotioru

201 3082 355 3140 communi
380 3080 618 3141 Christianorum
649 3086 729 3140 statu
752 3087 782 3140 et
804 3080 949 3141 divinitus
978 3081 1118 3141 institutis

202 3164 376 3245 muneribus
398 3172 430 3223 et
451 3164 616 3227 ordinibus.
669 3163 747 3223 Narn
770 3170 800 3222 el
823 3163 1029 3224 haecomnia
1052 3182 1120 3244 pug-

201 3255 276 3306 uant
297 3265 365 3306 oum
394 3248 492 3326 primo
509 3248 669 3328 principali
696 3246 825 3307 articulo
848 3245 887 3306 de
912 3247 1121 3327 redemptione

202 3337 306 3390 nostra
339 3349 394 3409 per
414 3329 513 3390 lesum
548 3330 711 3390 Christum.
753 3330 800 3389 Ad
831 3329 910 3390 baeu
943 3331 1043 3407 (siout
1064 3330 1121 3390 alis

91 3428 99 3443 ·
201 3413 357 3473 hominum
380 3413 524 3487 iuventa)
555 3413 668 3473 nullum
691 3412 805 3473 habent
827 3411 1028 3492 mandatum,
1063 3431 1120 3475 uon
1158 3474 1161 3479 ,

201 3505 272 3556 sunt
304 3496 479 3556 necessaria
510 3514 610 3574 neque
645 3496 743 3573 utilia,
775 3496 907 3575 denique
934 3497 1122 3576 periculosus

201 3587 230 3638 et
254 3580 442 3659 perniciosas
466 3579 622 3639 molestias
645 3580 775 3658 pariunt.
808 3578 886 3638 Nam
909 3588 939 3639 et
956 3581 1121 3661 prophetae

202 3662 279 3723 tales
301 3662 400 3722 nultus
422 3661 581 3744 appellant
602 3663 700 3740 Aren,
723 3663 783 3723 hon
805 3667 862 3741 est,
885 3663 1056 3727 molestias.
