2348 4162
69 254 73 262 .
173 236 231 306 ,96
437 292 440 297 ,
477 203 821 295 concionaturum
874 324 877 329 Ι

189 386 252 468 rem
276 408 352 487 Dei,
384 407 475 469 fidem
500 415 530 469 et
550 410 731 471 interiorem
751 384 968 488 obedientiam,
1001 408 1110 477 harum

189 496 348 571 utramque
370 491 570 553 administrat
550 500 665 554 tronem
688 495 748 554 iam
771 495 800 553 in
823 494 878 555 ilio
899 492 1015 572 populo
1038 509 1111 552 con·
1145 488 1148 492 ’

189 575 328 635 stituerat
349 575 465 674 ΒΗειιι,
481 575 609 637 dederat
596 577 838 674 tpraeeipuum
873 575 1112 656 gubernatorem
1163 580 1165 585 '

33 714 57 729 ,.
112 714 116 719 .
191 657 308 737 Mosen,
333 659 384 737 qui
406 661 465 718 et
458 679 525 739 ipse
546 659 662 740 populo
676 659 826 720 diceba
786 667 875 740 trus,
899 659 958 718 et
951 677 1011 719 ram
1034 676 1112 733 con-

189 739 257 801 silio
293 742 348 801 viri
385 742 532 822 sapientis
561 744 661 803 soceri
695 742 742 803 sui
774 743 879 804 Ietbro
908 728 1113 802 constituerat

190 824 372 902 praefectos,
395 828 590 905 magistratus
613 833 645 886 et
632 825 792 904 tiudioes,
815 845 869 906 per
891 843 968 904 quos
985 824 1113 903 politica

149 972 152 977 ,
189 906 384 985 gubernatio
406 906 683 970 administrabatur.
741 908 862 970 Deinde
894 927 948 988 per
981 906 1112 967 eundem

160 988 297 1069 ‚Mosen
320 989 446 1051 dederat
480 998 511 1051 et
533 991 702 1064 doctrinam
737 991 774 1052 de
798 1012 870 1057 vera
892 991 1050 1070 agnitione
1082 996 1119 1051 et

189 1073 271 1133 cuitu
294 1073 350 1133 Dei
357 1080 547 1173 ,acceptam
571 1095 590 1134 a
613 1074 767 1154 patribus,
805 1094 859 1155 ρει
883 1093 960 1153 quos
984 1073 1114 1133 traditae

190 1161 277 1216 erant
326 1157 546 1236 promissiones
581 1158 751 1238 Evangelii.
819 1157 982 1218 Habebant
1020 1156 1114 1238 igitur

189 1247 348 1318 utramque
372 1247 402 1300 et
420 1240 580 1324 politicam
604 1241 869 1320 gubernationem,
892 1259 971 1319 quae
994 1245 1114 1300 tantum

71 1309 82 1403 Ἰ
127 1310 132 1318 ’
192 1328 238 1382 est
260 1328 387 1383 externe
412 1342 449 1383 ac
472 1326 663 1405 corporatis,
687 1324 724 1383 ad
748 1323 836 1384 huius
870 1323 953 1383 vitae
973 1323 1113 1383 necessi·

191 1392 294 1482 tatem,
317 1414 348 1466 et
361 1425 439 1484 eam,
462 1416 602 1485 quaeest
625 1408 781 1467 ministerii
797 1398 1007 1484 ecelesiastici,
1031 1424 1114 1484 quae

74 1512 77 1519 ·
191 1494 238 1547 est
259 1489 382 1568 proprie
404 1485 569 1568 spiritualis
592 1497 623 1549 et
644 1498 781 1553 aeterna
818 1490 884 1549 Etsi
896 1509 979 1549 ειιιιιι
1004 1494 1035 1548 ει
1057 1490 1112 1549 nri·

189 1573 346 1632 nisterium
370 1573 488 1633 visibile
525 1579 590 1652 est,
621 1580 651 1633 et
682 1580 789 1634 coetus
822 1572 974 1648 visibilis,
1009 1578 1113 1632 tamen

190 1672 268 1733 quae
301 1674 356 1734 per
377 1655 438 1715 hoe
472 1621 682 1716 efficiuntur
675 1677 704 1716 ιιι
729 1654 871 1716 cordibus
895 1674 1021 1735 eorum,
1055 1656 1115 1749 qui

32 1722 35 1729 Α
131 1810 134 1815 Ι
194 1737 321 1798 audiunt
342 1744 373 1799 et
394 1738 523 1799 eredunt
550 1738 666 1818 verbo,
689 1737 806 1800 seilicet
840 1738 980 1798 remissio
1004 1755 1114 1833 pecca

188 1826 288 1881 torum
312 1826 343 1881 et
364 1821 490 1883 donatio
514 1822 595 1883 vitae
622 1831 767 1883 aeternae
789 1830 866 1900 eta,
891 1841 928 1881 ea
950 1840 1013 1882 non
1036 1812 1114 1882 iu'di·

188 1911 295 1964 cantur
317 1923 420 1986 neque
442 1906 671 1984 conspiciuntur
694 1906 812 1988 oculis,
836 1924 894 1966 nec
917 1905 1115 1965 continentur

109 2018 112 2023 ·
190 1988 324 2047 externis
348 1986 624 2049 observationibus.

274 2068 334 2130 Sed
356 2077 476 2150 praeter
496 2071 574 2131 haec
597 2071 657 2131 duo
686 2069 790 2131 addita
812 2078 859 2130 est
881 2075 912 2130 ει
933 2070 1021 2130 tertia
1043 2088 1113 2150 spe·

191 2154 264 2232 cies,
296 2152 374 2231 quae
407 2161 509 2234 potest
542 2154 659 2214 censeri
695 2154 797 2216 media
829 2155 907 2213 inter
940 2159 1113 2231 utramque
1136 2200 1140 2207 .

192 2234 287 2313 Quia,
310 2241 344 2299 ut
331 2235 443 2314 tdixi,
473 2237 555 2297 huno
577 2237 724 2317 populum
762 2236 957 2316 peculiariter
985 2243 1116 2297 vocarat

190 2326 222 2378 et
243 2326 437 2399 segregatum
460 2320 557 2381 voluit
579 2339 647 2381 esse
670 2321 708 2381 ab
731 2320 798 2385 aliis
820 2319 981 2399 gentibus,
1006 2317 1113 2379 videli-

88 2459 92 2468 ,
190 2408 239 2462 oet
261 2410 295 2462 ut
315 2403 443 2463 sciretur
466 2403 618 2464 Christum
641 2422 679 2463 ex
703 2404 763 2464 hoc
783 2402 900 2483 populo
923 2403 1111 2462 nasciturum

117 2502 120 2507 ·
190 2502 268 2573 esse,
290 2484 406 2547 addidit
429 2486 467 2546 ad
489 2486 572 2547 iliam
596 2486 746 2547 ecclesiae
763 2485 1026 2566 gubernationem,
1050 2474 1113 2546 boe

190 2576 247 2649 ast,
270 2568 308 2628 ad
333 2570 530 2630 ministerium
554 2569 729 2648 doetrinae,
766 2574 867 2629 certos
890 2570 963 2629 ritus
990 2560 1112 2629 externi

189 2651 353 2713 sacerdotii
375 2658 406 2712 et
427 2654 628 2731 ceremonias,
652 2652 767 2713 addidit
789 2659 820 2712 et
842 2649 1110 2748 politicaeguber-

188 2735 307 2795 nationi
330 2743 429 2797 sertas
451 2736 535 2816 leges
549 2736 587 2796 de
598 2735 703 2796 formis
721 2734 911 2812 iudiciorum,
934 2735 973 2795 de
990 2735 1111 2815 poenis,

113 2864 116 2873 .
190 2816 228 2877 de
251 2816 451 2879 divisionibus
468 2818 681 2895 hereditatum,
704 2829 735 2878 et
756 2818 880 2894 similes,
902 2837 963 2879 non
984 2836 1111 2896 prorsus

133 2906 136 2912 '
165 2936 168 2943 ·
190 2907 395 2981 congruentes
419 2919 486 2960 eum
510 2903 636 2961 aliarum
657 2903 792 2981 gentium
816 2901 934 2981 legibus
958 2907 1010 2960 aut
1032 2901 1111 2980 poli-

190 2983 249 3053 tiis
292 2983 346 3045 His
369 2983 490 3080 legibus
511 2985 653 3045 omnibus
676 2993 820 3067 tanquam
844 2983 1005 3064 disciplina
1026 2983 1112 3046 hnn'e

188 3066 336 3146 populum
360 3068 509 3127 contineri
538 3076 568 3128 et
590 3070 654 3147 regi
676 3069 792 3147 voluit,
830 3068 873 3127 ita
909 3074 943 3127 ut
963 3073 1110 3146 tanquam

100 3152 104 3162 '
187 3148 315 3210 formam
339 3153 558 3231 praescriptam
581 3150 745 3226 haberent,
775 3115 861 3211 ibxta
884 3168 992 3229 quam,
1026 3151 1110 3229 quod

189 3233 226 3292 ad
250 3222 409 3294 antennam
432 3234 623 3314 disciplinam
648 3235 804 3310 attinet,
797 3255 827 3294 ιιι
852 3235 992 3295 omnibus
1026 3235 1109 3295 vitae

189 3318 320 3395 negotiis
344 3316 409 3379 Deo
433 3324 463 3378 et
484 3317 658 3379 hominibus
673 3316 879 3404 obedientiam
902 3336 990 3377 suam
1014 3324 1106 3378 testa·
1158 3320 1162 3327 '

187 3408 300 3461 rentur.

271 3483 350 3543 Hinc
370 3484 533 3563 igiturhoo
537 3485 683 3581 'primum
701 3489 881 3561 statuamus,
904 3489 999 3543 totam
1022 3483 1108 3544 iliam
1148 3498 1151 3503 '

122 3598 125 3603 ·
188 3563 288 3645 legem
318 3566 485 3627 Mosaicam
517 3568 644 3646 eiusque
675 3567 954 3650 promulgationem
989 3572 1131 3627 tuntum·

188 3648 226 3708 ad
250 3649 397 3732 populum
420 3646 578 3711 Iudaicum
607 3652 809 3731 pertinuisse,
839 3669 897 3710 neo
919 3668 956 3710 ea
978 3648 1114 3729 obligari

80 3742 84 3748 ’
122 3782 145 3791 ..
188 3732 264 3794 alias
285 3739 404 3815 gentes,
426 3753 464 3794 ae
486 3754 524 3795 ne
546 3752 603 3795 nos
625 3733 764 3814 quidem,
792 3735 843 3813 qui
873 3734 1001 3794 dicimur
1024 3732 1107 3795 Chri·
