2348 4162
351 233 379 287 et
397 227 542 288 dootrluae
560 230 726 304 paputioae.
956 234 998 304 39

76 400 169 461 uuioo
192 404 225 462 el
245 401 364 544 optimo
387 400 508 479 ollioio,
530 401 648 463 soilioet
672 402 754 466 verbi
774 405 847 486 Dei,
880 407 1000 488 possint

75 501 200 564 vaoare,
223 502 257 544 se
301 492 452 564 eoguntur
474 488 597 565 saepius
619 487 649 546 iu
673 507 728 548 rua
741 487 844 550 offioia
862 489 998 566 distrahi,

75 567 106 626 iu
131 566 242 646 quibus
264 573 366 628 lemen
390 587 489 648 aeque
512 570 647 630 serviunt
668 570 750 648 Deo,
772 579 864 652 atque
885 573 1000 635 feoiuut
1113 614 1123 659 .'

75 650 108 710 iu
131 650 237 711 offroio
261 651 355 712 verbi.

160 733 258 814 Virgo
290 753 364 796 vero
397 741 500 814 potest
527 735 649 796 assidue
683 734 734 819 (ut
755 755 827 798 mox
855 736 944 822 dioit)
966 740 997 800 iu

76 815 183 878 officio
214 817 298 879 verbi
325 837 379 877 seu
411 821 461 893 (ut
482 819 593 878 Paulus
616 816 677 902 ait)
711 821 741 880 iu
764 819 914 901 obsequio
936 822 998 883 Do·

75 901 151 960 mini
174 918 261 978 esee,
289 907 322 961 ul
344 920 423 979 quoe
452 899 561 962 offioiie
584 922 657 983 erga
680 903 835 984 maritum,
869 906 998 984 prolem,

73 983 241 1127 {amillau
272 982 413 1062 domum,
446 1004 551 1065 agrum
567 984 597 1067 ¹)
628 992 658 1046 el
690 985 766 1049 alies
788 987 945 1049 molestias
966 988 998 1048 li·

97 1085 151 1127 era
171 1073 228 1129 eal.

160 1149 203 1210 Ab
226 1150 323 1210 nostri
346 1151 422 1210 asini
447 1151 638 1229 magistrales
661 1152 775 1213 servire
790 1152 925 1214 Domino
947 1152 997 1214 bio

75 1238 192 1293 vooaut
214 1233 353 1312 cogitare
374 1232 412 1293 de
434 1235 616 1294 eastitateet
637 1236 666 1293 iu
690 1234 784 1297 ohoro
810 1244 934 1297 oentare
968 1242 998 1297 et

73 1333 184 1396 preoee
207 1335 403 1380 murmurare.
433 1316 510 1377 Nam
534 1336 626 1379 nemo
649 1317 705 1397 fuit
726 1317 764 1380 ab
787 1317 891 1380 offioio
914 1319 998 1380 verbi

74 1399 224 1461 remotior
259 1396 305 1542 gd
329 1404 392 1477 est,
433 1419 506 1461 vero
528 1401 611 1461 oultu
633 1401 707 1474 Dei)
732 1419 823 1481 quam
844 1401 947 1463 Nouni
969 1408 1000 1463 et

73 1481 219 1544 Nouuae.
291 1481 383 1542 elude
407 1481 456 1562 (ut
478 1482 560 1564 dixi)
584 1502 676 1544 uemo
698 1479 881 1565 implioalio'r
903 1492 933 1546 et
952 1492 997 1546 et-

74 1565 189 1626 teutior
209 1565 240 1625 iu
264 1565 430 1646 eogilando
452 1585 504 1645 ea,
528 1585 607 1646 quae
629 1571 701 1627 sunl
723 1567 835 1646 muudi,
861 1569 998 1649 exeeptis

74 1646 188 1709 officiis
222 1667 296 1730 erga
335 1650 498 1729 ooniugem
533 1657 564 1711 et
587 1650 723 1729 prolem,
758 1656 861 1712 celera
892 1651 998 1712 omnia

73 1730 192 1810 mundi,
214 1737 277 1793 tam
301 1734 505 1795 oeoouomioa
517 1738 548 1794 el
562 1732 700 1813 politior,
721 1734 766 1794 aio
779 1734 999 1813 rogitaveruut,

72 1821 106 1875 ut
127 1815 186 1877 toti
209 1814 324 1877 mundo
348 1815 492 1896 exempla
514 1816 708 1897 praebuerint
729 1816 867 1896 colendi,
896 1816 998 1878 oedifi-

73 1897 182 1977 oandi‚
205 1897 323 1978 alendi,
346 1899 485 1978 emendi,
517 1898 668 1962 vendendi
717 1907 747 1960 et
769 1901 872 1962 omnia
894 1899 998 1962 offieia

73 1980 235 2042 mundana
258 1981 431 2047 exercendi.

473 2161 615 2241 Sequitur
625 2184 632 2222 :

92 2316 165 2378 Imo
185 2304 217 2376 id
239 2316 322 2396 quod
345 2323 392 2378 est
414 2317 723 2461 Deoprpatissimum,
749 2318 867 2380 soilioet
889 2319 977 2400 virgi·

466 2419 496 2460 nr
512 2419 530 2460 a
545 2419 603 2462 em.

159 2563 259 2638 Quam
282 2583 390 2625 eeoure
411 2566 595 2645 prouunoiat
615 2564 676 2626 boo
708 2585 743 2626 os
766 2566 905 2644 Diaboli,
939 2568 997 2626 vir·

72 2646 235 2727 ginitatem
259 2667 328 2708 esee
349 2666 474 2726 prorsus
496 2667 560 2708 rem
579 2649 784 2727 gratissimam
806 2667 881 2729 prae
904 2650 999 2710 omni-

73 2729 132 2791 bus
156 2729 322 2810 obsequiis.
346 2731 386 2791 Et
397 2727 427 2813 ²)
446 2730 605 2791 ferendum
617 2738 696 2811 eret,
722 2731 747 2792 ei
769 2750 825 2812 pro
846 2731 999 2793 laudanda

74 2815 251 2894 virginitate
295 2815 398 2892 aliqua
439 2813 492 2874 tali
525 2813 696 2896 hyperbole
723 2822 777 2875 aut
810 2814 997 2895 superlativo

74 2903 246 2977 uterentur,
280 2895 373 2958 modo
396 2896 586 2976 hyperbolen
610 2898 846 2973 emeruerant,
870 2904 901 2957 et
919 2896 999 2978 figu-

74 2976 141 3040 re'te
175 2975 290 3040 dietum
334 2980 475 3059 aooipere
518 2981 735 3060 permitterent.
779 2981 868 3040 Nune
896 2987 998 3041 autem

76 3061 256 3142 simpliciter
278 3063 410 3142 eluerio
433 3063 477 3122 sio
499 3061 679 3142 docueruut,
701 3071 732 3124 et
752 3063 869 3142 absque
890 3064 1000 3143 hyper·

77 3144 147 3206 bole
168 3146 375 3224 virginitatem
408 3146 499 3206 istem
530 3145 642 3206 foedae
663 3154 694 3207 et
715 3153 877 3226 corruptae
900 3147 999 3206 earnis

77 3228 288 3306 praetulerunt
323 3226 395 3287 fidei
429 3235 460 3288 et
496 3229 637 3290 omuibus
670 3229 758 3290 donis
780 3228 862 3306 fidei,
892 3233 923 3289 et
945 3248 1000 3308 per

80 3309 142 3371 hoo
163 3330 261 3391 purae
283 3319 314 3370 et
335 3317 440 3371 oaetae
472 3310 542 3371 fidei
556 3313 700 3391 pietatem
722 3313 947 3389 exstinxerunt,
970 3319 1000 3371 et

79 3392 108 3452 iu
132 3393 237 3454 looum
253 3395 324 3454 'eius
347 3391 465 3454 idolum
486 3393 669 3475 virginitatis
693 3401 722 3456 el
745 3394 841 3455 mulla
862 3393 924 3455 alie
940 3399 998 3454 eta

79 3480 209 3538 luerunt.
252 3475 330 3537 Naui
367 3477 543 3538 miserarum
572 3478 653 3539 istud
680 3478 850 3559 puellarum
880 3477 998 3558 vulgus,

135 3753 165 3814 1)
184 3750 217 3807 Iu
236 3750 278 3807 ed.
298 3751 371 3808 lou:
392 3749 502 3807 demum
520 3765 626 3825 agrum.
662 3751 696 3825 2)
716 3747 786 3808 lbid.
804 3749 896 3809 deertz
915 3755 952 3808 et.
