2348 4162
354 250 383 324 in
399 250 485 314 libros
502 253 606 314 vetaris
622 254 699 313 Test-
945 248 988 319 77

62 426 302 507 pretiosissimas
323 446 372 490 res
395 432 538 507 tractare,
560 432 591 489 te
611 427 644 488 in
665 424 893 508 possessionem
926 442 987 485 am·

61 509 192 590 piissimi
226 510 386 572 cuiusdam
409 511 543 573 thesauri
566 511 711 589 venisse,
749 509 834 570 ouius
856 508 987 589 pretium

62 612 154 654 nemo
178 611 314 672 unquam
338 595 502 656 aestimare
526 600 638 673 queat,
668 613 707 654 ex
731 612 792 673 quo
815 591 918 652 diviua
942 612 988 667 sas
1072 613 1075 617 ¹

61 677 181 757 pientia·
200 677 366 743 hauriatur.
400 674 478 741 Ideo
502 684 603 738 autem
626 676 793 756 simplicius
815 681 847 736 et
868 675 988 737 stultius

62 760 245 840 sapientiam
269 772 356 821 suam
378 759 467 822 uobis
488 761 523 820 in*
542 758 589 820 his
612 759 695 820 tibris
714 759 878 840 proposuit
895 759 987 842 Dens,

61 850 93 903 ut
119 841 297 924 superbiam
331 850 363 904 et
391 843 599 924 arrogantiam
626 848 761 903 nostram
791 842 913 924 penitus
942 861 986 903 re·

62 925 213 989 tunderet.
248 926 316 988 Hae
333 926 414 987 enim
439 932 511 987 sunt
531 925 741 1005 iilaesosaiae,
764 925 824 987 hoo
836 944 986 1007 praesepe

37 1066 39 1071 .
61 1007 135 1071 iiind
158 1015 222 1087 est,
244 1010 276 1068 in
298 1029 359 1089 quo
382 1009 519 1070 Christus
541 1010 638 1090 iaoet,
669 1008 707 1069 ad
740 1007 988 1090 quodpastores

60 1092 187 1153 remittit
210 1092 349 1173 angelus,
373 1101 480 1153 tenues
493 1091 616 1172 quidem
641 1097 672 1153 et
692 1091 769 1152 viles
783 1091 987 1172 suntiasoiae‚

62 1194 167 1236 verum
193 1175 355 1236 thesaurus
377 1176 534 1238 involutus
558 1175 682 1236 maximi
707 1175 880 1255 est'pretii,
904 1175 987 1237 Chri·

64 1265 127 1319 stus
150 1258 281 1319 scilieet.
744 1289 745 1293 ,

142 1341 214 1401 Hoo
242 1342 334 1422 igitur
356 1340 486 1422 primum
509 1341 606 1420 soias,
629 1339 715 1401 hune>
733 1339 840 1401 librum
864 1358 933 1402 esse
955 1335 1015 1402 ti-‘

60 1422 147 1484 hrum
170 1424 259 1504 legis,
280 1425 312 1484 in
336 1443 397 1504 quo
420 1424 567 1486 doeemur
589 1424 661 1504 quid
684 1423 856 1485 faoienduru
869 1470 879 1504 ‚
914 1425 987 1506 quid

60 1526 123 1568 uon
146 1510 188 1568 sit
208 1506 403 1588 iaciendum,
433 1514 556 1589 praeter
576 1507 655 1567 haee
677 1506 830 1567 adduntur
865 1524 990 1588 qnoque
1099 1555 1100 1559 ,

60 1589 207 1671 exempla
229 1596 260 1650 et
280 1590 427 1651 historiae
449 1596 590 1652 servatae
612 1596 642 1650 et
663 1609 725 1650 non
739 1595 878 1651 servatae
902 1591 989 1670 legis.

61 1673 99 1734 ist
121 1673 381 1753 quemadmodum
400 1672 602 1755 Evangelium
623 1675 741 1753 gratiae
762 1681 810 1734 est
830 1672 917 1752 liber,
935 1675 987 1753 qui

60 1756 169 1834 dooet,
201 1756 283 1817 unde
305 1775 343 1818 aa
364 1756 493 1817 facultas
515 1756 650 1838 peteuda
672 1757 728 1838 sit,
759 1765 792 1817 ut
812 1756 874 1837 legi
897 1759 987 1817 satis·

60 1839 226 1917 iaciamus,
249 1845 320 1900 sunt
340 1845 442 1901 autem
465 1847 586 1920 praeter
608 1835 689 1900 iilam
724 1840 842 1919 gratiae
875 1839 989 1901 doetri-

60 1942 132 1985 uam
167 1921 264 1983 muita
296 1922 358 1983 aiio
380 1932 547 2004 praecepta
579 1923 617 1984 de
640 1922 854 1984 mortificando
883 1931 987 1985 vetere

61 2005 189 2066 homine
211 2003 317 2067 addita
339 2002 415 2088 (iilis
438 2008 519 2067 enim
543 2006 715 2087 praeseptis
738 2025 816 2086 opus
838 2012 894 2088 est,
917 2026 987 2068 eum

60 2108 184 2170 semper
205 2090 239 2148 in
262 2087 352 2149 nobis
374 2088 522 2150 haereant
544 2090 856 2172 reliquiaepsooati,
886 2109 1004 2170 neque¹
1038 2122 1042 2127 >

61 2173 225 2252 qnisquam
247 2171 406 2232 hominum
430 2173 582 2252 perfectus
605 2170 672 2254 sit),
695 2173 740 2232 sio
761 2174 791 2233 in
813 2174 909 2234 vetari
931 2174 989 2235 Te·

61 2258 217 2316 stamento
242 2255 363 2335 legibue
386 2256 537 2334 quaedam
567 2257 788 2337 promissiones
811 2262 842 2317 et
866 2263 990 2319 senten·
1081 2305 1086 2311 .

60 2339 122 2399 tiae
145 2336 183 2398 de
206 2339 327 2399 Christo
349 2339 533 2400 intertextus
555 2348 635 2415 sunt,
658 2338 767 2419 quihus
782 2340 895 2401 servati
916 2347 989 2401 sunt

59 2423 158 2482 saneti
171 2427 285 2502 patres,
307 2423 359 2500 qui
381 2421 518 2502 sublege
535 2430 614 2484 ‘anta
637 2422 804 2483 revelatum
821 2423 987 2505 Christum,
1025 2441 1029 2448 ·

59 2505 89 2564 in
103 2503 166 2566 tide
185 2511 288 2565 tamen
301 2504 444 2586 promissi
458 2505 629 2567 liberatoris
648 2507 806 2584 vixerunt3
828 2512 860 2566 et
881 2520 990 2585 'qnem-

59 2587 227 2648 admodum
254 2605 367 2649 novum
389 2587 621 2651 Testamentum
640 2588 700 2649 hoo
726 2588 891 2668 praecipua
912 2591 986 2671 agit,

60 2677 94 2731 ut
115 2672 246 2750 gratiam
270 2678 301 2732 et
330 2689 439 2751 paoem
463 2691 519 2753 per
546 2674 758 2733 remissionem
787 2678 987 2751 peecatorum

58 2755 89 2814 in
112 2753 235 2815 christo
258 2754 346 2815 nobis
368 2755 553 2835 annunciet,
582 2757 627 2817 sio
648 2763 734 2816 vetus
756 2754 988 2819 Testamentum
1039 2792 1042 2797 >

58 2836 121 2900 hoo
155 2838 323 2918 praeeipue
351 2838 436 2918 agit²
470 2846 503 2899 ut
524 2847 682 2922 proponat
714 2838 821 2918 leges,
855 2849 989 2920 peecata

59 2920 204 2983 ostendat
236 2929 268 2980 et
289 2925 416 3002 arguat,
449 2923 553 3002 exigat
590 2941 714 3004 quoqne
735 2941 753 2982 a
775 2921 864 2984 nohis
903 2924 989 2985 bona

59 3022 165 3086 opera.
210 3003 312 3083 Atque
340 3004 424 3065 huno
454 3007 566 3066 veteris
588 3007 777 3067 Testamenti
811 3008 892 3068 seiae
916 3025 988 3069 esse

58 3105 201 3169 neopum.
443 3130 451 3143 -
651 3137 708 3188 ο,
805 3102 813 3111 ’

142 3169 184 3231 Ut
217 3174 318 3230 autem
350 3170 533 3251 principium
555 3191 574 3232 a
596 3171 673 3233 uon
706 3171 789 3234 iihris
818 3191 984 3255 sumamus,

57 3255 83 3315 ia
104 3254 135 3314 in
158 3254 258 3334 primo
281 3271 338 3314 suo
361 3253 439 3316 libro
462 3253 555 3314 dooet
567 3257 754 3317 creationem
778 3257 914 3317 omnium
939 3276 988 3316 re-

57 3357 134 3419 rum,
151 3335 239 3416 quaa
261 3343 341 3415 sunt,
365 3344 397 3397 et
420 3337 500 3403 unde
523 3344 693 3418 peceatum,
717 3338 799 3399 unde
821 3358 904 3400 mors
927 3341 987 3399 ori-

56 3423 161 3500 ginem
184 3439 271 3481 suam
294 3419 446 3497 duxerint,
470 3440 581 3502 nempe
604 3441 644 3482 ex
655 3416 744 3484 Adae
766 3441 821 3501 per
843 3429 983 3482 satanam

57 3505 181 3584 decepti
216 3503 315 3584 lapsu.
380 3508 481 3584 Atque
516 3503 594 3564 haee
633 3504 756 3584 quidem
791 3506 985 3585 potissimum
1029 3523 1032 3528 ·

56 3607 152 3649 eausa
174 3586 230 3648 fuit
250 3585 403 3648 seribendi
419 3587 506 3667 primi
519 3587 607 3647 huius
625 3587 702 3648 iibri.
736 3587 845 3649 Statim
867 3595 980 3669 autem,

55 3671 234 3751 priusquam
257 3669 342 3750 leges
371 3670 494 3750 ooudat,
518 3669 609 3732 dooet
631 3670 712 3731 unde
739 3678 866 3732 ventura
900 3679 984 3733 esset
1034 3704 1037 3711 ·

54 3753 149 3832 salue,
172 3759 405 3833 qnapeooatum
428 3772 466 3814 ao
488 3773 569 3813 mors
582 3754 749 3835 tolleretur,
772 3773 833 3815 non
850 3755 976 3836 iegibus
