2348 4162
326 273 365 335 ad
392 276 426 338 D.
444 277 588 336 Erasmum
606 277 831 338 Roterodamnd.
980 278 1045 350 355

123 453 206 515 venit
226 462 320 516 noete
343 452 501 516 auditurus
523 459 554 514 et
575 453 742 514 collaturus
763 452 896 535 reliqua,
918 474 957 515 an
979 474 1042 518 non

122 536 146 596 is
167 539 338 616 quaesiisse
359 535 481 600 ridetur
503 537 532 596 ιι
553 535 639 597 liberi
660 535 774 597 arbitrii
797 555 851 618 ea,
873 556 952 617 quae
973 545 1045 601 sunt

122 620 244 699 pietatis
278 619 458 683 etaetatis?
500 618 561 680 Sed
584 618 667 695 vide,
690 624 724 680 ut
744 620 909 702 impingat,
934 640 1045 683 cuma

123 700 246 764 Christo
268 720 375 770 veram
397 703 478 764 viam
496 702 603 762 salutis
616 721 670 782 per
692 705 915 765 renascentiam
940 704 1044 766 doceri

121 785 222 865 audit,
256 786 393 884 nunquid
417 805 485 845 eam
514 787 673 866 agnoscit,
709 793 761 845 aut
794 804 863 847 sese
885 784 968 847 illam
991 787 1044 848 ali-

121 832 246 948 quando
278 870 468 951 quaesivisse
497 868 632 929 fatetur?
674 870 737 928 lmo
769 869 814 929 sic
842 869 986 930 abhorret
1013 877 1045 931 et

120 951 331 1033 coniirnditur,
363 961 396 1014 ut
430 970 497 1012 eam
520 971 582 1012 non
606 949 704 1012 solum
734 970 768 1011 se
790 971 852 1013 non
873 952 1044 1034 intelligere

121 1034 219 1113 dicat,
255 1036 424 1097 sedetiam
448 1040 604 1095 aversetur
632 1040 665 1093 ut
693 1035 932 1117 impossibilem,
971 1055 1044 1116 quo·
1122 1096 1125 1101 .

121 1083 219 1179 modo,
236 1116 369 1200 (inquit)
384 1116 602 1199 possunthaee
621 1116 708 1177 fieri?
751 1117 816 1179 Nec
837 1120 946 1179 mirum
958 1138 1043 1202 sane,

121 1202 190 1281 quis
212 1204 293 1263 enim
315 1220 448 1283 unquam
472 1200 598 1278 audivit,
620 1199 703 1279 quod
726 1219 767 1260 ex
789 1220 869 1282 aqua
886 1209 917 1263 et
937 1168 1045 1283 spiriti

121 1282 350 1366 regenerandus
372 1288 412 1346 sit
438 1283 532 1344 homo
554 1282 766 1344 adsalutem?
809 1283 884 1360 Quia
908 1305 1043 1366 unquam
1069 1322 1072 1333 ·

121 1369 286 1466 sagitavit,
314 1367 396 1448 quod
418 1366 514 1427 filium
536 1366 593 1426 Dei
617 1367 786 1446 oportuerit
806 1368 951 1447 exaltari,
981 1387 1042 1449 quo

122 1452 234 1533 omnis,
257 1452 309 1533 qui
332 1471 382 1513 cre
406 1451 498 1511 eret
491 1469 521 1510 ιιι
545 1451 656 1530 ipsum,
679 1468 740 1510 non
762 1451 891 1532 periret,
915 1450 969 1514 sed
991 1453 1044 1513 ba-

121 1533 210 1595 beret
233 1536 325 1596 vitam
347 1533 528 1596 aeternam?
569 1533 618 1593 An
641 1533 920 1615 buiusphilosophi
933 1537 1042 1596 acutie-

121 1619 191 1678 simi
214 1625 246 1679 et
260 1620 373 1699 οριιιιιι
395 1635 528 1696 unquam
552 1615 776 1695 meminerunt?
820 1619 868 1678 An
891 1619 1045 1701 principes

121 1700 212 1761 huius
235 1700 338 1762 mundi
366 1702 446 1762 banc
468 1700 627 1759 scientiam
651 1717 784 1778 unquam
808 1692 1043 1780 cognoverunt?

122 1784 170 1845 An
194 1783 285 1845 ullius
307 1784 434 1845 liberum
456 1782 612 1842 arbitrium
641 1800 776 1861 unquam
805 1783 843 1844 ad
866 1783 926 1844 hoc
947 1802 1043 1844 cona·

121 1874 186 1928 tum
208 1866 280 1932 esti
321 1867 432 1929 Nonne
454 1863 614 1945 Paulus')
649 1884 718 1925 eam
752 1867 863 1927 fatetur
894 1886 963 1927 esse
996 1887 1043 1927 sa-

122 1951 269 2031 pientiam
302 1951 332 2010 in
357 1951 504 2030 mysterio
525 1946 763 2026 absconditam,
788 1969 844 2030 per
875 1949 1045 2030 propbetas

122 2032 246 2112 quidem
266 2032 466 2113 praedictam,
488 2031 543 2092 sed
565 2050 620 2111 per
641 2031 842 2111 Evangelium
866 2032 1044 2109 revelatam,

122 2116 167 2176 ita
186 2121 220 2176 ut
241 2116 279 2177 ab
302 2122 429 2178 aeterno
451 2115 540 2176 fuerit
561 2115 655 2174 tacita
677 2121 707 2175 et
728 2116 888 2196 incognita
909 2115 1045 2177 mundo?

206 2196 288 2274 Quid
310 2198 434 2261 dicam?
475 2196 706 2278 Experieutiam
721 2199 954 2279 interrogemus,
978 2201 1046 2280 ipse

123 2281 255 2342 mundns
277 2288 370 2361 totus,
391 2282 460 2362 ipsa
483 2284 559 2341 ratio
582 2280 724 2360 humana,
747 2282 846 2361 ipsum
870 2281 948 2343 adeo
972 2283 1045 2343 libe-

124 2383 190 2425 rum
213 2364 369 2427 arbitrium
392 2364 512 2444 cogitur
535 2362 687 2440 confiteri,
715 2382 785 2424 sese
807 2364 958 2424 Christum
982 2382 1043 2425 non

123 2448 249 2509 novisse
270 2467 371 2543 neque
399 2447 568 2527 audivisse,
602 2452 765 2525 antequam
789 2446 1022 2527 Evangelium
1013 2467 1044 2508 ιιι

124 2530 271 2591 mundum
293 2528 421 2595 veniret.
465 2529 497 2591 Si
520 2535 698 2607 autemnon
718 2530 814 2607 novit,
837 2530 1045 2591 multominus

123 2614 292 2692 quaesivit,
315 2621 367 2675 aut
389 2631 536 2692 quaerere
573 2602 626 2672 aut
657 2610 695 2670 ad
719 2630 787 2671 eum
811 2613 915 2672 conari
937 2615 1044 2693 potuit.

124 2697 166 2756 At
186 2696 325 2757 Christus
340 2694 399 2777 ii)
423 2702 471 2756 est
491 2696 550 2773 via,
574 2694 696 2771 veritas,
721 2695 784 2755 vita
805 2701 836 2754 et
851 2694 943 2758 salue
967 2694 1046 2757 Con·

123 2776 226 2840 fitetur
247 2798 333 2860 ergo,
356 2778 440 2857 velit,
462 2778 550 2855 nolit,
573 2796 642 2837 sese
664 2777 851 2839 suisviribus
873 2797 932 2838 nec
953 2796 1046 2838 nosse

124 2880 182 2922 neo
204 2880 352 2942 quaerere
372 2861 511 2943 potuisse
533 2879 581 2938 ea,
602 2878 681 2939 quae
704 2863 776 2921 sunt
797 2862 880 2938 viae,
911 2863 1045 2922 veritatis

124 2951 154 3005 et
174 2945 293 3024 salutis,
316 2944 514 3005 nibilominus
536 2949 645 3003 contra
665 2942 775 3004 hanc
757 2963 865 3040 ipsam
880 2944 1046 3005 confessio-

122 3046 192 3087 nem
205 3033 238 3088 et
258 3028 478 3108 experientiam
490 3027 643 3107 propriam
665 3027 881 3086 insanimuset
869 3026 1043 3088 tinanibns

125 3109 226 3171 verbis
249 3110 457 3190 disputemus,
493 3127 561 3170 esse
592 3109 623 3168 in
647 3109 736 3169 nobie
759 3111 818 3169 vim
842 3115 957 3171 tantam
980 3110 1046 3170 reli

123 3212 234 3272 qnam,
269 3211 349 3273 quae
382 3200 413 3253 et
434 3198 544 3254 noscat
565 3197 596 3251 et
616 3191 772 3272 applicare
794 3211 863 3252 sese
886 3194 984 3271 possit
1007 3193 1045 3254 ad

122 3294 169 3356 ea,
193 3294 274 3356 qnae
295 3283 367 3337 sunt
387 3276 509 3356 salutis,
531 3274 592 3335 hoc
613 3280 660 3339 est
681 3277 798 3334 ιιιιιιιιιιι
821 3274 936 3354 dicere,
960 3275 1046 3336 Chri·

125 3322 205 3419 ιιιιιιι
240 3358 336 3419 fliium
359 3358 417 3419 Dei
444 3377 501 3439 pro
523 3357 613 3418 nobis
636 3357 804 3418 excitatum
839 3376 908 3418 oum
945 3357 1046 3417 nullus

123 3460 258 3522 unquam
281 3443 384 3503 scierit
405 3461 463 3502 neo
485 3442 622 3522 cogitare
643 3441 791 3521 potnerit,
818 3441 896 3503 haec
918 3442 986 3521 ipsa
1004 3448 1046 3501 ta·
1166 3506 1169 3513 .

123 3543 193 3585 men
215 3525 391 3606 ignorantia
412 3542 475 3586 non
499 3529 546 3585 eet
566 3524 750 3605 ignorantia,
773 3523 828 3585 sed
844 3525 953 3586 notitia
963 3523 1047 3585 Obri-

193 3795 224 3862 *ι
244 3792 457 3854 acorrima
486 3793 536 3865 *·)
556 3780 653 3851 rouen.
672 3794 715 3850 ιι.

771 3862 838 3933 23*
