2348 4162
343 264 380 321 ad
397 264 432 321 l).
451 265 595 321 Erasmum
615 266 839 323 Boterodemnm.
991 264 1065 333 203Ι

133 435 307 518 praeceptis
328 439 361 495 et
382 433 507 498 arbitrio
532 436 604 511 Dei,
633 435 708 512 et1)
733 435 875 497 eximitur
897 455 953 497 suo
974 435 1053 498 erbi-

133 520 200 581 trio.
243 517 276 580 si
299 518 383 579 clera
404 521 479 580 setis
507 539 569 580 non
592 526 678 599 surut,
707 518 738 581 id
763 526 864 581 temen
888 519 1054 599 effecimus,

133 608 164 665 ut
184 621 242 682 pro
277 601 373 663 libero
407 602 531 663 arbitrio
554 603 659 665 velere
682 622 743 664 non
767 603 864 683 possit
885 602 936 663 hio
957 602 1054 681 loeus,

133 691 164 749 ol
185 686 238 765 qui
261 685 324 746 alio
348 704 439 764 quem
461 687 598 765 ipsorum
623 706 731 764 sensu,
765 692 839 766 pute
865 693 971 748 nostro
994 688 1053 748 iam

134 768 233 843 dioto,
262 786 363 847 eoque
383 788 446 829 non
471 768 622 847 ebsurdo,
657 768 711 829 sed
742 770 919 843 senissimo,
952 776 983 830 et
1004 771 1056 849 qui

133 853 188 914 toti
202 851 379 930 Scripturas
395 859 555 932 consonet,
578 852 705 933 intelligi
717 854 825 934 possit,
848 871 916 911 cum
933 851 1055 913 illorum

133 954 240 998 sensus
263 934 507 1015 totiflcriptnrae
529 943 653 1016 pugnet,
677 943 706 996 et
728 936 788 997 hoo
808 955 870 996 uno
893 935 960 996 solo
983 935 1054 998 loco

133 1020 260 1100 petitur,
297 1024 405 1079 contre
438 1025 534 1078 totam
563 1018 760 1100 scripturam.
809 1017 931 1079 Stemus
963 1019 1056 1096 igitur

133 1103 231 1163 securi
265 1102 296 1161 in
330 1100 414 1163 bono
449 1121 558 1179 sensu,
593 1108 624 1163 et
645 1103 791 1183 negativo
818 1100 906 1163 liberi
930 1101 1056 1179 arbitrii,

133 1184 233 1249 donec
253 1184 298 1245 illi
319 1204 407 1245 suom
431 1183 662 1267 affirmativum,
686 1185 839 1247 difficilem
862 1191 893 1246 et
914 1191 1055 1247 coactum

132 1269 391 1330 confirmaverint.

213 1352 274 1414 Ubi
297 1351 390 1431 igitur
401 1349 638 1412 Ecclesiasticus
662 1351 752 1412 dicit:
776 1351 807 1413 Si
820 1350 954 1412 volueris
972 1370 1056 1412 man·

133 1434 213 1496 deta·
225 1453 423 1511 oonservere,
446 1434 674 1495 conservabunt
695 1440 734 1510 te,
758 1441 788 1495 et
800 1434 892 1495 fidem
911 1433 1056 1514 placitam

134 1536 273 1595 servare,
308 1537 369 1578 non
392 1516 500 1598 video,
535 1517 692 1596 quomodo
715 1519 781 1577 istis
802 1516 903 1578 verbis
927 1517 1055 1578 liberum

134 1601 290 1663 arbitrium
325 1599 479 1680 probetur.
524 1602 580 1662 Elst
614 1603 694 1662 enim
717 1599 843 1660 verbum
868 1600 1058 1660 coniunctivi

136 1685 218 1747 modi
242 1681 293 1765 (Si
318 1683 484 1760 volueris),
507 1684 589 1765 qnod
611 1685 684 1744 nibil
708 1684 826 1759 asserit,
849 1682 1057 1743 sicutDieleo-

134 1769 182 1829 tici
206 1767 326 1828 dicunt:
350 1767 596 1829 conditionalem
619 1767 787 1827 indicative
814 1765 887 1825 nihil
909 1784 1057 1842 asserere,

135 1858 180 1912 ut:
204 1849 235 1912 si
248 1848 397 1911 Diabolus
420 1851 573 1928 estDeus,
596 1852 705 1912 merito
727 1849 890 1924 adoratur,
912 1849 936 1907 si
951 1849 1055 1909 esinue

135 1934 235 2012 volet,
267 1935 371 1994 asinus
394 1931 488 1994 hebet
508 1935 591 2010 eles,
624 1937 649 1994 si
672 1933 800 1994 liberum
822 1931 977 1992 arbitrium
1001 1938 1057 2012 eet,

134 2017 232 2095 gratia
254 2015 329 2077 nibil
352 2022 408 2081 eet.
451 2016 595 2095 Oportuit
616 2023 717 2078 autem
740 2015 997 2076 Ecclesiasticum*
1014 2015 1059 2075 sic

133 2099 246 2177 dicere,
269 2100 294 2160 si
308 2099 458 2160 voluisset
469 2100 595 2161 liberum
608 2100 763 2161 arbitrium
779 2118 932 2160 asserere:
954 2098 1056 2159 Homo

131 2189 237 2263 potest
258 2201 382 2243 servare
403 2182 550 2244 mandata
561 2184 628 2262 Dei,
650 2183 701 2245 vel
712 2181 911 2245 homohebet
922 2183 982 2242 vim
995 2200 1057 2244 eer-

130 2266 304 2329 vendorum
327 2265 553 2330 mendatorum.

214 2348 276 2411 Sed
300 2349 351 2410 hio
380 2348 508 2410 diatriba
531 2347 732 2429 ergutebitur,
755 2346 991 2408 Ecclesiasticus
1015 2346 1055 2407 di-

128 2431 249 2495 cendo:
272 2429 307 2495 Si
331 2432 464 2493 volueris
486 2451 627 2508 eernere,
651 2429 803 2512 significet
823 2430 927 2490 inesse
948 2429 1055 2490 volun·

125 2520 224 2579 tatem
248 2515 364 2577 homiui
388 2514 427 2577 ed
449 2515 642 2589 servandum,
666 2513 756 2575 etad
779 2532 841 2573 uon
860 2512 1054 2591 servendum,

125 2599 248 2680 alioqui
271 2597 344 2678 quid
366 2604 458 2659 sonet
479 2599 582 2659 dicere
609 2597 648 2660 ad
682 2616 767 2672 eum,
789 2597 840 2674 qni
863 2595 1054 2656 voluntatem

122 2701 192 2746 non
229 2680 337 2762 babet,
359 2680 390 2743 si
425 2682 582 2744 volueris?
623 2678 736 2743 Nonne
757 2678 915 2741 ridiculum
939 2684 1001 2754 est,
1029 2679 1054 2739 ei

123 2767 197 2846 quis
220 2763 260 2826 ed
285 2783 411 2828 caecum
435 2765 530 2827 dicet:
564 2765 595 2827 Si
617 2765 751 2826 volueris
776 2762 894 2840 videre,
917 2762 1053 2823 invenies

121 2851 319 2920 thesaurum,
341 2854 394 2910 eut
415 2847 454 2911 ed
477 2848 617 2910 surdum:
641 2848 672 2910 si
694 2848 828 2909 volueris
850 2845 964 2921 audire,
987 2864 1054 2906 ner·

122 2933 205 2997 rabo
229 2931 283 3075 ti‘liri
305 2931 419 2994 bonam
441 2930 624 2994 historiam?
647 2932 715 2994 Hoc
726 2940 809 2993 esset
821 2931 973 2991 miseriam
986 2928 1054 2992 illo·

123 3030 197 3079 rum
220 3034 245 3076 rt
269 3033 331 3076 ere.

211 3095 417 3179 Respondeo:
447 3095 533 3159 Heeo
554 3100 625 3158 sunt
645 3100 826 3178 argumente
849 3096 977 3158 retionis
1000 3096 1054 3158 hu·

123 3200 256 3255 manee,
279 3199 358 3261 quae
379 3179 458 3240 telas
480 3181 646 3261 sapienties
668 3179 796 3241 tundere
818 3177 907 3241 solet.
952 3178 1054 3256 Quare

122 3262 189 3328 iem
213 3283 275 3326 non
299 3282 367 3324 cum
386 3263 616 3345 Ecclesiastico,
639 3263 694 3324 sed
717 3281 784 3324 cum
807 3263 926 3323 ratione
948 3262 1054 3322 hume-

123 3367 168 3409 na
191 3345 410 3426 disputandum
442 3346 532 3408 nobis
555 3356 600 3408 est
624 3346 661 3407 de
684 3344 825 3425 sequela,
857 3365 929 3405 nam
952 3342 1053 3426 Scrip-

125 3438 213 3493 tures
239 3431 293 3492 Dei
326 3431 389 3491 suis
411 3430 544 3510 sequelis
567 3438 597 3493 et
618 3429 807 3511 syllogismis
834 3429 1054 3508 interpretatur

127 3521 161 3577 et
184 3513 278 3576 trahit
298 3531 444 3593 quorsum
468 3515 558 3593 velit,
584 3514 795 3593 faciemusque
817 3510 847 3573 id
869 3511 1000 3572 libenter
1022 3517 1052 3571 et
1087 3530 1091 3541 ’

201 3781 233 3852 1)
254 3782 286 3838 Ie
304 3778 348 3837 ed.
369 3779 604 3839 tetamentum.
