2348 4162
510 247 546 306 A.
567 249 645 308 1t37.
681 260 694 273 ··
977 242 1039 314 539

204 413 283 492 Quid
307 432 423 494 quaeso
436 413 497 473 boo
518 419 564 474 est
585 412 678 489 aliud,
700 431 790 492 quam
809 415 952 495 seipsum
967 420 1040 473 eon·

121 499 245 558 stituere
266 496 397 558 iudieem
420 498 557 556 vivorum
582 503 611 556 et
633 502 837 576 mortuorum,
859 499 921 558 imo
944 495 1038 557 domi·

120 583 193 640 n'unr
215 579 340 641 deorum
363 586 394 640 et
415 579 605 640 diabolorum
628 578 846 658 ereeudorum,
868 581 967 641 eiseto
984 580 1039 642 illo

121 680 195 724 vero
215 663 316 723 iudioe
339 664 477 725 vivorum
493 661 529 723 'et
551 671 749 735 mortuorum,
772 682 860 744 quem
884 663 1042 725 constituit

122 748 205 808 Deus
227 745 338 808 verus?
372 747 499 806 Hooest
516 745 600 825 quod
611 744 718 806 Daniel
741 746 779 807 de
789 746 850 807 hoe
872 747 1039 808 noviseimo

122 832 266 911 portento
294 824 611 910 basiiieo'(basiliseo
639 828 722 909 voluti
745 828 865 906 dicere)
889 829 1041 909 praedixit

121 915 151 973 in
176 913 349 974 novissimis
371 912 489 993 tuturo,
522 911 639 972 seilioet
670 913 751 990 quod
780 918 864 974 esset
884 918 1040 974 erecturus
1154 969 1156 973 ,

122 1002 155 1057 et
175 995 311 1058 obiturus
323 995 406 1056 Deos
427 996 577 1076 proprios
590 988 623 1055 et
643 1013 752 1072 novos,
777 1014 854 1075 quos
871 995 1041 1074 ignorarint
1122 1048 1123 1051 ,

119 1085 224 1160 patres
248 1079 322 1155 eius,
344 1094 430 1157 auro,
454 1085 599 1159 argent0,
614 1080 744 1156 gemmis
767 1085 799 1140 et
818 1079 959 1159 pretiosis
982 1085 1041 1140 sto.

123 1160 283 1223 Peneeuda
321 1167 392 1221 eunt
425 1161 520 1222 verba
558 1159 721 1240 diligenter
752 1163 828 1222 tanti
860 1163 1041 1242 prophetae,

122 1245 257 1305 maxime
291 1259 360 1304 eum
391 1242 422 1303 id
444 1244 567 1304 iusserit
592 1244 659 1323 ipse
680 1243 822 1304 dominus
844 1263 934 1306 verus
957 1245 1040 1307 lesus

122 1328 259 1389 Christus
293 1325 412 1386 diceus:
454 1325 513 1402 Qui
542 1326 631 1405 legit,
659 1326 819 1408 intelliget,
861 1328 968 1390 Mattb.
989 1329 1062 1392 24.Ἰ

122 1412 245 1472 eertum
268 1416 315 1470 est
338 1410 417 1468 enim
441 1415 471 1469 et
493 1409 696 1484 manifestum,
719 1428 773 1490 per
784 1410 945 1491 apostolos
958 1431 1041 1472 man-

123 1493 216 1554 dante
237 1492 358 1553 Christo
381 1500 412 1552 et
432 1492 600 1572 inspirante
621 1499 729 1553 saneto
752 1494 817 1553 eius
845 1493 961 1573 spiritu,
983 1501 1040 1554 tre

123 1576 218 1637 ditum
241 1593 311 1635 esee
332 1574 498 1654 perfeetum
521 1581 551 1633 et
573 1574 748 1636 absolutum
771 1575 884 1636 oultum
907 1575 1042 1638 Deiorbi

121 1668 288 1735 terrarum,
320 1659 367 1717 oui
390 1657 464 1717 nibil
486 1655 671 1736 addendum,
693 1657 766 1719 nihil
790 1657 973 1718 demendum
993 1659 1042 1720 sit.

122 1738 174 1803 sie
195 1741 275 1801 enim
298 1740 435 1801 Christus
458 1740 615 1820 apostolis
630 1739 727 1816 dieirr
756 1739 812 1803 lile
841 1760 896 1801 vos
919 1740 1043 1802 doeebit

101 1824 226 1884 -omnia
248 1829 279 1883 et
300 1822 393 1883 duoet
412 1823 443 1882 iu
463 1841 585 1882 omnem
608 1823 776 1888 veritatem.
819 1823 862 1885 Ita
888 1830 919 1885 et
930 1824 1041 1885 Paulus

121 1907 269 1987 glorietur
289 1905 422 1966 Aotuum
443 1902 493 1970 20.
525 1923 595 1966 sese
629 1905 703 1967 nibil
734 1907 854 1968 estesse
884 1907 1043 1984 eoelesias,

121 2008 230 2069 neque,
245 1989 386 2070 privatim
416 2006 516 2067 neque
539 1987 674 2068 publioe,
699 2007 777 2068 quae
799 1991 973 2051 necessaria
994 1992 1042 2050 es'-

120 2080 189 2133 sent
211 2071 249 2132 ed
271 2070 416 2146 salutem,
449 2072 521 2149 quin
550 2090 605 2151 per
633 2081 740 2133 omnes
762 2073 909 2154 epistolas
932 2071 1042 2134 ardens

122 2156 182 2216 hoo
204 2160 305 2237 urget,
340 2173 381 2214 ne
407 2153 478 2234 quid
501 2154 765 2235 superordinetur,
797 2161 851 2216 aut
877 2155 959 2217 aliud
988 2174 1042 2217 eeu

122 2256 236 2298 novum
259 2237 415 2314 doceatur,
438 2237 526 2298 simul
549 2237 729 2317 praedicens
750 2246 781 2299 et
802 2257 874 2315 eos,
897 2241 948 2323 qui
970 2257 1042 2298 eon·

122 2321 246 2382 trarium
269 2319 376 2379 faeturi
398 2325 514 2396 essent,
547 2327 610 2379 turn
634 2323 800 2401 praeeipue
820 2323 911 2381 istum
932 2321 1042 2381 Rome·

123 2420 195 2461 num
219 2400 404 2461 basiliseum.
427 2401 455 2464 2.
477 2400 638 2463 Thessalo.
660 2404 690 2466 2.

161 2514 163 2518 Α
206 2483 322 2543 Rursus
341 2489 458 2543 eertum
481 2489 511 2542 et
532 2483 727 2545 manifestum
751 2491 813 2565 est,
837 2486 942 2546 omnia
964 2502 1043 2564 quae

122 2567 207 2647 Papa
229 2565 322 2626 dooet
342 2572 372 2626 et
394 2564 514 2642 doouit,
546 2566 653 2627 saltem
676 2575 709 2628 ut
728 2567 826 2648 Papa,
858 2588 919 2630 non
942 2567 1042 2629 solum

123 2669 193 2711 esse
215 2648 276 2710 alia
298 2655 329 2708 et
350 2667 448 2726 nova,
471 2646 525 2708 sed
548 2655 579 2708 et
600 2655 709 2721 eontm
731 2657 762 2711 et
779 2669 871 2730 supra
894 2669 940 2727 ea,
963 2668 1043 2730 quae

123 2753 178 2813 per
199 2731 360 2812 apostolos
382 2729 521 2794 eoelesiis
543 2730 655 2792 tradita
675 2739 754 2799 sunt.
797 2733 843 2794 Ilii
865 2735 946 2794 euim
968 2733 1043 2793 nibil

123 2815 182 2876 nisi
206 2824 297 2877 unum
321 2821 353 2875 et
374 2813 472 2874 solum
495 2813 594 2879 Iesum
618 2814 770 2876 Christum
792 2816 955 2878 ooleudum
975 2835 1044 2876 esse

123 2899 302 2976 docuerunt,
324 2915 363 2958 ne
384 2896 502 2977 angelis
524 2894 646 2978 quidem
670 2895 759 2980 (lieet
769 2908 918 2980 perpetuo
942 2900 1043 2960 viven-

122 2982 203 3042 tibus
235 2987 267 3041 et
297 2979 412 3047 beatis)
436 2979 480 3039 iili
507 2981 646 3059 aequatis
680 2981 734 3042 sed
762 2985 864 3064 potius
887 2983 1044 3050 subiectis.

124 3065 181 3124 Hie
203 3082 275 3125 vero
298 3071 451 3140 mortuos,
488 3081 565 3143 quos
603 3081 671 3125 esse
692 3073 818 3128 sanotos
839 3067 951 3147 nescit,
980 3067 1042 3126 imo

122 3149 201 3208 torte
225 3164 333 3207 omnes
355 3165 409 3207 eos
431 3145 542 3228 impios
565 3152 596 3207 et
618 3145 780 3211 damnatos
811 3149 969 3210 divinitate
990 3147 1044 3209 do·
1164 3192 1167 3197 ·

124 3237 185 3306 nat,
207 3230 285 3289 inter
307 3247 384 3307 quos
407 3229 497 3289 etiam
521 3230 663 3292 eoluutur
683 3231 745 3292 fleti
769 3238 799 3292 et
820 3232 948 3311 poetiei,
971 3248 1043 3310 qua·

124 3313 168 3373 les
189 3317 260 3371 eunt
281 3310 450 3392 Georgius,
474 3312 726 3394 Christophorue,
749 3313 897 3389 Barbara,
926 3313 1044 3392 biarga·

123 3396 219 3467 rethe,
242 3401 272 3454 et
295 3393 378 3454 multi
401 3394 463 3472 aiii,
485 3396 535 3473 qui
560 3415 712 3475 nunquam
736 3396 857 3457 fuerunt
873 3403 931 3460 ete.
955 3393 1045 3456 Unde

125 3480 215 3538 etiam
240 3496 289 3536 me
320 3495 415 3555 puero
438 3478 620 3559 paradoxon
642 3479 733 3553 istud,
756 3478 947 3560 stupentibus
971 3474 1044 3538 mul·
1103 3499 1105 3502 ·

124 3562 161 3619 tis
183 3559 256 3620 boni
280 3558 381 3620 eordis
404 3559 594 3637 hominibus,
631 3562 826 3641 vulgabatur,
849 3561 961 3623 multos
984 3560 1044 3622 ooli

124 3660 180 3722 pro
204 3641 334 3720 Sauotie,
356 3659 485 3720 quorum
509 3644 630 3704 animae
652 3643 796 3705 arderent
815 3645 992 3722 ininferna,
1014 3649 1046 3705 et

124 3724 313 3787 tribuebatur
333 3724 394 3794 hoe
415 3725 530 3787 dietum
553 3724 584 3792 S.
607 3728 796 3808 Augustino,
818 3728 857 3790 ab
879 3728 946 3790 eliis
968 3727 1045 3792 aliie.
