<?xml version="1.0" encoding="UTF-8"?>
<!DOCTYPE html PUBLIC "-//W3C//DTD XHTML 1.0 Transitional//EN"
    "http://www.w3.org/TR/xhtml1/DTD/xhtml1-transitional.dtd">
<html xmlns="http://www.w3.org/1999/xhtml" xml:lang="en" lang="en">
 <head>
  <title>
</title>
<meta http-equiv="Content-Type" content="text/html;charset=utf-8" />
  <meta name='ocr-system' content='tesseract 3.04.00' />
  <meta name='ocr-capabilities' content='ocr_page ocr_carea ocr_par ocr_line ocrx_word'/>
</head>
<body>
  <div class='ocr_page' id='page_1' title='image "./dmartinilutheri02luthgoog_0247.png"; bbox 0 0 2348 4162; ppageno 0'>
   <div class='ocr_carea' id='block_1_1' title="bbox 200 203 872 298">
    <p class='ocr_par' dir='ltr' id='par_1_1' title="bbox 200 203 872 298">
     <span class='ocr_line' id='line_1_1' title="bbox 200 203 872 298; baseline 0.007 -11"><span class='ocrx_word' id='word_1_1' title='bbox 200 225 263 298; x_wconf 81' lang='lat'>234</span> <span class='ocrx_word' id='word_1_2' title='bbox 444 203 491 289; x_wconf 82' lang='lat' dir='ltr'>De¹</span> <span class='ocrx_word' id='word_1_3' title='bbox 505 244 587 290; x_wconf 80' lang='lat' dir='ltr'>servo</span> <span class='ocrx_word' id='word_1_4' title='bbox 606 230 719 291; x_wconf 86' lang='lat' dir='ltr'>arbitrio</span> <span class='ocrx_word' id='word_1_5' title='bbox 737 232 772 295; x_wconf 81' lang='lat' dir='ltr'>D·</span> <span class='ocrx_word' id='word_1_6' title='bbox 790 233 825 291; x_wconf 86' lang='lat' dir='ltr'>ll.</span> <span class='ocrx_word' id='word_1_7' title='bbox 843 235 872 292; x_wconf 81' lang='lat' dir='ltr'>L.</span> 
     </span>
    </p>
   </div>
   <div class='ocr_carea' id='block_1_2' title="bbox 151 407 1151 2406">
    <p class='ocr_par' dir='ltr' id='par_1_2' title="bbox 197 407 1124 903">
     <span class='ocr_line' id='line_1_2' title="bbox 198 407 1122 491; baseline 0.002 -22"><span class='ocrx_word' id='word_1_8' title='bbox 198 425 255 488; x_wconf 89' lang='lat' dir='ltr'>pro</span> <span class='ocrx_word' id='word_1_9' title='bbox 279 407 341 468; x_wconf 91' lang='lat' dir='ltr'>suis</span> <span class='ocrx_word' id='word_1_10' title='bbox 362 409 497 488; x_wconf 89' lang='lat' dir='ltr'>peccatis</span> <span class='ocrx_word' id='word_1_11' title='bbox 518 427 619 489; x_wconf 89' lang='lat' dir='ltr'>neque</span> <span class='ocrx_word' id='word_1_12' title='bbox 631 410 756 491; x_wconf 88' lang='lat' dir='ltr'>cupiant</span> <span class='ocrx_word' id='word_1_13' title='bbox 766 430 868 491; x_wconf 88' lang='lat' dir='ltr'>neque</span> <span class='ocrx_word' id='word_1_14' title='bbox 889 411 1035 491; x_wconf 86' lang='lat' dir='ltr'>cogitent,</span> <span class='ocrx_word' id='word_1_15' title='bbox 1057 411 1122 471; x_wconf 91' lang='lat' dir='ltr'>imo</span> 
     </span>
     <span class='ocr_line' id='line_1_3' title="bbox 197 490 1124 574; baseline 0.005 -24"><span class='ocrx_word' id='word_1_16' title='bbox 197 490 396 553; x_wconf 87' lang='lat' dir='ltr'>vehementer</span> <span class='ocrx_word' id='word_1_17' title='bbox 418 492 615 573; x_wconf 85' lang='lat' dir='ltr'>detestentur,</span> <span class='ocrx_word' id='word_1_18' title='bbox 638 500 677 572; x_wconf 86' lang='lat' dir='ltr'>st,</span> <span class='ocrx_word' id='word_1_19' title='bbox 698 502 731 554; x_wconf 92' lang='lat' dir='ltr'>ut</span> <span class='ocrx_word' id='word_1_20' title='bbox 752 492 904 569; x_wconf 82' lang='lat' dir='ltr'>Petrus*)</span> <span class='ocrx_word' id='word_1_21' title='bbox 929 494 1011 574; x_wconf 83' lang='lat' dir='ltr'>dicit,</span> <span class='ocrx_word' id='word_1_22' title='bbox 1035 512 1124 555; x_wconf 88' lang='lat' dir='ltr'>exse·</span> 
     </span>
     <span class='ocr_line' id='line_1_4' title="bbox 197 575 1121 657; baseline 0.004 -24"><span class='ocrx_word' id='word_1_23' title='bbox 197 581 327 635; x_wconf 88' lang='lat' dir='ltr'>crentur.</span> <span class='ocrx_word' id='word_1_24' title='bbox 368 575 415 636; x_wconf 88' lang='lat' dir='ltr'>lta</span> <span class='ocrx_word' id='word_1_25' title='bbox 438 584 540 637; x_wconf 88' lang='lat' dir='ltr'>manet</span> <span class='ocrx_word' id='word_1_26' title='bbox 561 578 777 657; x_wconf 90' lang='lat' dir='ltr'>piosregnum‚</span> <span class='ocrx_word' id='word_1_27' title='bbox 799 578 921 639; x_wconf 88' lang='lat' dir='ltr'>etiamsi</span> <span class='ocrx_word' id='word_1_28' title='bbox 940 576 972 638; x_wconf 91' lang='lat' dir='ltr'>id</span> <span class='ocrx_word' id='word_1_29' title='bbox 994 577 1054 657; x_wconf 84' lang='lat' dir='ltr'>ipsi</span> <span class='ocrx_word' id='word_1_30' title='bbox 1067 595 1121 637; x_wconf 88' lang='lat' dir='ltr'>ne·</span> 
     </span>
     <span class='ocr_line' id='line_1_5' title="bbox 198 660 1123 741; baseline 0.003 -25"><span class='ocrx_word' id='word_1_31' title='bbox 198 676 256 736; x_wconf 90' lang='lat' dir='ltr'>que</span> <span class='ocrx_word' id='word_1_32' title='bbox 292 665 441 735; x_wconf 86' lang='lat' dir='ltr'>quaerant</span> <span class='ocrx_word' id='word_1_33' title='bbox 474 678 531 720; x_wconf 92' lang='lat' dir='ltr'>nec</span> <span class='ocrx_word' id='word_1_34' title='bbox 553 661 703 741; x_wconf 77' lang='lat' dir='ltr'>cogitent,</span> <span class='ocrx_word' id='word_1_35' title='bbox 739 667 773 721; x_wconf 88' lang='lat' dir='ltr'>ut</span> <span class='ocrx_word' id='word_1_36' title='bbox 793 660 875 741; x_wconf 88' lang='lat' dir='ltr'>quod</span> <span class='ocrx_word' id='word_1_37' title='bbox 908 660 967 721; x_wconf 90' lang='lat' dir='ltr'>illis</span> <span class='ocrx_word' id='word_1_38' title='bbox 989 680 1008 722; x_wconf 88' lang='lat' dir='ltr'>a</span> <span class='ocrx_word' id='word_1_39' title='bbox 1031 660 1123 721; x_wconf 86' lang='lat' dir='ltr'>Patre</span> 
     </span>
     <span class='ocr_line' id='line_1_6' title="bbox 197 738 1124 825; baseline 0.003 -25"><span class='ocrx_word' id='word_1_40' title='bbox 197 759 253 801; x_wconf 91' lang='lat' dir='ltr'>suo</span> <span class='ocrx_word' id='word_1_41' title='bbox 268 738 327 821; x_wconf 57' lang='grc' dir='ltr'>*Ὅ</span> <span class='ocrx_word' id='word_1_42' title='bbox 352 750 491 822; x_wconf 88' lang='lat' dir='ltr'>paratum</span> <span class='ocrx_word' id='word_1_43' title='bbox 514 750 575 824; x_wconf 87' lang='lat' dir='ltr'>est,</span> <span class='ocrx_word' id='word_1_44' title='bbox 611 762 672 804; x_wconf 93' lang='lat' dir='ltr'>non</span> <span class='ocrx_word' id='word_1_45' title='bbox 707 744 805 804; x_wconf 92' lang='lat' dir='ltr'>solum</span> <span class='ocrx_word' id='word_1_46' title='bbox 830 750 992 825; x_wconf 77' lang='lat' dir='ltr'><strong>antequam</strong></span> <span class='ocrx_word' id='word_1_47' title='bbox 1017 748 1124 804; x_wconf 83' lang='lat' dir='ltr'>essent</span> 
     </span>
     <span class='ocr_line' id='line_1_7' title="bbox 197 823 955 903; baseline 0.012 -21"><span class='ocrx_word' id='word_1_48' title='bbox 197 824 265 903; x_wconf 90' lang='lat' dir='ltr'>ipsi,</span> <span class='ocrx_word' id='word_1_49' title='bbox 287 823 341 884; x_wconf 90' lang='lat' dir='ltr'>sed</span> <span class='ocrx_word' id='word_1_50' title='bbox 364 827 457 887; x_wconf 88' lang='lat' dir='ltr'>etiam</span> <span class='ocrx_word' id='word_1_51' title='bbox 480 832 552 887; x_wconf 90' lang='lat' dir='ltr'>ante</span> <span class='ocrx_word' id='word_1_52' title='bbox 567 828 816 888; x_wconf 80' lang='lat' dir='ltr'>constitutionem</span> <span class='ocrx_word' id='word_1_53' title='bbox 840 827 955 891; x_wconf 84' lang='lat' dir='ltr'>mundi.</span> 
     </span>
    </p>

    <p class='ocr_par' dir='ltr' id='par_1_3' title="bbox 151 907 1151 2406">
     <span class='ocr_line' id='line_1_8' title="bbox 281 907 1122 992; baseline 0.004 -25"><span class='ocrx_word' id='word_1_54' title='bbox 281 907 360 982; x_wconf 76' lang='lat' dir='ltr'>Quin</span> <span class='ocrx_word' id='word_1_55' title='bbox 383 910 408 970; x_wconf 88' lang='lat' dir='ltr'>si</span> <span class='ocrx_word' id='word_1_56' title='bbox 431 908 545 971; x_wconf 90' lang='lat' dir='ltr'>bonum</span> <span class='ocrx_word' id='word_1_57' title='bbox 568 917 766 990; x_wconf 79' lang='lat' dir='ltr'>operarentur</span> <span class='ocrx_word' id='word_1_58' title='bbox 787 917 913 992; x_wconf 88' lang='lat' dir='ltr'>propter</span> <span class='ocrx_word' id='word_1_59' title='bbox 926 929 1054 992; x_wconf 77' lang='lat' dir='ltr'>regnum</span> <span class='ocrx_word' id='word_1_60' title='bbox 1069 910 1122 971; x_wconf 91' lang='lat' dir='ltr'>ob-</span> 
     </span>
     <span class='ocr_line' id='line_1_9' title="bbox 197 990 1124 1074; baseline 0.004 -25"><span class='ocrx_word' id='word_1_61' title='bbox 197 990 364 1069; x_wconf 89' lang='lat' dir='ltr'>tinendum,</span> <span class='ocrx_word' id='word_1_62' title='bbox 386 1010 541 1071; x_wconf 92' lang='lat' dir='ltr'>nunquam</span> <span class='ocrx_word' id='word_1_63' title='bbox 564 992 746 1070; x_wconf 86' lang='lat' dir='ltr'>obtinerent,</span> <span class='ocrx_word' id='word_1_64' title='bbox 770 1002 800 1055; x_wconf 86' lang='lat' dir='ltr'>et</span> <span class='ocrx_word' id='word_1_65' title='bbox 822 993 860 1054; x_wconf 91' lang='lat' dir='ltr'>ad</span> <span class='ocrx_word' id='word_1_66' title='bbox 882 994 993 1073; x_wconf 90' lang='lat' dir='ltr'>impios</span> <span class='ocrx_word' id='word_1_67' title='bbox 1015 993 1124 1074; x_wconf 87' lang='lat' dir='ltr'>potius</span> 
     </span>
     <span class='ocr_line' id='line_1_10' title="bbox 196 1075 1124 1155; baseline 0.005 -23"><span class='ocrx_word' id='word_1_68' title='bbox 196 1075 399 1152; x_wconf 86' lang='lat' dir='ltr'>pertinerent,</span> <span class='ocrx_word' id='word_1_69' title='bbox 433 1078 484 1155; x_wconf 93' lang='lat' dir='ltr'>qui</span> <span class='ocrx_word' id='word_1_70' title='bbox 517 1077 608 1138; x_wconf 89' lang='lat' dir='ltr'>oculo</span> <span class='ocrx_word' id='word_1_71' title='bbox 641 1096 773 1155; x_wconf 93' lang='lat' dir='ltr'>nequam</span> <span class='ocrx_word' id='word_1_72' title='bbox 808 1084 839 1138; x_wconf 90' lang='lat' dir='ltr'>et</span> <span class='ocrx_word' id='word_1_73' title='bbox 860 1077 1051 1139; x_wconf 87' lang='lat' dir='ltr'>mercenario</span> <span class='ocrx_word' id='word_1_74' title='bbox 1074 1094 1124 1154; x_wconf 86' lang='lat' dir='ltr'>ea,</span> 
     </span>
     <span class='ocr_line' id='line_1_11' title="bbox 196 1159 1122 1239; baseline 0.004 -24"><span class='ocrx_word' id='word_1_75' title='bbox 196 1175 275 1234; x_wconf 91' lang='lat' dir='ltr'>quae</span> <span class='ocrx_word' id='word_1_76' title='bbox 297 1176 352 1217; x_wconf 92' lang='lat' dir='ltr'>sua</span> <span class='ocrx_word' id='word_1_77' title='bbox 374 1166 454 1235; x_wconf 85' lang='lat' dir='ltr'>sunt,</span> <span class='ocrx_word' id='word_1_78' title='bbox 478 1167 630 1239; x_wconf 89' lang='lat' dir='ltr'>quaerunt</span> <span class='ocrx_word' id='word_1_79' title='bbox 651 1162 741 1221; x_wconf 88' lang='lat' dir='ltr'>etiem</span> <span class='ocrx_word' id='word_1_80' title='bbox 763 1162 794 1221; x_wconf 91' lang='lat' dir='ltr'>in</span> <span class='ocrx_word' id='word_1_81' title='bbox 810 1161 886 1225; x_wconf 87' lang='lat' dir='ltr'>Deo.</span> <span class='ocrx_word' id='word_1_82' title='bbox 929 1159 997 1221; x_wconf 82' lang='lat' dir='ltr'>Filii</span> <span class='ocrx_word' id='word_1_83' title='bbox 1018 1165 1122 1220; x_wconf 85' lang='lat' dir='ltr'>autem</span> 
     </span>
     <span class='ocr_line' id='line_1_12' title="bbox 196 1239 1123 1322; baseline 0.004 -23"><span class='ocrx_word' id='word_1_84' title='bbox 196 1239 252 1300; x_wconf 90' lang='lat' dir='ltr'>Dei</span> <span class='ocrx_word' id='word_1_85' title='bbox 273 1242 406 1320; x_wconf 86' lang='lat' dir='ltr'>gratuita</span> <span class='ocrx_word' id='word_1_86' title='bbox 427 1243 585 1304; x_wconf 90' lang='lat' dir='ltr'>voluntate</span> <span class='ocrx_word' id='word_1_87' title='bbox 606 1243 722 1305; x_wconf 84' lang='lat' dir='ltr'>faciunt</span> <span class='ocrx_word' id='word_1_88' title='bbox 743 1243 873 1319; x_wconf 89' lang='lat' dir='ltr'>bonum,</span> <span class='ocrx_word' id='word_1_89' title='bbox 895 1242 1012 1304; x_wconf 91' lang='lat' dir='ltr'>nullum</span> <span class='ocrx_word' id='word_1_90' title='bbox 1034 1261 1123 1322; x_wconf 82' lang='lat' dir='ltr'>prae·</span> 
     </span>
     <span class='ocr_line' id='line_1_13' title="bbox 196 1323 1121 1406; baseline 0.003 -24"><span class='ocrx_word' id='word_1_91' title='bbox 196 1323 288 1383; x_wconf 91' lang='lat' dir='ltr'>mium</span> <span class='ocrx_word' id='word_1_92' title='bbox 312 1334 503 1404; x_wconf 83' lang='lat' dir='ltr'>quaerentes,</span> <span class='ocrx_word' id='word_1_93' title='bbox 527 1326 581 1387; x_wconf 87' lang='lat' dir='ltr'>sed</span> <span class='ocrx_word' id='word_1_94' title='bbox 604 1328 702 1387; x_wconf 82' lang='lat' dir='ltr'>oolam</span> <span class='ocrx_word' id='word_1_95' title='bbox 724 1328 854 1406; x_wconf 81' lang='lat' dir='ltr'>gloriam</span> <span class='ocrx_word' id='word_1_96' title='bbox 876 1335 907 1388; x_wconf 85' lang='lat' dir='ltr'>et</span> <span class='ocrx_word' id='word_1_97' title='bbox 929 1326 1121 1387; x_wconf 83' lang='lat' dir='ltr'>voluntatem</span> 
     </span>
     <span class='ocr_line' id='line_1_14' title="bbox 195 1403 1151 1490; baseline 0.003 -24"><span class='ocrx_word' id='word_1_98' title='bbox 195 1403 265 1480; x_wconf 83' lang='lat' dir='ltr'>Dei,</span> <span class='ocrx_word' id='word_1_99' title='bbox 287 1409 384 1486; x_wconf 92' lang='lat' dir='ltr'>parati</span> <span class='ocrx_word' id='word_1_100' title='bbox 407 1408 521 1471; x_wconf 90' lang='lat' dir='ltr'>bonnm</span> <span class='ocrx_word' id='word_1_101' title='bbox 544 1410 661 1486; x_wconf 87' lang='lat' dir='ltr'>facere,</span> <span class='ocrx_word' id='word_1_102' title='bbox 685 1411 710 1470; x_wconf 89' lang='lat' dir='ltr'>si</span> <span class='ocrx_word' id='word_1_103' title='bbox 732 1429 788 1490; x_wconf 91' lang='lat' dir='ltr'>per</span> <span class='ocrx_word' id='word_1_104' title='bbox 807 1406 998 1490; x_wconf 89' lang='lat' dir='ltr'>impossibile</span> <span class='ocrx_word' id='word_1_105' title='bbox 1019 1426 1151 1487; x_wconf 85' lang='lat' dir='ltr'>nsque·</span> 
     </span>
     <span class='ocr_line' id='line_1_15' title="bbox 195 1490 1125 1573; baseline 0.004 -26"><span class='ocrx_word' id='word_1_106' title='bbox 195 1506 322 1568; x_wconf 88' lang='lat' dir='ltr'>regnum</span> <span class='ocrx_word' id='word_1_107' title='bbox 345 1493 590 1570; x_wconf 87' lang='lat' dir='ltr'>nequeinfernus</span> <span class='ocrx_word' id='word_1_108' title='bbox 608 1500 698 1553; x_wconf 83' lang='lat' dir='ltr'>esset.</span> <span class='ocrx_word' id='word_1_109' title='bbox 740 1493 827 1554; x_wconf 90' lang='lat' dir='ltr'>Haec</span> <span class='ocrx_word' id='word_1_110' title='bbox 848 1499 923 1573; x_wconf 92' lang='lat' dir='ltr'>puto</span> <span class='ocrx_word' id='word_1_111' title='bbox 936 1492 1011 1552; x_wconf 86' lang='lat' dir='ltr'>satis</span> <span class='ocrx_word' id='word_1_112' title='bbox 1032 1490 1125 1551; x_wconf 82' lang='lat' dir='ltr'>firma</span> 
     </span>
     <span class='ocr_line' id='line_1_16' title="bbox 196 1573 1123 1656; baseline 0.004 -26"><span class='ocrx_word' id='word_1_113' title='bbox 196 1589 265 1632; x_wconf 88' lang='lat' dir='ltr'>esse</span> <span class='ocrx_word' id='word_1_114' title='bbox 287 1573 336 1638; x_wconf 78' lang='lat' dir='ltr'>rel</span> <span class='ocrx_word' id='word_1_115' title='bbox 358 1595 398 1637; x_wconf 86' lang='lat' dir='ltr'>ex</span> <span class='ocrx_word' id='word_1_116' title='bbox 421 1592 461 1637; x_wconf 88' lang='lat' dir='ltr'>eo·</span> <span class='ocrx_word' id='word_1_117' title='bbox 474 1576 541 1637; x_wconf 92' lang='lat' dir='ltr'>solo</span> <span class='ocrx_word' id='word_1_118' title='bbox 557 1575 638 1637; x_wconf 90' lang='lat' dir='ltr'>dioto</span> <span class='ocrx_word' id='word_1_119' title='bbox 652 1576 773 1651; x_wconf 80' lang='lat' dir='ltr'>Christi,</span> <span class='ocrx_word' id='word_1_120' title='bbox 796 1575 878 1656; x_wconf 89' lang='lat' dir='ltr'>quod</span> <span class='ocrx_word' id='word_1_121' title='bbox 901 1574 994 1637; x_wconf 84' lang='lat' dir='ltr'>modo</span> <span class='ocrx_word' id='word_1_122' title='bbox 1016 1574 1123 1652; x_wconf 83' lang='lat' dir='ltr'>citavi,</span> 
     </span>
     <span class='ocr_line' id='line_1_17' title="bbox 195 1654 1126 1737; baseline 0.002 -22"><span class='ocrx_word' id='word_1_123' title='bbox 195 1654 301 1735; x_wconf 83' lang='lat' dir='ltr'>Matth.</span> <span class='ocrx_word' id='word_1_124' title='bbox 324 1658 380 1724; x_wconf 84' lang='lat'>25:</span> <span class='ocrx_word' id='word_1_125' title='bbox 415 1659 541 1737; x_wconf 89' lang='lat' dir='ltr'>Venite,</span> <span class='ocrx_word' id='word_1_126' title='bbox 577 1658 730 1721; x_wconf 85' lang='lat' dir='ltr'>benedicti</span> <span class='ocrx_word' id='word_1_127' title='bbox 753 1660 850 1720; x_wconf 88' lang='lat' dir='ltr'>Patris</span> <span class='ocrx_word' id='word_1_128' title='bbox 872 1660 950 1734; x_wconf 87' lang='lat' dir='ltr'>mei,</span> <span class='ocrx_word' id='word_1_129' title='bbox 972 1657 1126 1737; x_wconf 87' lang='lat' dir='ltr'>percipite</span> 
     </span>
     <span class='ocr_line' id='line_1_18' title="bbox 197 1740 1125 1822; baseline -0.001 -22"><span class='ocrx_word' id='word_1_130' title='bbox 197 1759 341 1821; x_wconf 86' lang='lat' dir='ltr'>regnum,</span> <span class='ocrx_word' id='word_1_131' title='bbox 378 1742 460 1821; x_wconf 89' lang='lat' dir='ltr'>quod</span> <span class='ocrx_word' id='word_1_132' title='bbox 490 1742 578 1805; x_wconf 85' lang='lat' dir='ltr'>vobis</span> <span class='ocrx_word' id='word_1_133' title='bbox 610 1749 750 1822; x_wconf 90' lang='lat' dir='ltr'>paratum</span> <span class='ocrx_word' id='word_1_134' title='bbox 781 1750 828 1803; x_wconf 89' lang='lat' dir='ltr'>est</span> <span class='ocrx_word' id='word_1_135' title='bbox 859 1762 879 1803; x_wconf 87' lang='lat' dir='ltr'>a</span> <span class='ocrx_word' id='word_1_136' title='bbox 900 1740 1125 1803; x_wconf 83' lang='lat' dir='ltr'>constitutione</span> 
     </span>
     <span class='ocr_line' id='line_1_19' title="bbox 196 1823 1124 1904; baseline 0.001 -22"><span class='ocrx_word' id='word_1_137' title='bbox 196 1823 308 1887; x_wconf 88' lang='lat' dir='ltr'>mundi.</span> <span class='ocrx_word' id='word_1_138' title='bbox 352 1824 516 1900; x_wconf 80' lang='lat' dir='ltr'>Quomodo</span> <span class='ocrx_word' id='word_1_139' title='bbox 550 1825 766 1904; x_wconf 85' lang='lat' dir='ltr'>merenturid,</span> <span class='ocrx_word' id='word_1_140' title='bbox 790 1824 954 1904; x_wconf 87' lang='lat' dir='ltr'>quodiam</span> <span class='ocrx_word' id='word_1_141' title='bbox 982 1825 1124 1903; x_wconf 83' lang='lat' dir='ltr'>ipsorum</span> 
     </span>
     <span class='ocr_line' id='line_1_20' title="bbox 195 1905 1123 1988; baseline -0.001 -22"><span class='ocrx_word' id='word_1_142' title='bbox 195 1913 241 1966; x_wconf 91' lang='lat' dir='ltr'>est</span> <span class='ocrx_word' id='word_1_143' title='bbox 265 1908 390 1986; x_wconf 85' lang='lat' dir='ltr'>stipsis</span> <span class='ocrx_word' id='word_1_144' title='bbox 412 1913 562 1988; x_wconf 90' lang='lat' dir='ltr'>paratum,</span> <span class='ocrx_word' id='word_1_145' title='bbox 585 1915 750 1988; x_wconf 85' lang='lat' dir='ltr'>antequam</span> <span class='ocrx_word' id='word_1_146' title='bbox 766 1907 864 1969; x_wconf 83' lang='lat' dir='ltr'>liant?</span> <span class='ocrx_word' id='word_1_147' title='bbox 887 1914 919 1969; x_wconf 88' lang='lat' dir='ltr'>ut</span> <span class='ocrx_word' id='word_1_148' title='bbox 939 1905 1052 1969; x_wconf 75' lang='lat' dir='ltr'>rectius</span> <span class='ocrx_word' id='word_1_149' title='bbox 1076 1905 1123 1966; x_wconf 89' lang='lat' dir='ltr'>di·</span> 
     </span>
     <span class='ocr_line' id='line_1_21' title="bbox 195 1992 1124 2073; baseline -0.001 -24"><span class='ocrx_word' id='word_1_150' title='bbox 195 2008 265 2049; x_wconf 90' lang='lat' dir='ltr'>cere</span> <span class='ocrx_word' id='word_1_151' title='bbox 287 1992 452 2072; x_wconf 87' lang='lat' dir='ltr'>possimus,</span> <span class='ocrx_word' id='word_1_152' title='bbox 475 2012 602 2073; x_wconf 87' lang='lat' dir='ltr'>regnum</span> <span class='ocrx_word' id='word_1_153' title='bbox 624 1992 682 2053; x_wconf 90' lang='lat' dir='ltr'>Dei</span> <span class='ocrx_word' id='word_1_154' title='bbox 704 1993 806 2071; x_wconf 88' lang='lat' dir='ltr'>potius</span> <span class='ocrx_word' id='word_1_155' title='bbox 820 1998 951 2051; x_wconf 88' lang='lat' dir='ltr'>meretur</span> <span class='ocrx_word' id='word_1_156' title='bbox 972 2006 1124 2050; x_wconf 86' lang='lat' dir='ltr'>nos-suos</span> 
     </span>
     <span class='ocr_line' id='line_1_22' title="bbox 151 2070 1126 2154; baseline -0.001 -22"><span class='ocrx_word' id='word_1_157' title='bbox 151 2106 154 2111; x_wconf 95' lang='lat'><em>·</em></span> <span class='ocrx_word' id='word_1_158' title='bbox 196 2090 412 2154; x_wconf 90' lang='lat' dir='ltr'>possessores,</span> <span class='ocrx_word' id='word_1_159' title='bbox 448 2076 648 2135; x_wconf 87' lang='lat' dir='ltr'>et·meritum</span> <span class='ocrx_word' id='word_1_160' title='bbox 675 2075 740 2135; x_wconf 90' lang='lat' dir='ltr'>illio</span> <span class='ocrx_word' id='word_1_161' title='bbox 762 2074 964 2150; x_wconf 89' lang='lat' dir='ltr'>collocemus,</span> <span class='ocrx_word' id='word_1_162' title='bbox 998 2070 1050 2132; x_wconf 89' lang='lat' dir='ltr'>ubi</span> <span class='ocrx_word' id='word_1_163' title='bbox 1071 2070 1126 2131; x_wconf 87' lang='lat' dir='ltr'>isti</span> 
     </span>
     <span class='ocr_line' id='line_1_23' title="bbox 195 2153 1127 2237; baseline 0 -22"><span class='ocrx_word' id='word_1_164' title='bbox 195 2156 374 2236; x_wconf 86' lang='lat' dir='ltr'>praemium,</span> <span class='ocrx_word' id='word_1_165' title='bbox 397 2163 427 2217; x_wconf 87' lang='lat' dir='ltr'>et</span> <span class='ocrx_word' id='word_1_166' title='bbox 448 2158 617 2237; x_wconf 90' lang='lat' dir='ltr'>praemium</span> <span class='ocrx_word' id='word_1_167' title='bbox 640 2158 712 2235; x_wconf 90' lang='lat' dir='ltr'>illic,</span> <span class='ocrx_word' id='word_1_168' title='bbox 734 2157 786 2218; x_wconf 90' lang='lat' dir='ltr'>ubi</span> <span class='ocrx_word' id='word_1_169' title='bbox 806 2157 848 2217; x_wconf 90' lang='lat' dir='ltr'>illi</span> <span class='ocrx_word' id='word_1_170' title='bbox 862 2157 1002 2218; x_wconf 87' lang='lat' dir='ltr'>meritum</span> <span class='ocrx_word' id='word_1_171' title='bbox 1023 2153 1127 2217; x_wconf 86' lang='lat' dir='ltr'>collo·</span> 
     </span>
     <span class='ocr_line' id='line_1_24' title="bbox 197 2239 1128 2321; baseline 0 -24"><span class='ocrx_word' id='word_1_172' title='bbox 197 2245 277 2302; x_wconf 85' lang='lat' dir='ltr'>cant.</span> <span class='ocrx_word' id='word_1_173' title='bbox 320 2240 460 2320; x_wconf 86' lang='lat' dir='ltr'>Regnum</span> <span class='ocrx_word' id='word_1_174' title='bbox 483 2242 563 2302; x_wconf 88' lang='lat' dir='ltr'>enim</span> <span class='ocrx_word' id='word_1_175' title='bbox 586 2260 649 2301; x_wconf 93' lang='lat' dir='ltr'>non</span> <span class='ocrx_word' id='word_1_176' title='bbox 671 2248 804 2321; x_wconf 87' lang='lat' dir='ltr'>paratur,</span> <span class='ocrx_word' id='word_1_177' title='bbox 826 2239 880 2300; x_wconf 88' lang='lat' dir='ltr'>sed</span> <span class='ocrx_word' id='word_1_178' title='bbox 902 2244 1044 2319; x_wconf 88' lang='lat' dir='ltr'>paratum</span> <span class='ocrx_word' id='word_1_179' title='bbox 1067 2244 1128 2313; x_wconf 86' lang='lat' dir='ltr'>est,</span> 
     </span>
     <span class='ocr_line' id='line_1_25' title="bbox 195 2320 1130 2406; baseline -0.003 -23"><span class='ocrx_word' id='word_1_180' title='bbox 195 2320 248 2383; x_wconf 88' lang='lat' dir='ltr'>filii</span> <span class='ocrx_word' id='word_1_181' title='bbox 272 2341 345 2383; x_wconf 89' lang='lat' dir='ltr'>vero</span> <span class='ocrx_word' id='word_1_182' title='bbox 367 2325 453 2404; x_wconf 89' lang='lat' dir='ltr'>regni</span> <span class='ocrx_word' id='word_1_183' title='bbox 477 2331 637 2406; x_wconf 89' lang='lat' dir='ltr'>parantur,</span> <span class='ocrx_word' id='word_1_184' title='bbox 667 2343 730 2384; x_wconf 94' lang='lat' dir='ltr'>non</span> <span class='ocrx_word' id='word_1_185' title='bbox 759 2330 869 2404; x_wconf 88' lang='lat' dir='ltr'>parant</span> <span class='ocrx_word' id='word_1_186' title='bbox 889 2341 1032 2402; x_wconf 87' lang='lat' dir='ltr'>regnum,</span> <span class='ocrx_word' id='word_1_187' title='bbox 1066 2320 1130 2381; x_wconf 89' lang='lat' dir='ltr'>huc</span> 
     </span>
    </p>
   </div>
   <div class='ocr_carea' id='block_1_3' title="bbox 69 2401 1130 2487">
    <p class='ocr_par' dir='ltr' id='par_1_4' title="bbox 69 2401 1130 2487">
     <span class='ocr_line' id='line_1_26' title="bbox 69 2401 1130 2487; baseline -0.003 -21"><span class='ocrx_word' id='word_1_188' title='bbox 69 2404 82 2419; x_wconf 87' lang='grc'><strong>“</strong></span> <span class='ocrx_word' id='word_1_189' title='bbox 195 2411 250 2483; x_wconf 88' lang='lat' dir='ltr'>eet,</span> <span class='ocrx_word' id='word_1_190' title='bbox 271 2425 398 2487; x_wconf 86' lang='lat' dir='ltr'>regnum</span> <span class='ocrx_word' id='word_1_191' title='bbox 424 2413 556 2469; x_wconf 85' lang='lat' dir='ltr'>meretur</span> <span class='ocrx_word' id='word_1_192' title='bbox 576 2407 667 2482; x_wconf 86' lang='lat' dir='ltr'>lilios,</span> <span class='ocrx_word' id='word_1_193' title='bbox 689 2426 752 2468; x_wconf 92' lang='lat' dir='ltr'>non</span> <span class='ocrx_word' id='word_1_194' title='bbox 774 2404 827 2466; x_wconf 85' lang='lat' dir='ltr'>filii</span> <span class='ocrx_word' id='word_1_195' title='bbox 849 2423 985 2486; x_wconf 87' lang='lat' dir='ltr'>regnum.</span> <span class='ocrx_word' id='word_1_196' title='bbox 1028 2401 1083 2465; x_wconf 79' lang='lat' dir='ltr'>sic</span> <span class='ocrx_word' id='word_1_197' title='bbox 1094 2408 1130 2464; x_wconf 88' lang='lat' dir='ltr'>et</span> 
     </span>
    </p>
   </div>
   <div class='ocr_carea' id='block_1_4' title="bbox 194 2489 1129 3483">
    <p class='ocr_par' dir='ltr' id='par_1_5' title="bbox 194 2489 1129 2736">
     <span class='ocr_line' id='line_1_27' title="bbox 194 2489 1128 2571; baseline -0.001 -23"><span class='ocrx_word' id='word_1_198' title='bbox 194 2489 329 2550; x_wconf 84' lang='lat' dir='ltr'>infernus</span> <span class='ocrx_word' id='word_1_199' title='bbox 367 2510 439 2550; x_wconf 87' lang='lat' dir='ltr'>suos</span> <span class='ocrx_word' id='word_1_200' title='bbox 474 2493 576 2571; x_wconf 88' lang='lat' dir='ltr'>potius</span> <span class='ocrx_word' id='word_1_201' title='bbox 603 2489 684 2550; x_wconf 86' lang='lat' dir='ltr'>lilios</span> <span class='ocrx_word' id='word_1_202' title='bbox 707 2495 840 2551; x_wconf 86' lang='lat' dir='ltr'>meretur</span> <span class='ocrx_word' id='word_1_203' title='bbox 862 2497 894 2548; x_wconf 83' lang='lat' dir='ltr'>et</span> <span class='ocrx_word' id='word_1_204' title='bbox 914 2492 1017 2567; x_wconf 82' lang='lat' dir='ltr'>parat,</span> <span class='ocrx_word' id='word_1_205' title='bbox 1053 2504 1128 2547; x_wconf 88' lang='lat' dir='ltr'>oum</span> 
     </span>
     <span class='ocr_line' id='line_1_28' title="bbox 198 2571 1129 2651; baseline -0.004 -18"><span class='ocrx_word' id='word_1_206' title='bbox 198 2572 334 2634; x_wconf 80' lang='lat' dir='ltr'>Christus</span> <span class='ocrx_word' id='word_1_207' title='bbox 357 2573 452 2635; x_wconf 89' lang='lat' dir='ltr'>dicat:</span> <span class='ocrx_word' id='word_1_208' title='bbox 490 2574 550 2648; x_wconf 88' lang='lat' dir='ltr'>lte,</span> <span class='ocrx_word' id='word_1_209' title='bbox 573 2571 744 2647; x_wconf 83' lang='lat' dir='ltr'>maledieti,</span> <span class='ocrx_word' id='word_1_210' title='bbox 776 2573 930 2651; x_wconf 88' lang='lat' dir='ltr'>inignem</span> <span class='ocrx_word' id='word_1_211' title='bbox 953 2579 1129 2647; x_wconf 85' lang='lat' dir='ltr'>aeternum,</span> 
     </span>
     <span class='ocr_line' id='line_1_29' title="bbox 196 2654 898 2736; baseline 0.004 -22"><span class='ocrx_word' id='word_1_212' title='bbox 196 2656 246 2734; x_wconf 93' lang='lat' dir='ltr'>qui</span> <span class='ocrx_word' id='word_1_213' title='bbox 270 2662 394 2736; x_wconf 88' lang='lat' dir='ltr'>paratos</span> <span class='ocrx_word' id='word_1_214' title='bbox 417 2662 464 2717; x_wconf 88' lang='lat' dir='ltr'>est</span> <span class='ocrx_word' id='word_1_215' title='bbox 484 2656 607 2717; x_wconf 89' lang='lat' dir='ltr'>diabolo</span> <span class='ocrx_word' id='word_1_216' title='bbox 630 2663 660 2716; x_wconf 92' lang='lat' dir='ltr'>et</span> <span class='ocrx_word' id='word_1_217' title='bbox 683 2654 800 2735; x_wconf 87' lang='lat' dir='ltr'>engolis</span> <span class='ocrx_word' id='word_1_218' title='bbox 823 2657 898 2717; x_wconf 88' lang='lat' dir='ltr'>eius.</span> 
     </span>
    </p>

    <p class='ocr_par' dir='ltr' id='par_1_6' title="bbox 195 2738 1129 3483">
     <span class='ocr_line' id='line_1_30' title="bbox 279 2738 1129 2819; baseline -0.004 -21"><span class='ocrx_word' id='word_1_219' title='bbox 279 2738 401 2819; x_wconf 76' lang='lat' dir='ltr'>Quid1)</span> <span class='ocrx_word' id='word_1_220' title='bbox 426 2741 517 2818; x_wconf 88' lang='lat' dir='ltr'>igitur</span> <span class='ocrx_word' id='word_1_221' title='bbox 529 2741 634 2800; x_wconf 89' lang='lat' dir='ltr'>volunt</span> <span class='ocrx_word' id='word_1_222' title='bbox 648 2738 742 2799; x_wconf 89' lang='lat' dir='ltr'>verba</span> <span class='ocrx_word' id='word_1_223' title='bbox 755 2738 962 2815; x_wconf 84' lang='lat' dir='ltr'>promittentia</span> <span class='ocrx_word' id='word_1_224' title='bbox 983 2753 1129 2816; x_wconf 83' lang='lat' dir='ltr'>regnum,</span> 
     </span>
     <span class='ocr_line' id='line_1_31' title="bbox 197 2821 1128 2901; baseline -0.004 -20"><span class='ocrx_word' id='word_1_225' title='bbox 197 2822 345 2882; x_wconf 88' lang='lat' dir='ltr'>minantia</span> <span class='ocrx_word' id='word_1_226' title='bbox 377 2823 549 2883; x_wconf 81' lang='lat' dir='ltr'>infernum?</span> <span class='ocrx_word' id='word_1_227' title='bbox 593 2821 672 2897; x_wconf 79' lang='lat' dir='ltr'>Quid</span> <span class='ocrx_word' id='word_1_228' title='bbox 695 2822 786 2882; x_wconf 80' lang='lat' dir='ltr'>toties</span> <span class='ocrx_word' id='word_1_229' title='bbox 808 2823 936 2901; x_wconf 88' lang='lat' dir='ltr'>repetita</span> <span class='ocrx_word' id='word_1_230' title='bbox 958 2837 1021 2879; x_wconf 85' lang='lat' dir='ltr'>vox</span> <span class='ocrx_word' id='word_1_231' title='bbox 1045 2837 1128 2879; x_wconf 90' lang='lat' dir='ltr'>mer·</span> 
     </span>
     <span class='ocr_line' id='line_1_32' title="bbox 196 2902 1129 2985; baseline -0.001 -21"><span class='ocrx_word' id='word_1_232' title='bbox 196 2903 280 2964; x_wconf 90' lang='lat' dir='ltr'>cedis</span> <span class='ocrx_word' id='word_1_233' title='bbox 301 2923 355 2984; x_wconf 93' lang='lat' dir='ltr'>per</span> <span class='ocrx_word' id='word_1_234' title='bbox 368 2904 559 2985; x_wconf 78' lang='lat' dir='ltr'>Scripturas?</span> <span class='ocrx_word' id='word_1_235' title='bbox 601 2905 665 2984; x_wconf 85' lang='lat' dir='ltr'>Est,</span> <span class='ocrx_word' id='word_1_236' title='bbox 690 2905 798 2984; x_wconf 86' lang='lat' dir='ltr'>inquit,</span> <span class='ocrx_word' id='word_1_237' title='bbox 820 2902 1039 2981; x_wconf 88' lang='lat' dir='ltr'>meruesoperi</span> <span class='ocrx_word' id='word_1_238' title='bbox 1053 2908 1129 2979; x_wconf 77' lang='lat' dir='ltr'>tu03</span> 
     </span>
     <span class='ocr_line' id='line_1_33' title="bbox 195 2982 1129 3068; baseline -0.002 -21"><span class='ocrx_word' id='word_1_239' title='bbox 195 3005 255 3066; x_wconf 89' lang='lat' dir='ltr'>ego</span> <span class='ocrx_word' id='word_1_240' title='bbox 278 3006 396 3048; x_wconf 78' lang='lat' dir='ltr'>mercer</span> <span class='ocrx_word' id='word_1_241' title='bbox 419 2996 472 3049; x_wconf 91' lang='lat' dir='ltr'>tua</span> <span class='ocrx_word' id='word_1_242' title='bbox 494 3008 607 3068; x_wconf 89' lang='lat' dir='ltr'>magna</span> <span class='ocrx_word' id='word_1_243' title='bbox 629 2988 728 3066; x_wconf 87' lang='lat' dir='ltr'>nimis,</span> <span class='ocrx_word' id='word_1_244' title='bbox 753 2989 842 3048; x_wconf 84' lang='lat' dir='ltr'>item:</span> <span class='ocrx_word' id='word_1_245' title='bbox 864 2986 922 3062; x_wconf 79' lang='lat' dir='ltr'>Qui</span> <span class='ocrx_word' id='word_1_246' title='bbox 945 2982 1048 3045; x_wconf 86' lang='lat' dir='ltr'>reddit</span> <span class='ocrx_word' id='word_1_247' title='bbox 1061 2984 1129 3045; x_wconf 92' lang='lat' dir='ltr'>uni·</span> 
     </span>
     <span class='ocr_line' id='line_1_34' title="bbox 195 3066 1128 3151; baseline 0 -22"><span class='ocrx_word' id='word_1_248' title='bbox 195 3071 306 3148; x_wconf 91' lang='lat' dir='ltr'>cuique</span> <span class='ocrx_word' id='word_1_249' title='bbox 328 3071 494 3132; x_wconf 87' lang='lat' dir='ltr'>secundum</span> <span class='ocrx_word' id='word_1_250' title='bbox 533 3090 628 3151; x_wconf 88' lang='lat' dir='ltr'>opera</span> <span class='ocrx_word' id='word_1_251' title='bbox 660 3088 730 3148; x_wconf 71' lang='lat' dir='ltr'>sua,</span> <span class='ocrx_word' id='word_1_252' title='bbox 765 3077 796 3132; x_wconf 89' lang='lat' dir='ltr'>et</span> <span class='ocrx_word' id='word_1_253' title='bbox 817 3069 929 3130; x_wconf 88' lang='lat' dir='ltr'>Paulus</span> <span class='ocrx_word' id='word_1_254' title='bbox 950 3068 1064 3132; x_wconf 84' lang='lat' dir='ltr'>Roma.</span> <span class='ocrx_word' id='word_1_255' title='bbox 1085 3066 1128 3131; x_wconf 74' lang='lat'>21</span> 
     </span>
     <span class='ocr_line' id='line_1_35' title="bbox 195 3153 1128 3235; baseline -0.001 -23"><span class='ocrx_word' id='word_1_256' title='bbox 195 3153 345 3214; x_wconf 84' lang='lat' dir='ltr'>Patientia</span> <span class='ocrx_word' id='word_1_257' title='bbox 368 3155 440 3214; x_wconf 92' lang='lat' dir='ltr'>boni</span> <span class='ocrx_word' id='word_1_258' title='bbox 469 3157 570 3235; x_wconf 88' lang='lat' dir='ltr'>operis</span> <span class='ocrx_word' id='word_1_259' title='bbox 593 3153 809 3232; x_wconf 87' lang='lat' dir='ltr'>quaerentibus</span> <span class='ocrx_word' id='word_1_260' title='bbox 837 3154 928 3213; x_wconf 89' lang='lat' dir='ltr'>vitam</span> <span class='ocrx_word' id='word_1_261' title='bbox 953 3156 1128 3227; x_wconf 85' lang='lat' dir='ltr'>aeternam,</span> 
     </span>
     <span class='ocr_line' id='line_1_36' title="bbox 196 3232 1128 3316; baseline -0.002 -20"><span class='ocrx_word' id='word_1_262' title='bbox 196 3242 228 3296; x_wconf 88' lang='lat' dir='ltr'>et</span> <span class='ocrx_word' id='word_1_263' title='bbox 261 3237 355 3297; x_wconf 91' lang='lat' dir='ltr'>multa</span> <span class='ocrx_word' id='word_1_264' title='bbox 387 3238 508 3301; x_wconf 84' lang='lat' dir='ltr'>similia.</span> <span class='ocrx_word' id='word_1_265' title='bbox 551 3236 784 3316; x_wconf 84' lang='lat' dir='ltr'>Respondetur,</span> <span class='ocrx_word' id='word_1_266' title='bbox 820 3236 856 3296; x_wconf 91' lang='lat' dir='ltr'>iis</span> <span class='ocrx_word' id='word_1_267' title='bbox 884 3233 1029 3296; x_wconf 86' lang='lat' dir='ltr'>omnibus</span> <span class='ocrx_word' id='word_1_268' title='bbox 1051 3232 1128 3294; x_wconf 90' lang='lat' dir='ltr'>nihil</span> 
     </span>
     <span class='ocr_line' id='line_1_37' title="bbox 196 3319 1127 3400; baseline -0.002 -21"><span class='ocrx_word' id='word_1_269' title='bbox 196 3319 335 3399; x_wconf 90' lang='lat' dir='ltr'>probari,</span> <span class='ocrx_word' id='word_1_270' title='bbox 370 3338 461 3398; x_wconf 89' lang='lat' dir='ltr'>quam</span> <span class='ocrx_word' id='word_1_271' title='bbox 497 3321 654 3400; x_wconf 87' lang='lat' dir='ltr'>sequelam</span> <span class='ocrx_word' id='word_1_272' title='bbox 679 3319 844 3398; x_wconf 79' lang='lat' dir='ltr'>mercedis,</span> <span class='ocrx_word' id='word_1_273' title='bbox 875 3327 905 3379; x_wconf 91' lang='lat' dir='ltr'>et</span> <span class='ocrx_word' id='word_1_274' title='bbox 926 3336 1127 3397; x_wconf 87' lang='lat' dir='ltr'>nequaquam</span> 
     </span>
     <span class='ocr_line' id='line_1_38' title="bbox 197 3400 1127 3483; baseline -0.003 -20"><span class='ocrx_word' id='word_1_275' title='bbox 197 3404 294 3464; x_wconf 90' lang='lat' dir='ltr'>meriti</span> <span class='ocrx_word' id='word_1_276' title='bbox 316 3403 507 3483; x_wconf 88' lang='lat' dir='ltr'>dignitatem,</span> <span class='ocrx_word' id='word_1_277' title='bbox 529 3404 656 3481; x_wconf 87' lang='lat' dir='ltr'>scilicet,</span> <span class='ocrx_word' id='word_1_278' title='bbox 679 3403 761 3483; x_wconf 90' lang='lat' dir='ltr'>quod</span> <span class='ocrx_word' id='word_1_279' title='bbox 774 3404 805 3482; x_wconf 88' lang='lat' dir='ltr'>ii,</span> <span class='ocrx_word' id='word_1_280' title='bbox 829 3403 879 3482; x_wconf 93' lang='lat' dir='ltr'>qui</span> <span class='ocrx_word' id='word_1_281' title='bbox 892 3400 976 3463; x_wconf 89' lang='lat' dir='ltr'>bona</span> <span class='ocrx_word' id='word_1_282' title='bbox 996 3400 1127 3479; x_wconf 79' lang='lat' dir='ltr'>iaciunt,</span> 
     </span>
    </p>
   </div>
   <div class='ocr_carea' id='block_1_5' title="bbox 195 3682 1125 3827">
    <p class='ocr_par' dir='ltr' id='par_1_7' title="bbox 195 3682 1125 3827">
     <span class='ocr_line' id='line_1_39' title="bbox 268 3682 1125 3755; baseline 0.008 -23"><span class='ocrx_word' id='word_1_283' title='bbox 268 3687 300 3752; x_wconf 86' lang='lat'>1)</span> <span class='ocrx_word' id='word_1_284' title='bbox 320 3686 346 3739; x_wconf 70' lang='lat'>2.</span> <span class='ocrx_word' id='word_1_285' title='bbox 364 3685 423 3741; x_wconf 79' lang='lat' dir='ltr'>Pet.</span> <span class='ocrx_word' id='word_1_286' title='bbox 442 3687 468 3741; x_wconf 80' lang='lat'>2.</span> <span class='ocrx_word' id='word_1_287' title='bbox 507 3684 556 3754; x_wconf 78' lang='grc'>·*)</span> <span class='ocrx_word' id='word_1_288' title='bbox 576 3684 671 3740; x_wconf 84' lang='lat' dir='ltr'>Metth.</span> <span class='ocrx_word' id='word_1_289' title='bbox 690 3688 734 3743; x_wconf 84' lang='lat'>25.</span> <span class='ocrx_word' id='word_1_290' title='bbox 773 3687 799 3754; x_wconf 95' lang='grc'>1)</span> <span class='ocrx_word' id='word_1_291' title='bbox 821 3687 851 3739; x_wconf 93' lang='lat' dir='ltr'>ln</span> <span class='ocrx_word' id='word_1_292' title='bbox 870 3684 913 3740; x_wconf 86' lang='lat' dir='ltr'>ed.</span> <span class='ocrx_word' id='word_1_293' title='bbox 934 3685 993 3740; x_wconf 86' lang='lat' dir='ltr'>len.</span> <span class='ocrx_word' id='word_1_294' title='bbox 1007 3682 1125 3755; x_wconf 78' lang='lat' dir='ltr'>margini</span> 
     </span>
     <span class='ocr_line' id='line_1_40' title="bbox 195 3755 590 3827; baseline -0.01 -12"><span class='ocrx_word' id='word_1_295' title='bbox 195 3755 356 3827; x_wconf 74' lang='lat' dir='ltr'>insumptum</span> <span class='ocrx_word' id='word_1_296' title='bbox 375 3762 432 3814; x_wconf 79' lang='lat' dir='ltr'>est:</span> <span class='ocrx_word' id='word_1_297' title='bbox 452 3757 590 3812; x_wconf 83' lang='lat' dir='ltr'>Erasmus.</span> 
     </span>
    </p>
   </div>
   <div class='ocr_carea' id='block_1_6' title="bbox 0 0 1178 4162">
    <p class='ocr_par' dir='ltr' id='par_1_8' title="bbox 0 0 1178 4162">
     <span class='ocr_line' id='line_1_41' title="bbox 0 0 1178 4162; baseline 0 0"><span class='ocrx_word' id='word_1_298' title='bbox 0 0 1178 4162; x_wconf 95' lang='lat' dir='ltr'> </span> 
     </span>
    </p>
   </div>
  </div>
 </body>
</html>
