2348 4162
342 243 535 303 Praefationes
552 245 587 302 D.
605 245 640 302 ll.
659 246 689 303 L.
710 246 749 302 A.
772 246 851 306 1518.
987 242 1049 313 489

124 415 290 498 Augustini
312 414 352 478 ds
375 417 481 497 spiritu
512 422 542 477 et
562 417 650 478 litera
670 417 702 478 in
719 416 779 477 hac
800 417 907 479 schola
928 416 1051 499 publice

125 500 288 580 legeretur,
310 500 491 581 praesertim
513 499 574 561 hoc
595 500 702 561 seculo
724 507 840 578 nostro,
861 502 892 562 in
915 519 975 580 quo
993 501 1051 563 Pa·

126 584 229 665 pistae
250 583 318 664 plus
341 602 431 663 quam
445 583 602 665 Pelagiani
614 584 736 645 rabiose
748 585 839 644 etiam
862 585 1052 645 insectantur

125 667 257 747 gratiam
280 667 347 745 Dei,
371 685 432 746 qua
454 668 548 747 gratis
573 667 772 728 iustificamur
791 668 821 726 in
846 666 983 747 Christo,
1018 673 1051 729 nt

124 748 293 810 defendant
315 756 346 811 et
367 749 523 811 stabiliant
544 770 615 811 suas
638 750 872 830 satisfactiones,
896 752 1004 811 missas
1020 756 1051 812 et

125 834 245 895 merita.
290 833 391 908 Quare
424 833 538 895 debent
558 834 688 895 studiosi
717 833 892 913 theologiae
909 834 995 900 hunc
1016 833 1051 894 li·

124 914 241 979 bellum
265 916 322 977 sibi
345 918 448 977 facere
470 917 666 997 familiarem,
701 924 733 978 ut
753 919 895 978 resistere
931 918 1052 998 possint

124 1005 157 1060 et
178 999 337 1060 confutare
359 1017 453 1060 voces
475 1000 542 1060 illas
564 1000 702 1062 rabiosas
725 1001 916 1080 Papistarurn
939 1001 1050 1061 vocife-

94 1145 97 1149 ,
124 1084 276 1162 rantium,
311 1102 369 1142 nos
395 1102 508 1144 novum
533 1082 691 1145 doctrinae
712 1102 809 1164 genus
830 1085 861 1143 in
887 1083 1049 1145 ecclesiam

123 1164 280 1227 invehere.
323 1165 401 1226 Nam
424 1166 475 1228 hic
497 1167 573 1228 liber
595 1167 625 1228 S.
648 1167 811 1247 Augustini
834 1185 895 1228 non
918 1175 964 1227 est
998 1184 1050 1227 no·

123 1267 197 1328 vna,
231 1249 286 1309 sed
309 1251 465 1310 convincit
485 1248 626 1330 Papistas
664 1269 733 1310 esse
754 1268 904 1311 novorum
928 1249 1051 1330 dogma·

124 1340 189 1392 tum
225 1332 419 1411 inventores,
455 1334 505 1411 qui
540 1332 612 1393 huic
647 1332 805 1394 doctrinae
828 1334 921 1394 veteri
959 1341 989 1394 et
1011 1333 1051 1394 ab

124 1414 278 1496 apostolis
310 1414 440 1476 traditae
467 1415 746 1496 superinduxerunt
777 1435 848 1476 suas
877 1418 986 1496 impias
1021 1419 1054 1478 et

123 1496 294 1581 sacrilegas
317 1499 490 1579 opiniones,
513 1499 623 1578 quihus
646 1519 714 1560 eam
727 1498 972 1580 flagellaverunt,
987 1518 1052 1559 cru-

127 1579 292 1642 cifixerunt
313 1587 343 1642 et
359 1582 555 1662 sepelierunt.

209 1664 321 1725 Exstat
356 1665 437 1744 apud
470 1684 524 1726 eos
547 1683 609 1726 vox
631 1665 705 1725 satis
730 1665 883 1742 satanica,
918 1662 972 1725 sed
995 1683 1050 1744 pro

125 1765 248 1808 canone
269 1747 447 1827 theologico
471 1749 530 1808 illis
553 1747 672 1828 habita,
708 1747 825 1808 scilicet
847 1748 1050 1827 Augustinnm

124 1831 158 1891 in
181 1829 228 1890 his
248 1830 341 1891 rebus
364 1850 433 1891 esse
450 1831 586 1892 locutum
606 1832 775 1895 excessive.
819 1830 870 1891 Sic
892 1832 973 1891 enim
991 1830 1051 1891 elu-

123 1919 231 1974 serunt
252 1914 350 1976 sancti
372 1915 427 1974 viri
440 1914 610 1975 doctrinam
634 1920 812 1994 etoperam,
836 1934 874 1974 ne
896 1917 1052 1974 vinceren-

124 2002 174 2057 tur
198 1997 361 2058 autoritate
383 1995 414 2058 Β.
437 1998 600 2077 Augustini
638 2005 668 2058 et
690 2005 873 2078 cogerentur
894 2017 950 2058 sua
971 2015 1051 2057 com·

124 2085 231 2140 menta
253 2080 371 2140 nefaria
395 2079 551 2141 deserere:
575 2099 636 2160 quo
660 2080 750 2140 simul
763 2082 970 2142 testimonium
994 2079 1051 2141 sibi

123 2162 133 2222 i
158 2162 200 2222 sis
223 2169 309 2239 aunt,
344 2181 406 2223 non
430 2165 607 2245 ignoranter
640 2183 709 2224 sese
731 2164 875 2224 docuisse
896 2170 927 2224 et
950 2164 1051 2224 defen-

123 2183 207 2306 disse
229 2263 285 2306 sua
306 2251 467 2327 portenta,
497 2252 531 2307 ut
553 2248 604 2327 qui
626 2247 752 2327 pulchre
774 2249 887 2309 scirent
908 2253 940 2307 et
961 2247 1050 2324 legis·

123 2334 194 2388 sent
225 2327 430 2408 Augustinnm
471 2330 565 2409 longe
608 2328 732 2409 lateque
766 2331 840 2410 ipsis
881 2329 1051 2390 dissentire.

122 2407 213 2474 Unus
236 2431 277 2472 ex
309 2412 368 2472 illis
391 2410 558 2492 Gregorius
580 2411 782 2472 Ariminensis
813 2431 904 2472 ausus
927 2417 975 2473 est
994 2411 1052 2471 Ln-

123 2495 218 2556 tetias
241 2495 445 2575 Augustinum
469 2494 639 2576 producere
663 2502 694 2555 et
716 2494 867 2576 Sophistis
892 2513 1051 2575 opponere

123 2578 155 2638 in
178 2577 237 2637 hac
259 2579 396 2657 materia,
419 2577 559 2640 sednon
583 2576 761 2658 praevaluit,
784 2578 902 2639 scilicet
920 2577 1050 2638 obruen-

123 2659 205 2722 tibus
239 2679 307 2722 eum
339 2660 500 2722 Sorbonae
531 2661 685 2741 theologis
718 2667 749 2721 et
782 2680 838 2742 pro
873 2660 1049 2722 Pharisaico

123 2761 182 2805 suo
204 2744 367 2825 supercilio
391 2744 636 2824 decernentibus,
657 2743 863 2825 Augustinnm
876 2762 944 2804 esse
965 2743 1049 2804 locu-

124 2833 188 2888 tum
211 2828 381 2889 excessivo.

207 2909 283 2971 Gum
306 2911 397 2990 igitur
428 2928 492 2971 non
521 2911 562 2970 sit
589 2910 722 2971 cuiusvis
746 2911 850 2971 omnia
872 2929 967 2991 opera
989 2910 1050 2970 Au-

123 2992 238 3074 gustini
261 2992 318 3053 sibi
342 3012 522 3073 comparare
530 3040 539 3073 ,
573 2994 779 3055 necessarium
804 2995 901 3054 visum
925 2998 971 3055 est
993 3011 1049 3073 pro

124 3075 315 3137 tennioribus
341 3095 434 3137 unum
464 3082 496 3137 ct
521 3076 650 3137 alterum
673 3076 809 3137 libellum
834 3076 864 3140 S.
887 3077 1049 3157 Augustini

123 3159 231 3238 edere,
262 3167 294 3219 ut
315 3159 419 3222 videat
441 3160 665 3240 unusquisque,
702 3179 758 3221 nos
791 3178 892 3238 neque
924 3161 1050 3240 primos,

122 3260 226 3322 neque
246 3241 332 3303 solos
355 3262 438 3320 esse,
469 3244 518 3321 qui
543 3241 753 3322 Sophistarum
782 3244 908 3323 impiam
931 3241 1049 3304 theolo-

123 3326 206 3406 giam
228 3326 409 3406 impugnare
431 3327 496 3386 ausi
520 3327 630 3403 simus,
671 3346 770 3406 neque
799 3345 856 3387 nos
878 3345 962 3403 esse,
995 3324 1048 3385 sed

123 3409 213 3490 ipsos
235 3409 338 3489 potius
360 3409 454 3469 luisse
467 3428 616 3469 novarum
639 3429 738 3470 rerum
753 3416 877 3470 autores
898 3410 928 3470 in
951 3408 1050 3469 eccle·

122 3491 169 3551 sia
192 3491 259 3567 Dei,
284 3491 334 3570 qui
357 3488 470 3552 relictis
494 3492 648 3567 terminis,
677 3512 755 3572 quos
777 3493 882 3553 Patres
905 3492 1050 3552 constitu·

122 3579 223 3651 erunt,
246 3573 341 3635 corda
363 3574 546 3655 simplicium
568 3576 598 3634 in
622 3594 695 3635 suos
710 3581 867 3636 tortuosos
890 3583 921 3636 st
943 3574 1050 3634 devios

122 3657 220 3719 colles
245 3661 296 3732 (ut
308 3656 464 3738 Scriptura
477 3657 569 3738 dicit)
593 3659 886 3738 praecipitaverunt:
910 3665 942 3717 ut
962 3658 1050 3718 iuxta
1161 3674 1164 3681 ·

121 3738 250 3802 verbnm
273 3740 449 3822 Prophetae
470 3741 604 3822 populus
628 3739 738 3802 Christi
760 3742 800 3803 sit
812 3742 914 3823 ipsius
936 3739 1049 3802 oblitus
