2348 4162
130 237 194 304 288
377 236 420 294 De
437 249 519 295 servo
538 228 652 293 arbitrio
671 237 706 294 Ι).
724 236 760 295 tt.
778 230 811 295 ia

104 410 109 419 ’
132 408 298 486 arbitrium,
320 409 469 489 reliquum
483 427 556 469 vero
579 409 688 489 gratia,
711 413 874 470 eurtotum
884 406 1057 489 praemium

130 492 242 572 aoaipit
274 491 403 555 libomm
438 490 617 558 arbitrium?
660 492 709 552 An
745 489 934 553 modinnlum
965 491 1055 552 etiam

130 576 298 655 praemium
331 576 374 636 illi
408 573 580 657 fingemus?
623 573 656 636 Si
679 574 793 635 meritis
816 575 904 636 loeus
925 578 992 656 est,
1025 578 1057 636 ut

129 659 272 738 praemiis
294 657 381 720 loeus
403 659 457 739 ait,
489 659 581 720 etiam
613 663 729 719 tantum
759 665 884 738 oportet
915 657 1056 737 maritum

131 758 214 819 esse,
244 749 389 820 qnantum
413 743 592 823 praemium.
635 740 697 802 Sed
719 739 791 821 quid
813 741 908 805 verba
929 745 962 802 et
982 749 1055 804 tem-

130 844 186 905 pus
210 825 306 905 perdo
330 827 360 885 in
383 845 417 886 re
440 825 549 886 nihili?
586 824 627 886 Ut
660 825 751 885 etiam
775 827 880 886 omnia
902 825 1054 887 noneiste·

130 914 206 977 rent¹
230 926 310 988 qnae
332 908 461 969 diatriba
483 907 684 987 machinatur,
706 913 738 968 et
759 915 843 969 esset
862 908 975 989 partim
996 908 1055 971 ho·

131 992 229 1068 minis,
251 992 361 1072 partim
384 992 440 1053 Dei
463 1010 551 1072 opus,
573 989 657 1072 quod
679 1009 838 1068 meremur,
862 990 1054 1053 tamenillnd

128 1076 228 1155 ipsum
263 1093 342 1155 opus
363 1094 425 1136 non
448 1082 579 1156 possunt
601 1073 745 1155 definire,
781 1073 869 1155 quid,
904 1074 997 1154 quale
1023 1080 1053 1136 et

129 1163 275 1237 quantum
294 1166 385 1235 esset,
407 1159 478 1219 ideo
501 1157 667 1236 disputatio
692 1164 740 1239 est
762 1157 800 1219 de
821 1159 893 1219 iana
918 1158 1052 1239 seprius.

128 1240 218 1300 Nune
239 1259 312 1301 vero
336 1240 491 1302 enmnihit
504 1239 822 1322 eornmprobetqnae
844 1241 929 1319 dioit,
951 1238 1050 1324 neol)

129 1326 345 1403 pugnantiam,
368 1343 426 1385 nee
446 1325 748 1405 interpretationem,
769 1343 828 1386 neo
850 1324 1050 1404 ionum,·qui

129 1414 225 1467 totum
248 1407 363 1468 homini
386 1407 499 1488 tribuit,
524 1407 687 1469 ostendere
702 1399 815 1489 possit,
848 1409 956 1469 omnia
979 1426 1048 1469 vero

128 1491 188 1551 sint
209 1509 284 1550 suae
306 1490 502 1571 cogitationis
523 1490 754 1571 phantasmata,
776 1490 864 1552 saiva
886 1497 918 1552 et
940 1492 1050 1553 inviotr

128 1579 190 1634 stat
221 1573 386 1635 similitudo
409 1574 495 1635 Pauli
523 1574 561 1635 de
592 1573 686 1654 flgnlo
716 1581 747 1635 et
767 1574 848 1654 luto,
883 1573 1047 1655 quodmou

128 1657 223 1717 nostri
245 1656 360 1717 arbitrii
383 1666 439 1737 est,
462 1657 565 1737 qualia
587 1676 662 1717 vasa
682 1656 857 1720 formemur.
901 1656 1046 1720 sxhorta

127 1740 227 1800 tiones
250 1759 323 1801 vero
347 1740 446 1801 Pauli:
469 1739 500 1802 Si
523 1740 590 1820 qnia
613 1759 684 1802 sese
707 1734 935 1819 emundaverit,
962 1746 995 1802 et
1014 1741 1046 1801 ai·

127 1822 226 1904 miles,
249 1831 319 1884 sunt
339 1824 467 1905 formae,
489 1822 658 1885 seeundum
681 1843 756 1904 quas
777 1842 836 1886 nos
857 1824 987 1886 formari
1003 1822 1047 1887 de

127 1904 248 1985 bemus,
280 1925 348 1969 ,non
385 1913 487 1968 autem
511 1912 605 1967 testes
632 1908 728 1968 nostri
751 1908 852 1988 operis
874 1915 929 1968 aut
950 1903 1045 1969 studii.

127 1988 212 2050 Haeo
234 1989 272 2050 de
294 1990 370 2050 loeis
393 1991 462 2068 illia,
485 1989 524 2050 de
546 1990 739 2052 induratione
758 1990 937 2071 Pharaonis,
960 1997 993 2053 et
1011 1987 1045 2052 de

126 2072 219 2154 Esau,
243 2079 274 2133 et
295 2073 333 2134 de
354 2073 449 2155 figulo
471 2075 546 2134 satis
569 2073 652 2135 dieta
672 2075 743 2143 sint,

64 2154 71 2166 ’
211 2156 302 2217 Venit
323 2158 446 2217 tandem
469 2155 599 2218 diatriba
621 2157 661 2218 ad
682 2159 769 2219 looos
791 2175 810 2217 a
831 2156 968 2219 Lntbero
980 2174 1044 2219 oon·

126 2244 173 2301 tra
194 2239 320 2300 liberum
343 2240 499 2301 arbitrium
528 2242 660 2321 citatos,
693 2239 886 2302 contutatum
917 2249 950 2303 et
970 2240 1045 2318 ilios,

127 2341 255 2402 quorum
288 2324 402 2404 primus
437 2331 484 2385 est
503 2324 555 2384 itte
578 2323 674 2388 Gens.
696 2321 730 2390 6:
763 2323 833 2385 Nou
856 2324 1045 2404 permanebit

126 2407 254 2488 Spiritus
277 2425 362 2467 meus
372 2408 403 2467 in
415 2406 551 2487 homine,
574 2410 644 2489 quia
656 2425 728 2469 aero
744 2412 799 2474 est.
842 2406 933 2468 Hune
945 2407 1043 2470 loen!

126 2491 209 2550 varie
232 2490 379 2568 confutat,
402 2492 543 2571 primum,
566 2490 648 2571 qnod
671 2509 743 2551 earo
765 2489 815 2551 hie
835 2507 898 2550 non
921 2492 1043 2573 impium

126 2573 284 2651 effaetum,
317 2572 371 2634 ssd
394 2573 600 2635 infirmitatem
623 2571 788 2655 significet,
822 2573 934 2635 deinde
958 2576 1045 2658 anget

125 2664 243 2717 textum
265 2658 360 2737 Mori,
381 2658 477 2737 ·qnod
501 2658 613 2719 dietum
644 2658 708 2719 eins
731 2657 884 2738 pertineat
905 2658 946 2719 ad
968 2656 1043 2719 iilius

126 2741 234 2802 aetatis
258 2740 398 2801 homines
409 2739 461 2825 ²),
489 2760 550 2802 non
574 2740 613 2801 ad
636 2742 809 2801 universum
831 2759 931 2820 genua
954 2740 1043 2803 homi·

126 2843 208 2904 num,
232 2822 302 2884 ideo
326 2824 446 2905 dixerit,
468 2827 498 2885 in
522 2825 588 2885 istis
610 2823 802 2902 hominibus,
823 2824 905 2905 item,
929 2843 991 2887 neo
1010 2821 1041 2885 sd

106 2906 205 2967 ‘iilius
228 2908 337 2968 aetatis
360 2926 467 2969 omnes
490 2907 644 2987 homines,
681 2926 749 2968 eum
770 2907 839 2968 Noe
861 2908 1042 2989 exeipiatur3

125 2990 248 3051 tandem
270 2993 301 3051 in
326 2990 446 3052 Ebraeo
469 2990 582 3052 dietum
604 2992 664 3053 hoe
685 3010 797 3052 sonare
818 2990 913 3069 alind,
936 3006 1042 3072 nempe

126 3073 330 3154 elementiam,
353 3094 414 3136 non
427 3077 622 3136 severitatem
635 3074 702 3154 Dei,
726 3079 833 3135 autore
844 3073 1040 3157 Hieronymo,

125 3156 203 3216 forte
224 3157 313 3217 nobis
335 3177 527 3238 persuasura,
551 3158 633 3238 qnod
656 3176 725 3219 enm
749 3157 862 3219 dietum
885 3157 963 3219 iilud
986 3172 1039 3219 uon

125 3239 164 3300 ad
185 3239 263 3322 Noe,
285 3241 339 3301 sed
363 3242 401 3303 ad
425 3242 591 3303 sceleratos
615 3242 775 3323 pertineat,
798 3240 1039 3319 uouelementis,

124 3322 177 3384 sed
200 3325 347 3386 severitas
370 3326 428 3387 Dei
453 3326 571 3387 adNoe
593 3327 753 3408 pertineat,
775 3324 813 3386 ad
837 3327 951 3407 impios
973 3341 1037 3389 vert

123 3407 296 3486 elementia,
317 3427 379 3469 non
403 3411 550 3471 severitas
572 3411 732 3489 pertineat.

206 3489 267 3553 Sed
290 3491 444 3554 mittamus
465 3495 525 3555 ista
547 3490 676 3556 indibria
698 3491 853 3573 diatribae,
875 3512 956 3576 quae
978 3510 1035 3555 nus

195 3761 226 3831 t)
246 3759 278 3816 In
297 3760 341 3818 ed.
363 3762 444 3821 1526:
464 3778 507 3820 ne.
544 3762 577 3834 2)
598 3759 713 3821 ibidem:
732 3761 859 3822 hominis.
