<?xml version="1.0" encoding="UTF-8"?>
<!DOCTYPE html PUBLIC "-//W3C//DTD XHTML 1.0 Transitional//EN"
    "http://www.w3.org/TR/xhtml1/DTD/xhtml1-transitional.dtd">
<html xmlns="http://www.w3.org/1999/xhtml" xml:lang="en" lang="en">
 <head>
  <title>
</title>
<meta http-equiv="Content-Type" content="text/html;charset=utf-8" />
  <meta name='ocr-system' content='tesseract 3.04.00' />
  <meta name='ocr-capabilities' content='ocr_page ocr_carea ocr_par ocr_line ocrx_word'/>
</head>
<body>
  <div class='ocr_page' id='page_1' title='image "./dmartinilutheri02luthgoog_0385.png"; bbox 0 0 2348 4162; ppageno 0'>
   <div class='ocr_carea' id='block_1_1' title="bbox 195 225 971 297">
    <p class='ocr_par' dir='ltr' id='par_1_1' title="bbox 195 225 971 297">
     <span class='ocr_line' id='line_1_1' title="bbox 195 225 971 297; baseline -0.008 -11"><span class='ocrx_word' id='word_1_1' title='bbox 195 228 259 295; x_wconf 73' lang='grc' dir='ltr'><strong>3ῖῖ</strong></span> <span class='ocrx_word' id='word_1_2' title='bbox 358 228 482 285; x_wconf 78' lang='lat' dir='ltr'><strong>Convoc</strong></span> <span class='ocrx_word' id='word_1_3' title='bbox 501 227 587 283; x_wconf 81' lang='lat' dir='ltr'><strong>conc.</strong></span> <span class='ocrx_word' id='word_1_4' title='bbox 606 227 653 281; x_wconf 88' lang='lat' dir='ltr'><strong>lib.</strong></span> <span class='ocrx_word' id='word_1_5' title='bbox 672 225 766 283; x_wconf 83' lang='lat' dir='ltr'><strong>christ</strong></span> <span class='ocrx_word' id='word_1_6' title='bbox 784 245 812 297; x_wconf 88' lang='lat' dir='ltr'><strong>p.</strong></span> <span class='ocrx_word' id='word_1_7' title='bbox 829 225 867 283; x_wconf 85' lang='lat' dir='ltr'><strong>D.</strong></span> <span class='ocrx_word' id='word_1_8' title='bbox 884 226 922 283; x_wconf 78' lang='lat' dir='ltr'><strong>ll.</strong></span> <span class='ocrx_word' id='word_1_9' title='bbox 939 226 971 281; x_wconf 84' lang='lat' dir='ltr'><strong>L.</strong></span> 
     </span>
    </p>
   </div>
   <div class='ocr_carea' id='block_1_2' title="bbox 195 380 1116 479">
    <p class='ocr_par' dir='ltr' id='par_1_2' title="bbox 195 380 1116 479">
     <span class='ocr_line' id='line_1_2' title="bbox 195 380 1116 479; baseline -0.002 -20"><span class='ocrx_word' id='word_1_10' title='bbox 195 400 248 475; x_wconf 83' lang='lat' dir='ltr'><strong>lio,</strong></span> <span class='ocrx_word' id='word_1_11' title='bbox 268 380 409 459; x_wconf 84' lang='lat' dir='ltr'><strong>duximus</strong></span> <span class='ocrx_word' id='word_1_12' title='bbox 442 399 534 458; x_wconf 90' lang='lat' dir='ltr'><strong>tantis</strong></span> <span class='ocrx_word' id='word_1_13' title='bbox 565 397 652 457; x_wconf 91' lang='lat' dir='ltr'><strong>malis</strong></span> <span class='ocrx_word' id='word_1_14' title='bbox 682 412 857 479; x_wconf 88' lang='lat' dir='ltr'><strong>opportuno</strong></span> <span class='ocrx_word' id='word_1_15' title='bbox 891 395 1028 457; x_wconf 89' lang='lat' dir='ltr'><strong>remedio</strong></span> <span class='ocrx_word' id='word_1_16' title='bbox 1050 414 1116 457; x_wconf 90' lang='lat' dir='ltr'><strong>esse</strong></span> 
     </span>
    </p>
   </div>
   <div class='ocr_carea' id='block_1_3' title="bbox 191 480 1147 2789">
    <p class='ocr_par' dir='ltr' id='par_1_3' title="bbox 191 480 1147 2789">
     <span class='ocr_line' id='line_1_3' title="bbox 195 480 1116 561; baseline -0.007 -16"><span class='ocrx_word' id='word_1_17' title='bbox 195 482 417 545; x_wconf 85' lang='lat' dir='ltr'><strong>occurrendum</strong></span> <span class='ocrx_word' id='word_1_18' title='bbox 439 490 470 541; x_wconf 90' lang='lat' dir='ltr'><strong>et</strong></span> <span class='ocrx_word' id='word_1_19' title='bbox 491 481 580 541; x_wconf 91' lang='lat' dir='ltr'><strong>saluti</strong></span> <span class='ocrx_word' id='word_1_20' title='bbox 604 483 775 542; x_wconf 86' lang='lat' dir='ltr'><strong>animarum</strong></span> <span class='ocrx_word' id='word_1_21' title='bbox 803 480 1031 561; x_wconf 85' lang='lat' dir='ltr'><strong>providendum</strong></span> <span class='ocrx_word' id='word_1_22' title='bbox 1043 527 1053 560; x_wconf 97' lang='lat'><strong>,</strong></span> <span class='ocrx_word' id='word_1_23' title='bbox 1088 487 1116 540; x_wconf 91' lang='lat' dir='ltr'><strong>et</strong></span> 
     </span>
     <span class='ocr_line' id='line_1_4' title="bbox 194 563 1117 627; baseline -0.005 0"><span class='ocrx_word' id='word_1_24' title='bbox 194 568 359 627; x_wconf 80' lang='lat' dir='ltr'><strong>autoritate</strong></span> <span class='ocrx_word' id='word_1_25' title='bbox 386 572 492 627; x_wconf 89' lang='lat' dir='ltr'><strong>nostra</strong></span> <span class='ocrx_word' id='word_1_26' title='bbox 524 564 703 626; x_wconf 86' lang='lat' dir='ltr'><strong>immediata</strong></span> <span class='ocrx_word' id='word_1_27' title='bbox 725 563 897 626; x_wconf 78' lang='lat' dir='ltr'>Concilium</span> <span class='ocrx_word' id='word_1_28' title='bbox 931 564 1068 624; x_wconf 88' lang='lat' dir='ltr'><strong>indicere</strong></span> <span class='ocrx_word' id='word_1_29' title='bbox 1088 570 1117 623; x_wconf 92' lang='lat' dir='ltr'><strong>et</strong></span> 
     </span>
     <span class='ocr_line' id='line_1_5' title="bbox 197 646 1115 728; baseline -0.007 -17"><span class='ocrx_word' id='word_1_30' title='bbox 197 667 372 711; x_wconf 89' lang='lat' dir='ltr'><strong>convocare</strong></span> <span class='ocrx_word' id='word_1_31' title='bbox 400 656 431 708; x_wconf 90' lang='lat' dir='ltr'><strong>et</strong></span> <span class='ocrx_word' id='word_1_32' title='bbox 453 646 527 707; x_wconf 92' lang='lat' dir='ltr'><strong>inibi</strong></span> <span class='ocrx_word' id='word_1_33' title='bbox 554 650 680 728; x_wconf 88' lang='lat' dir='ltr'><strong>propria</strong></span> <span class='ocrx_word' id='word_1_34' title='bbox 707 666 840 728; x_wconf 86' lang='lat' dir='ltr'><strong>persona</strong></span> <span class='ocrx_word' id='word_1_35' title='bbox 860 646 1061 728; x_wconf 86' lang='lat' dir='ltr'><strong>praesidere,</strong></span> <span class='ocrx_word' id='word_1_36' title='bbox 1086 647 1115 705; x_wconf 92' lang='lat' dir='ltr'><strong>in</strong></span> 
     </span>
     <span class='ocr_line' id='line_1_6' title="bbox 195 730 1116 812; baseline -0.004 -20"><span class='ocrx_word' id='word_1_37' title='bbox 195 751 256 812; x_wconf 90' lang='lat' dir='ltr'><strong>quo</strong></span> <span class='ocrx_word' id='word_1_38' title='bbox 290 734 329 792; x_wconf 89' lang='lat' dir='ltr'><strong>de</strong></span> <span class='ocrx_word' id='word_1_39' title='bbox 355 732 574 793; x_wconf 79' lang='lat' dir='ltr'><strong>reformatione</strong></span> <span class='ocrx_word' id='word_1_40' title='bbox 605 732 758 792; x_wconf 89' lang='lat' dir='ltr'><strong>ecclesiae</strong></span> <span class='ocrx_word' id='word_1_41' title='bbox 785 742 911 792; x_wconf 87' lang='lat' dir='ltr'><strong>nostrae</strong></span> <span class='ocrx_word' id='word_1_42' title='bbox 932 730 1116 791; x_wconf 88' lang='lat' dir='ltr'><strong>intendimus</strong></span> 
     </span>
     <span class='ocr_line' id='line_1_7' title="bbox 194 814 1115 891; baseline -0.004 -15"><span class='ocrx_word' id='word_1_43' title='bbox 194 817 310 876; x_wconf 90' lang='lat' dir='ltr'><strong>seriose</strong></span> <span class='ocrx_word' id='word_1_44' title='bbox 332 824 363 875; x_wconf 91' lang='lat' dir='ltr'><strong>et</strong></span> <span class='ocrx_word' id='word_1_45' title='bbox 385 815 534 875; x_wconf 85' lang='lat' dir='ltr'><strong>veraciter</strong></span> <span class='ocrx_word' id='word_1_46' title='bbox 557 822 697 877; x_wconf 89' lang='lat' dir='ltr'><strong>tractare.</strong></span> <span class='ocrx_word' id='word_1_47' title='bbox 741 814 829 875; x_wconf 84' lang='lat' dir='ltr'>Unde</span> <span class='ocrx_word' id='word_1_48' title='bbox 851 815 934 874; x_wconf 91' lang='lat' dir='ltr'><strong>etin</strong></span> <span class='ocrx_word' id='word_1_49' title='bbox 955 814 1004 874; x_wconf 95' lang='lat' dir='ltr'><strong>his</strong></span> <span class='ocrx_word' id='word_1_50' title='bbox 1026 814 1115 891; x_wconf 89' lang='lat' dir='ltr'><strong>scrip-</strong></span> 
     </span>
     <span class='ocr_line' id='line_1_8' title="bbox 195 895 1115 979; baseline -0.004 -20"><span class='ocrx_word' id='word_1_51' title='bbox 195 901 234 959; x_wconf 92' lang='lat' dir='ltr'><strong>tis</strong></span> <span class='ocrx_word' id='word_1_52' title='bbox 258 900 320 959; x_wconf 89' lang='lat' dir='ltr'><strong>tale</strong></span> <span class='ocrx_word' id='word_1_53' title='bbox 341 898 513 960; x_wconf 79' lang='lat' dir='ltr'><strong>Concilium</strong></span> <span class='ocrx_word' id='word_1_54' title='bbox 535 895 713 978; x_wconf 77' lang='lat' dir='ltr'>indicimus,</span> <span class='ocrx_word' id='word_1_55' title='bbox 735 898 965 979; x_wconf 79' lang='lat' dir='ltr'><strong>proclamamus</strong></span> <span class='ocrx_word' id='word_1_56' title='bbox 994 906 1025 957; x_wconf 92' lang='lat' dir='ltr'><strong>et</strong></span> <span class='ocrx_word' id='word_1_57' title='bbox 1046 914 1115 956; x_wconf 92' lang='lat' dir='ltr'><strong>con·</strong></span> 
     </span>
     <span class='ocr_line' id='line_1_9' title="bbox 194 980 1116 1043; baseline -0.004 -2"><span class='ocrx_word' id='word_1_58' title='bbox 194 1001 341 1043; x_wconf 86' lang='lat' dir='ltr'><strong>vocamus</strong></span> <span class='ocrx_word' id='word_1_59' title='bbox 364 988 394 1041; x_wconf 90' lang='lat' dir='ltr'><strong>et</strong></span> <span class='ocrx_word' id='word_1_60' title='bbox 423 980 599 1041; x_wconf 88' lang='lat' dir='ltr'><strong>ordinemus</strong></span> <span class='ocrx_word' id='word_1_61' title='bbox 630 982 661 1040; x_wconf 93' lang='lat' dir='ltr'><strong>in</strong></span> <span class='ocrx_word' id='word_1_62' title='bbox 684 980 817 1041; x_wconf 88' lang='lat' dir='ltr'><strong>ecclesia</strong></span> <span class='ocrx_word' id='word_1_63' title='bbox 851 990 958 1042; x_wconf 87' lang='lat' dir='ltr'><strong>nostra</strong></span> <span class='ocrx_word' id='word_1_64' title='bbox 992 985 1116 1040; x_wconf 84' lang='lat' dir='ltr'><strong>verast</strong></span> 
     </span>
     <span class='ocr_line' id='line_1_10' title="bbox 193 1063 1116 1144; baseline -0.004 -18"><span class='ocrx_word' id='word_1_65' title='bbox 193 1073 302 1126; x_wconf 87' lang='lat' dir='ltr'><strong>sancta</strong></span> <span class='ocrx_word' id='word_1_66' title='bbox 323 1063 561 1143; x_wconf 89' lang='lat' dir='ltr'><strong>celebrandum,</strong></span> <span class='ocrx_word' id='word_1_67' title='bbox 594 1065 782 1143; x_wconf 76' lang='lat' dir='ltr'><strong>requirentes</strong></span> <span class='ocrx_word' id='word_1_68' title='bbox 814 1083 870 1144; x_wconf 88' lang='lat' dir='ltr'><strong>per</strong></span> <span class='ocrx_word' id='word_1_69' title='bbox 897 1063 977 1124; x_wconf 91' lang='lat' dir='ltr'><strong>haec</strong></span> <span class='ocrx_word' id='word_1_70' title='bbox 1005 1064 1116 1142; x_wconf 85' lang='lat' dir='ltr'><strong>scripta</strong></span> 
     </span>
     <span class='ocr_line' id='line_1_11' title="bbox 194 1145 1114 1226; baseline -0.005 -17"><span class='ocrx_word' id='word_1_71' title='bbox 194 1168 303 1209; x_wconf 90' lang='lat' dir='ltr'><strong>omnes</strong></span> <span class='ocrx_word' id='word_1_72' title='bbox 325 1156 357 1207; x_wconf 92' lang='lat' dir='ltr'><strong>et</strong></span> <span class='ocrx_word' id='word_1_73' title='bbox 376 1147 650 1226; x_wconf 86' lang='lat' dir='ltr'><strong>singulosnostros</strong></span> <span class='ocrx_word' id='word_1_74' title='bbox 671 1149 702 1207; x_wconf 94' lang='lat' dir='ltr'><strong>in</strong></span> <span class='ocrx_word' id='word_1_75' title='bbox 717 1146 838 1208; x_wconf 82' lang='lat' dir='ltr'><strong>Christo</strong></span> <span class='ocrx_word' id='word_1_76' title='bbox 860 1145 979 1225; x_wconf 89' lang='lat' dir='ltr'><strong>fideles,</strong></span> <span class='ocrx_word' id='word_1_77' title='bbox 1003 1154 1036 1206; x_wconf 90' lang='lat' dir='ltr'><strong>ut</strong></span> <span class='ocrx_word' id='word_1_78' title='bbox 1057 1164 1114 1206; x_wconf 93' lang='lat' dir='ltr'><strong>non</strong></span> 
     </span>
     <span class='ocr_line' id='line_1_12' title="bbox 193 1230 1114 1311; baseline -0.003 -20"><span class='ocrx_word' id='word_1_79' title='bbox 193 1231 316 1291; x_wconf 88' lang='lat' dir='ltr'><strong>attentis</strong></span> <span class='ocrx_word' id='word_1_80' title='bbox 339 1230 653 1311; x_wconf 78' lang='lat' dir='ltr'><strong>tergiversationibus,</strong></span> <span class='ocrx_word' id='word_1_81' title='bbox 674 1230 969 1311; x_wconf 86' lang='lat' dir='ltr'><strong>repugnationibne,</strong></span> <span class='ocrx_word' id='word_1_82' title='bbox 997 1248 1114 1290; x_wconf 90' lang='lat' dir='ltr'><strong>recusa·</strong></span> 
     </span>
     <span class='ocr_line' id='line_1_13' title="bbox 193 1311 1114 1394; baseline -0.003 -20"><span class='ocrx_word' id='word_1_83' title='bbox 193 1312 345 1393; x_wconf 90' lang='lat' dir='ltr'><strong>tionibus,</strong></span> <span class='ocrx_word' id='word_1_84' title='bbox 369 1312 515 1392; x_wconf 89' lang='lat' dir='ltr'><strong>decretis,</strong></span> <span class='ocrx_word' id='word_1_85' title='bbox 537 1312 723 1394; x_wconf 83' lang='lat' dir='ltr'><strong>interdictis,</strong></span> <span class='ocrx_word' id='word_1_86' title='bbox 756 1311 1027 1393; x_wconf 85' lang='lat' dir='ltr'><strong>prohibitionibus,</strong></span> <span class='ocrx_word' id='word_1_87' title='bbox 1050 1331 1114 1373; x_wconf 92' lang='lat' dir='ltr'><strong>cen·</strong></span> 
     </span>
     <span class='ocr_line' id='line_1_14' title="bbox 193 1394 1115 1477; baseline -0.001 -21"><span class='ocrx_word' id='word_1_88' title='bbox 193 1398 281 1477; x_wconf 86' lang='lat' dir='ltr'><strong>suris,</strong></span> <span class='ocrx_word' id='word_1_89' title='bbox 304 1396 693 1472; x_wconf 84' lang='lat' dir='ltr'><strong>excommunicationibus,</strong></span> <span class='ocrx_word' id='word_1_90' title='bbox 716 1394 972 1475; x_wconf 85' lang='lat' dir='ltr'><strong>ordinationibus,</strong></span> <span class='ocrx_word' id='word_1_91' title='bbox 993 1397 1115 1475; x_wconf 79' lang='lat' dir='ltr'><strong>insuper</strong></span> 
     </span>
     <span class='ocr_line' id='line_1_15' title="bbox 195 1462 1115 1559; baseline -0.003 -19"><span class='ocrx_word' id='word_1_92' title='bbox 195 1480 346 1540; x_wconf 87' lang='lat' dir='ltr'><strong>mendatis</strong></span> <span class='ocrx_word' id='word_1_93' title='bbox 378 1479 611 1559; x_wconf 79' lang='lat' dir='ltr'><strong>quibuscunque</strong></span> <span class='ocrx_word' id='word_1_94' title='bbox 645 1479 782 1540; x_wconf 90' lang='lat' dir='ltr'><strong>eiusdem</strong></span> <span class='ocrx_word' id='word_1_95' title='bbox 807 1480 961 1555; x_wconf 86' lang='lat' dir='ltr'><strong>praetensi</strong></span> <span class='ocrx_word' id='word_1_96' title='bbox 993 1462 1115 1558; x_wconf 54' lang='lat' dir='ltr'><strong>vicarii,</strong></span> 
     </span>
     <span class='ocr_line' id='line_1_16' title="bbox 193 1562 1115 1643; baseline -0.001 -20"><span class='ocrx_word' id='word_1_97' title='bbox 193 1565 310 1623; x_wconf 82' lang='lat' dir='ltr'><strong>sivein</strong></span> <span class='ocrx_word' id='word_1_98' title='bbox 334 1564 528 1643; x_wconf 87' lang='lat' dir='ltr'><strong>praeteritum</strong></span> <span class='ocrx_word' id='word_1_99' title='bbox 551 1565 718 1641; x_wconf 87' lang='lat' dir='ltr'><strong>emanatis,</strong></span> <span class='ocrx_word' id='word_1_100' title='bbox 740 1565 806 1623; x_wconf 91' lang='lat' dir='ltr'><strong>sive</strong></span> <span class='ocrx_word' id='word_1_101' title='bbox 826 1565 858 1621; x_wconf 91' lang='lat' dir='ltr'><strong>in</strong></span> <span class='ocrx_word' id='word_1_102' title='bbox 878 1562 1012 1622; x_wconf 83' lang='lat' dir='ltr'><strong>futurum</strong></span> <span class='ocrx_word' id='word_1_103' title='bbox 1037 1581 1115 1623; x_wconf 89' lang='lat' dir='ltr'><strong>ema·</strong></span> 
     </span>
     <span class='ocr_line' id='line_1_17' title="bbox 193 1644 1113 1725; baseline -0.002 -18"><span class='ocrx_word' id='word_1_104' title='bbox 193 1646 323 1722; x_wconf 82' lang='lat' dir='ltr'><strong>nandis,</strong></span> <span class='ocrx_word' id='word_1_105' title='bbox 358 1646 397 1706; x_wconf 88' lang='lat' dir='ltr'><strong>ad</strong></span> <span class='ocrx_word' id='word_1_106' title='bbox 421 1646 533 1706; x_wconf 89' lang='lat' dir='ltr'><strong>dictam</strong></span> <span class='ocrx_word' id='word_1_107' title='bbox 565 1646 727 1707; x_wconf 90' lang='lat' dir='ltr'><strong>ecclesiam</strong></span> <span class='ocrx_word' id='word_1_108' title='bbox 760 1647 968 1725; x_wconf 84' lang='lat' dir='ltr'><strong>conveniant,</strong></span> <span class='ocrx_word' id='word_1_109' title='bbox 1005 1644 1113 1705; x_wconf 91' lang='lat' dir='ltr'><strong>ibidem</strong></span> 
     </span>
     <span class='ocr_line' id='line_1_18' title="bbox 192 1728 1113 1809; baseline -0.001 -20"><span class='ocrx_word' id='word_1_110' title='bbox 192 1730 323 1790; x_wconf 86' lang='lat' dir='ltr'><strong>audituri</strong></span> <span class='ocrx_word' id='word_1_111' title='bbox 341 1738 476 1789; x_wconf 88' lang='lat' dir='ltr'><strong>nostram</strong></span> <span class='ocrx_word' id='word_1_112' title='bbox 489 1731 674 1789; x_wconf 89' lang='lat' dir='ltr'><strong>sententiam</strong></span> <span class='ocrx_word' id='word_1_113' title='bbox 690 1728 878 1789; x_wconf 83' lang='lat' dir='ltr'><strong>diffinitivam</strong></span> <span class='ocrx_word' id='word_1_114' title='bbox 894 1736 926 1790; x_wconf 90' lang='lat' dir='ltr'><strong>et</strong></span> <span class='ocrx_word' id='word_1_115' title='bbox 940 1729 1113 1809; x_wconf 86' lang='lat' dir='ltr'><strong>generalem</strong></span> 
     </span>
     <span class='ocr_line' id='line_1_19' title="bbox 193 1811 1113 1893; baseline 0 -21"><span class='ocrx_word' id='word_1_116' title='bbox 193 1811 234 1873; x_wconf 86' lang='lat' dir='ltr'><strong>de</strong></span> <span class='ocrx_word' id='word_1_117' title='bbox 253 1813 472 1873; x_wconf 78' lang='lat' dir='ltr'><strong>reformatione</strong></span> <span class='ocrx_word' id='word_1_118' title='bbox 500 1812 651 1873; x_wconf 90' lang='lat' dir='ltr'><strong>ecclesiae</strong></span> <span class='ocrx_word' id='word_1_119' title='bbox 681 1820 823 1893; x_wconf 87' lang='lat' dir='ltr'><strong>nostrae,</strong></span> <span class='ocrx_word' id='word_1_120' title='bbox 845 1811 902 1872; x_wconf 91' lang='lat' dir='ltr'><strong>sub</strong></span> <span class='ocrx_word' id='word_1_121' title='bbox 936 1831 1043 1891; x_wconf 91' lang='lat' dir='ltr'><strong>poena</strong></span> <span class='ocrx_word' id='word_1_122' title='bbox 1068 1832 1113 1872; x_wconf 88' lang='lat' dir='ltr'><strong>ex·</strong></span> 
     </span>
     <span class='ocr_line' id='line_1_20' title="bbox 192 1893 1112 1957; baseline 0 -2"><span class='ocrx_word' id='word_1_123' title='bbox 192 1896 480 1956; x_wconf 77' lang='lat' dir='ltr'><strong>communicationis</strong></span> <span class='ocrx_word' id='word_1_124' title='bbox 508 1895 591 1955; x_wconf 87' lang='lat' dir='ltr'><strong>latae</strong></span> <span class='ocrx_word' id='word_1_125' title='bbox 618 1896 790 1956; x_wconf 90' lang='lat' dir='ltr'><strong>sententiae</strong></span> <span class='ocrx_word' id='word_1_126' title='bbox 823 1904 855 1957; x_wconf 90' lang='lat' dir='ltr'><strong>et</strong></span> <span class='ocrx_word' id='word_1_127' title='bbox 875 1893 1024 1956; x_wconf 88' lang='lat' dir='ltr'><strong>mandato</strong></span> <span class='ocrx_word' id='word_1_128' title='bbox 1047 1895 1112 1956; x_wconf 90' lang='lat' dir='ltr'><strong>obe·</strong></span> 
     </span>
     <span class='ocr_line' id='line_1_21' title="bbox 192 1978 1113 2041; baseline 0.001 -4"><span class='ocrx_word' id='word_1_129' title='bbox 192 1980 327 2039; x_wconf 88' lang='lat' dir='ltr'><strong>dientiae</strong></span> <span class='ocrx_word' id='word_1_130' title='bbox 350 1978 503 2041; x_wconf 88' lang='lat' dir='ltr'><strong>salutaris.</strong></span> <span class='ocrx_word' id='word_1_131' title='bbox 547 1978 585 2037; x_wconf 82' lang='lat' dir='ltr'><strong>Et</strong></span> <span class='ocrx_word' id='word_1_132' title='bbox 608 1998 648 2038; x_wconf 91' lang='lat' dir='ltr'><strong>ne</strong></span> <span class='ocrx_word' id='word_1_133' title='bbox 670 1979 763 2039; x_wconf 89' lang='lat' dir='ltr'><strong>alicui</strong></span> <span class='ocrx_word' id='word_1_134' title='bbox 793 1978 831 2038; x_wconf 92' lang='lat' dir='ltr'><strong>de</strong></span> <span class='ocrx_word' id='word_1_135' title='bbox 853 1978 915 2039; x_wconf 89' lang='lat' dir='ltr'><strong>hoc</strong></span> <span class='ocrx_word' id='word_1_136' title='bbox 936 1990 1046 2039; x_wconf 90' lang='lat' dir='ltr'><strong>nostro</strong></span> <span class='ocrx_word' id='word_1_137' title='bbox 1068 1978 1113 2038; x_wconf 90' lang='lat' dir='ltr'><strong>de·</strong></span> 
     </span>
     <span class='ocr_line' id='line_1_22' title="bbox 192 2059 1112 2138; baseline 0 -17"><span class='ocrx_word' id='word_1_138' title='bbox 192 2068 277 2122; x_wconf 91' lang='lat' dir='ltr'><strong>creto</strong></span> <span class='ocrx_word' id='word_1_139' title='bbox 295 2061 420 2121; x_wconf 90' lang='lat' dir='ltr'><strong>dubium</strong></span> <span class='ocrx_word' id='word_1_140' title='bbox 442 2062 565 2138; x_wconf 87' lang='lat' dir='ltr'><strong>existat,</strong></span> <span class='ocrx_word' id='word_1_141' title='bbox 587 2061 799 2122; x_wconf 86' lang='lat' dir='ltr'><strong>mandavimus</strong></span> <span class='ocrx_word' id='word_1_142' title='bbox 818 2059 902 2121; x_wconf 89' lang='lat' dir='ltr'><strong>fideli</strong></span> <span class='ocrx_word' id='word_1_143' title='bbox 924 2070 1035 2122; x_wconf 91' lang='lat' dir='ltr'><strong>nostro</strong></span> <span class='ocrx_word' id='word_1_144' title='bbox 1057 2060 1112 2121; x_wconf 81' lang='lat' dir='ltr'><strong>No</strong></span> 
     </span>
     <span class='ocr_line' id='line_1_23' title="bbox 192 2143 1147 2225; baseline -0.002 -20"><span class='ocrx_word' id='word_1_145' title='bbox 192 2146 269 2205; x_wconf 89' lang='lat' dir='ltr'><strong>tario</strong></span> <span class='ocrx_word' id='word_1_146' title='bbox 305 2143 439 2204; x_wconf 88' lang='lat' dir='ltr'><strong>Gabrieli</strong></span> <span class='ocrx_word' id='word_1_147' title='bbox 473 2144 677 2224; x_wconf 84' lang='lat' dir='ltr'><strong>archangelo,</strong></span> <span class='ocrx_word' id='word_1_148' title='bbox 712 2152 744 2205; x_wconf 90' lang='lat' dir='ltr'><strong>ut</strong></span> <span class='ocrx_word' id='word_1_149' title='bbox 783 2145 844 2205; x_wconf 92' lang='lat' dir='ltr'><strong>hnc</strong></span> <span class='ocrx_word' id='word_1_150' title='bbox 875 2151 1112 2225; x_wconf 87' lang='lat' dir='ltr'><strong>transsumptum</strong></span> <span class='ocrx_word' id='word_1_151' title='bbox 1137 2198 1147 2219; x_wconf 82' lang='grc'>,</span> 
     </span>
     <span class='ocr_line' id='line_1_24' title="bbox 192 2227 1110 2307; baseline -0.003 -19"><span class='ocrx_word' id='word_1_152' title='bbox 192 2228 425 2288; x_wconf 89' lang='lat' dir='ltr'><strong>transscriberet</strong></span> <span class='ocrx_word' id='word_1_153' title='bbox 446 2234 477 2288; x_wconf 89' lang='lat' dir='ltr'><strong>et</strong></span> <span class='ocrx_word' id='word_1_154' title='bbox 498 2230 528 2287; x_wconf 92' lang='lat' dir='ltr'><strong>in</strong></span> <span class='ocrx_word' id='word_1_155' title='bbox 552 2234 607 2304; x_wconf 90' lang='lat' dir='ltr'><strong>tot,</strong></span> <span class='ocrx_word' id='word_1_156' title='bbox 624 2238 701 2307; x_wconf 92' lang='lat' dir='ltr'><strong>quot</strong></span> <span class='ocrx_word' id='word_1_157' title='bbox 722 2229 897 2288; x_wconf 86' lang='lat' dir='ltr'><strong>necessaria</strong></span> <span class='ocrx_word' id='word_1_158' title='bbox 917 2227 1047 2306; x_wconf 84' lang='lat' dir='ltr'><strong>fuerint,</strong></span> <span class='ocrx_word' id='word_1_159' title='bbox 1073 2229 1110 2287; x_wconf 92' lang='lat' dir='ltr'><strong>in-</strong></span> 
     </span>
     <span class='ocr_line' id='line_1_25' title="bbox 191 2309 1112 2391; baseline -0.002 -22"><span class='ocrx_word' id='word_1_160' title='bbox 191 2317 360 2370; x_wconf 90' lang='lat' dir='ltr'><strong>strumenta</strong></span> <span class='ocrx_word' id='word_1_161' title='bbox 386 2309 554 2391; x_wconf 85' lang='lat' dir='ltr'><strong>redigeret,</strong></span> <span class='ocrx_word' id='word_1_162' title='bbox 582 2319 612 2371; x_wconf 91' lang='lat' dir='ltr'><strong>et</strong></span> <span class='ocrx_word' id='word_1_163' title='bbox 634 2330 690 2371; x_wconf 91' lang='lat' dir='ltr'><strong>nos</strong></span> <span class='ocrx_word' id='word_1_164' title='bbox 718 2312 882 2372; x_wconf 86' lang='lat' dir='ltr'><strong>autoritate</strong></span> <span class='ocrx_word' id='word_1_165' title='bbox 904 2317 936 2370; x_wconf 93' lang='lat' dir='ltr'><strong>et</strong></span> <span class='ocrx_word' id='word_1_166' title='bbox 958 2311 1112 2371; x_wconf 88' lang='lat' dir='ltr'><strong>voluntate</strong></span> 
     </span>
     <span class='ocr_line' id='line_1_26' title="bbox 192 2392 1112 2473; baseline 0 -20"><span class='ocrx_word' id='word_1_167' title='bbox 192 2393 318 2473; x_wconf 89' lang='lat' dir='ltr'><strong>speciali</strong></span> <span class='ocrx_word' id='word_1_168' title='bbox 348 2393 546 2472; x_wconf 87' lang='lat' dir='ltr'><strong>mandamus,</strong></span> <span class='ocrx_word' id='word_1_169' title='bbox 575 2402 606 2454; x_wconf 92' lang='lat' dir='ltr'><strong>ut</strong></span> <span class='ocrx_word' id='word_1_170' title='bbox 635 2400 721 2455; x_wconf 88' lang='lat' dir='ltr'><strong>tante</strong></span> <span class='ocrx_word' id='word_1_171' title='bbox 749 2396 793 2454; x_wconf 90' lang='lat' dir='ltr'><strong>eis</strong></span> <span class='ocrx_word' id='word_1_172' title='bbox 822 2392 1005 2454; x_wconf 85' lang='lat' dir='ltr'><strong>adhibeatur</strong></span> <span class='ocrx_word' id='word_1_173' title='bbox 1031 2393 1112 2468; x_wconf 89' lang='lat' dir='ltr'><strong>tides,</strong></span> 
     </span>
     <span class='ocr_line' id='line_1_27' title="bbox 192 2477 1112 2557; baseline -0.002 -20"><span class='ocrx_word' id='word_1_174' title='bbox 192 2495 230 2537; x_wconf 88' lang='lat' dir='ltr'><strong>ac</strong></span> <span class='ocrx_word' id='word_1_175' title='bbox 250 2478 276 2535; x_wconf 91' lang='lat' dir='ltr'><strong>si</strong></span> <span class='ocrx_word' id='word_1_176' title='bbox 299 2477 387 2538; x_wconf 88' lang='lat' dir='ltr'><strong>vivae</strong></span> <span class='ocrx_word' id='word_1_177' title='bbox 411 2480 496 2538; x_wconf 89' lang='lat' dir='ltr'><strong>vocis</strong></span> <span class='ocrx_word' id='word_1_178' title='bbox 519 2477 645 2538; x_wconf 88' lang='lat' dir='ltr'><strong>oraculo</strong></span> <span class='ocrx_word' id='word_1_179' title='bbox 674 2477 804 2538; x_wconf 88' lang='lat' dir='ltr'><strong>anobis</strong></span> <span class='ocrx_word' id='word_1_180' title='bbox 825 2478 900 2557; x_wconf 91' lang='lat' dir='ltr'><strong>ipsis</strong></span> <span class='ocrx_word' id='word_1_181' title='bbox 929 2477 1112 2538; x_wconf 89' lang='lat' dir='ltr'><strong>audirentur.</strong></span> 
     </span>
     <span class='ocr_line' id='line_1_28' title="bbox 191 2560 1110 2702; baseline -0.002 -82"><span class='ocrx_word' id='word_1_182' title='bbox 191 2560 303 2702; x_wconf 81' lang='lat' dir='ltr'><strong>fi[latum</strong></span> <span class='ocrx_word' id='word_1_183' title='bbox 325 2562 356 2620; x_wconf 92' lang='lat' dir='ltr'><strong>in</strong></span> <span class='ocrx_word' id='word_1_184' title='bbox 379 2560 489 2621; x_wconf 91' lang='lat' dir='ltr'><strong>throno</strong></span> <span class='ocrx_word' id='word_1_185' title='bbox 512 2561 680 2621; x_wconf 89' lang='lat' dir='ltr'><strong>maiestatis</strong></span> <span class='ocrx_word' id='word_1_186' title='bbox 704 2569 838 2641; x_wconf 90' lang='lat' dir='ltr'><strong>nostrae,</strong></span> <span class='ocrx_word' id='word_1_187' title='bbox 860 2580 943 2621; x_wconf 90' lang='lat' dir='ltr'><strong>anno</strong></span> <span class='ocrx_word' id='word_1_188' title='bbox 966 2560 1110 2622; x_wconf 90' lang='lat' dir='ltr'><strong>incarnati</strong></span> 
     </span>
     <span class='ocr_line' id='line_1_29' title="bbox 214 2642 325 2703; baseline 0 0"><span class='ocrx_word' id='word_1_189' title='bbox 214 2642 244 2703; x_wconf 91' lang='lat' dir='ltr'><strong>lii</strong></span> <span class='ocrx_word' id='word_1_190' title='bbox 268 2643 325 2703; x_wconf 90' lang='lat' dir='ltr'><strong>Dei</strong></span> 
     </span>
     <span class='ocr_line' id='line_1_30' title="bbox 542 2725 762 2789; baseline 0.014 -4"><span class='ocrx_word' id='word_1_191' title='bbox 542 2725 762 2789; x_wconf 65' lang='lat' dir='ltr'><strong>huxxxlv.</strong></span> 
     </span>
    </p>
   </div>
   <div class='ocr_carea' id='block_1_4' title="bbox 191 2888 1112 3723">
    <p class='ocr_par' dir='ltr' id='par_1_4' title="bbox 191 2888 1112 3723">
     <span class='ocr_line' id='line_1_31' title="bbox 274 2888 1112 2973; baseline 0.004 -24"><span class='ocrx_word' id='word_1_192' title='bbox 274 2889 312 2949; x_wconf 80' lang='lat' dir='ltr'><strong>Et</strong></span> <span class='ocrx_word' id='word_1_193' title='bbox 341 2908 401 2969; x_wconf 93' lang='lat' dir='ltr'><strong>ego</strong></span> <span class='ocrx_word' id='word_1_194' title='bbox 433 2888 556 2951; x_wconf 86' lang='lat' dir='ltr'><strong>Gabriel</strong></span> <span class='ocrx_word' id='word_1_195' title='bbox 588 2891 790 2973; x_wconf 84' lang='lat' dir='ltr'><strong>archangelus</strong></span> <span class='ocrx_word' id='word_1_196' title='bbox 818 2893 985 2953; x_wconf 88' lang='lat' dir='ltr'><strong>autoritate</strong></span> <span class='ocrx_word' id='word_1_197' title='bbox 1013 2893 1112 2953; x_wconf 84' lang='lat' dir='ltr'><strong>divina</strong></span> 
     </span>
     <span class='ocr_line' id='line_1_32' title="bbox 191 2972 1112 3056; baseline 0.002 -23"><span class='ocrx_word' id='word_1_198' title='bbox 191 2972 336 3033; x_wconf 84' lang='lat' dir='ltr'><strong>Notarius</strong></span> <span class='ocrx_word' id='word_1_199' title='bbox 369 2974 521 3052; x_wconf 89' lang='lat' dir='ltr'><strong>generalis</strong></span> <span class='ocrx_word' id='word_1_200' title='bbox 543 2983 613 3034; x_wconf 92' lang='lat' dir='ltr'><strong>eta</strong></span> <span class='ocrx_word' id='word_1_201' title='bbox 647 2976 720 3036; x_wconf 90' lang='lat' dir='ltr'><strong>sede</strong></span> <span class='ocrx_word' id='word_1_202' title='bbox 744 2975 800 3035; x_wconf 90' lang='lat' dir='ltr'><strong>Dei</strong></span> <span class='ocrx_word' id='word_1_203' title='bbox 831 2976 950 3056; x_wconf 89' lang='lat' dir='ltr'><strong>legatus</strong></span> <span class='ocrx_word' id='word_1_204' title='bbox 984 2985 1112 3051; x_wconf 85' lang='lat' dir='ltr'><strong>creatus,</strong></span> 
     </span>
     <span class='ocr_line' id='line_1_33' title="bbox 191 3054 1112 3140; baseline 0.003 -26"><span class='ocrx_word' id='word_1_205' title='bbox 191 3073 259 3114; x_wconf 88' lang='lat' dir='ltr'><strong>cum</strong></span> <span class='ocrx_word' id='word_1_206' title='bbox 281 3054 360 3115; x_wconf 89' lang='lat' dir='ltr'><strong>haec</strong></span> <span class='ocrx_word' id='word_1_207' title='bbox 380 3059 423 3117; x_wconf 94' lang='lat' dir='ltr'><strong>ita</strong></span> <span class='ocrx_word' id='word_1_208' title='bbox 444 3055 561 3133; x_wconf 88' lang='lat' dir='ltr'><strong>fierent,</strong></span> <span class='ocrx_word' id='word_1_209' title='bbox 585 3056 758 3120; x_wconf 90' lang='lat' dir='ltr'><strong>dicerentur</strong></span> <span class='ocrx_word' id='word_1_210' title='bbox 780 3058 1054 3140; x_wconf 87' lang='lat' dir='ltr'><strong>etmandarentur,</strong></span> <span class='ocrx_word' id='word_1_211' title='bbox 1075 3060 1112 3118; x_wconf 94' lang='lat' dir='ltr'><strong>in·</strong></span> 
     </span>
     <span class='ocr_line' id='line_1_34' title="bbox 191 3138 1112 3219; baseline 0.004 -22"><span class='ocrx_word' id='word_1_212' title='bbox 191 3138 279 3198; x_wconf 84' lang='lat' dir='ltr'><strong>tersui</strong></span> <span class='ocrx_word' id='word_1_213' title='bbox 302 3147 474 3219; x_wconf 91' lang='lat' dir='ltr'><strong>cunctaque</strong></span> <span class='ocrx_word' id='word_1_214' title='bbox 502 3142 547 3200; x_wconf 91' lang='lat' dir='ltr'><strong>sic</strong></span> <span class='ocrx_word' id='word_1_215' title='bbox 568 3138 661 3218; x_wconf 79' lang='lat' dir='ltr'><strong>fieri,</strong></span> <span class='ocrx_word' id='word_1_216' title='bbox 698 3142 756 3202; x_wconf 92' lang='lat' dir='ltr'><strong>dici</strong></span> <span class='ocrx_word' id='word_1_217' title='bbox 790 3152 820 3203; x_wconf 88' lang='lat' dir='ltr'><strong>et</strong></span> <span class='ocrx_word' id='word_1_218' title='bbox 842 3141 981 3202; x_wconf 86' lang='lat' dir='ltr'><strong>mandari</strong></span> <span class='ocrx_word' id='word_1_219' title='bbox 1004 3142 1112 3215; x_wconf 85' lang='lat' dir='ltr'><strong>audivi,</strong></span> 
     </span>
     <span class='ocr_line' id='line_1_35' title="bbox 191 3221 1111 3303; baseline 0 -22"><span class='ocrx_word' id='word_1_220' title='bbox 191 3221 272 3282; x_wconf 90' lang='lat' dir='ltr'><strong>unde</strong></span> <span class='ocrx_word' id='word_1_221' title='bbox 306 3232 335 3282; x_wconf 87' lang='lat' dir='ltr'><strong>et</strong></span> <span class='ocrx_word' id='word_1_222' title='bbox 361 3240 507 3302; x_wconf 89' lang='lat' dir='ltr'><strong>praesens</strong></span> <span class='ocrx_word' id='word_1_223' title='bbox 538 3222 778 3285; x_wconf 88' lang='lat' dir='ltr'><strong>Instrumentum</strong></span> <span class='ocrx_word' id='word_1_224' title='bbox 808 3225 950 3303; x_wconf 85' lang='lat' dir='ltr'><strong>conieci,</strong></span> <span class='ocrx_word' id='word_1_225' title='bbox 990 3226 1111 3287; x_wconf 87' lang='lat' dir='ltr'><strong>alterius</strong></span> 
     </span>
     <span class='ocr_line' id='line_1_36' title="bbox 191 3304 1112 3388; baseline 0.004 -24"><span class='ocrx_word' id='word_1_226' title='bbox 191 3325 283 3366; x_wconf 87' lang='lat' dir='ltr'><strong>manu</strong></span> <span class='ocrx_word' id='word_1_227' title='bbox 306 3304 435 3366; x_wconf 85' lang='lat' dir='ltr'><strong>fideliter</strong></span> <span class='ocrx_word' id='word_1_228' title='bbox 457 3308 603 3386; x_wconf 87' lang='lat' dir='ltr'><strong>scriptum</strong></span> <span class='ocrx_word' id='word_1_229' title='bbox 642 3328 710 3369; x_wconf 93' lang='lat' dir='ltr'><strong>meo</strong></span> <span class='ocrx_word' id='word_1_230' title='bbox 734 3310 859 3369; x_wconf 92' lang='lat' dir='ltr'><strong>nomine</strong></span> <span class='ocrx_word' id='word_1_231' title='bbox 890 3316 922 3369; x_wconf 90' lang='lat' dir='ltr'><strong>et</strong></span> <span class='ocrx_word' id='word_1_232' title='bbox 943 3311 1035 3388; x_wconf 86' lang='lat' dir='ltr'><strong>signo</strong></span> <span class='ocrx_word' id='word_1_233' title='bbox 1058 3310 1112 3387; x_wconf 84' lang='lat' dir='ltr'><strong>sig·</strong></span> 
     </span>
     <span class='ocr_line' id='line_1_37' title="bbox 191 3389 1111 3472; baseline 0.007 -26"><span class='ocrx_word' id='word_1_234' title='bbox 191 3390 282 3465; x_wconf 81' lang='lat' dir='ltr'><strong>navi,</strong></span> <span class='ocrx_word' id='word_1_235' title='bbox 313 3389 525 3467; x_wconf 87' lang='lat' dir='ltr'><strong>praesentibus</strong></span> <span class='ocrx_word' id='word_1_236' title='bbox 556 3392 669 3451; x_wconf 85' lang='lat' dir='ltr'><strong>sanctis</strong></span> <span class='ocrx_word' id='word_1_237' title='bbox 703 3391 833 3452; x_wconf 91' lang='lat' dir='ltr'><strong>dominis</strong></span> <span class='ocrx_word' id='word_1_238' title='bbox 856 3391 1008 3452; x_wconf 86' lang='lat' dir='ltr'><strong>Michaele</strong></span> <span class='ocrx_word' id='word_1_239' title='bbox 1031 3410 1111 3472; x_wconf 88' lang='lat' dir='ltr'><strong>prae·</strong></span> 
     </span>
     <span class='ocr_line' id='line_1_38' title="bbox 191 3471 1112 3554; baseline 0.003 -23"><span class='ocrx_word' id='word_1_240' title='bbox 191 3473 293 3550; x_wconf 91' lang='lat' dir='ltr'><strong>posito</strong></span> <span class='ocrx_word' id='word_1_241' title='bbox 315 3472 452 3533; x_wconf 88' lang='lat' dir='ltr'><strong>Paradisi</strong></span> <span class='ocrx_word' id='word_1_242' title='bbox 481 3482 511 3532; x_wconf 90' lang='lat' dir='ltr'><strong>et</strong></span> <span class='ocrx_word' id='word_1_243' title='bbox 533 3474 692 3554; x_wconf 86' lang='lat' dir='ltr'><strong>Raphaele</strong></span> <span class='ocrx_word' id='word_1_244' title='bbox 713 3475 835 3535; x_wconf 89' lang='lat' dir='ltr'><strong>hledicn</strong></span> <span class='ocrx_word' id='word_1_245' title='bbox 858 3475 915 3536; x_wconf 87' lang='lat' dir='ltr'><strong>Dei</strong></span> <span class='ocrx_word' id='word_1_246' title='bbox 946 3495 1017 3536; x_wconf 93' lang='lat' dir='ltr'><strong>cum</strong></span> <span class='ocrx_word' id='word_1_247' title='bbox 1042 3471 1112 3535; x_wconf 93' lang='lat' dir='ltr'><strong>mul·</strong></span> 
     </span>
     <span class='ocr_line' id='line_1_39' title="bbox 192 3554 1112 3641; baseline 0.007 -30"><span class='ocrx_word' id='word_1_248' title='bbox 192 3554 229 3612; x_wconf 86' lang='lat' dir='ltr'><strong>tis</strong></span> <span class='ocrx_word' id='word_1_249' title='bbox 262 3554 329 3613; x_wconf 87' lang='lat' dir='ltr'><strong>aliis</strong></span> <span class='ocrx_word' id='word_1_250' title='bbox 362 3557 476 3615; x_wconf 86' lang='lat' dir='ltr'><strong>sanctis</strong></span> <span class='ocrx_word' id='word_1_251' title='bbox 510 3557 627 3638; x_wconf 89' lang='lat' dir='ltr'><strong>angelis</strong></span> <span class='ocrx_word' id='word_1_252' title='bbox 650 3558 730 3637; x_wconf 89' lang='lat' dir='ltr'><strong>Dei,</strong></span> <span class='ocrx_word' id='word_1_253' title='bbox 758 3558 886 3619; x_wconf 90' lang='lat' dir='ltr'><strong>testibus</strong></span> <span class='ocrx_word' id='word_1_254' title='bbox 915 3557 978 3619; x_wconf 90' lang='lat' dir='ltr'><strong>lide</strong></span> <span class='ocrx_word' id='word_1_255' title='bbox 1005 3559 1112 3641; x_wconf 84' lang='lat' dir='ltr'><strong>dignis,</strong></span> 
     </span>
     <span class='ocr_line' id='line_1_40' title="bbox 191 3635 865 3723; baseline 0.013 -29"><span class='ocrx_word' id='word_1_256' title='bbox 191 3635 229 3694; x_wconf 90' lang='lat' dir='ltr'><strong>ad</strong></span> <span class='ocrx_word' id='word_1_257' title='bbox 253 3636 331 3697; x_wconf 88' lang='lat' dir='ltr'><strong>haec</strong></span> <span class='ocrx_word' id='word_1_258' title='bbox 352 3638 527 3718; x_wconf 85' lang='lat' dir='ltr'><strong>specialiter</strong></span> <span class='ocrx_word' id='word_1_259' title='bbox 549 3642 666 3702; x_wconf 88' lang='lat' dir='ltr'><strong>vocatis</strong></span> <span class='ocrx_word' id='word_1_260' title='bbox 689 3647 720 3702; x_wconf 89' lang='lat' dir='ltr'><strong>et</strong></span> <span class='ocrx_word' id='word_1_261' title='bbox 740 3644 865 3723; x_wconf 88' lang='lat' dir='ltr'><strong>rogatis.</strong></span> 
     </span>
    </p>
   </div>
   <div class='ocr_carea' id='block_1_5' title="bbox 0 0 1178 4162">
    <p class='ocr_par' dir='ltr' id='par_1_5' title="bbox 0 0 1178 4162">
     <span class='ocr_line' id='line_1_41' title="bbox 0 0 1178 4162; baseline 0 1"><span class='ocrx_word' id='word_1_262' title='bbox 0 0 1178 4162; x_wconf 95' lang='lat' dir='ltr'><strong> </strong></span> 
     </span>
    </p>
   </div>
  </div>
 </body>
</html>
