2348 4162
208 242 273 317 228
456 251 500 308 De
518 267 601 308 servo
619 249 733 306 arbitrio
752 239 787 306 D.
806 240 841 307 n.
859 246 892 307 L.

206 427 296 481 uatus
317 420 368 480 hie
396 419 545 502 loquitur:
575 422 670 483 Volui·
688 425 720 481 et
741 425 774 480 tu
797 419 940 499 uoluisti,
963 419 1064 498 Deus,
1087 418 1130 477 in-

209 522 311 583 quam,
333 504 509 566 incarnatus
532 506 562 565 in
584 506 644 566 hoe
667 505 777 564 missus
795 509 851 580 est,
874 510 907 563 ut
920 503 1002 583 vetit,
1024 501 1132 580 loqna·

208 592 271 667 tur,
292 587 400 666 faeiat,
422 590 573 668 potiatur,
602 588 710 649 offerat
732 586 874 647 omuibus
896 587 1018 661 omnia,
1050 601 1132 663 quae

207 669 333 731 suntad
354 670 483 731 salutem
507 673 697 751 neeessaria,
720 670 791 730 lieet
813 669 959 749 plurimos
982 664 1132 746 offendat,

208 753 259 830 qui
281 761 401 814 seereta
421 754 474 814 ille
497 755 654 815 voluntate
667 753 833 819 maiestatis
845 753 895 812 vel
907 751 1004 813 relieti
1018 749 1069 811 vel
1087 751 1133 810 in·

209 836 308 896 durati
319 855 380 896 non
396 838 564 917 suscipiunt
574 837 743 915 volentem,
756 836 944 914 loquentem,
956 834 1132 913 facientem,

208 917 397 997 offerentem,
419 922 498 980 siout
511 920 666 981 Iohannes
681 920 716 996 ⁸)
742 919 830 979 dieit:
853 917 919 979 Lux
941 919 972 979 in
995 916 1130 978 tenebris

187 1002 306 1091 ⁴lueet,
340 1010 370 1062 et
409 1004 553 1066 tenebrae
586 1023 654 1063 eam
689 1021 751 1063 non
790 999 1071 1082 comprehendunt,
1103 1006 1135 1060 et

207 1086 331 1145 iterum:
353 1084 626 1166 lnprop'riavenit‚
649 1092 680 1147 et
695 1086 742 1145 sui
765 1103 826 1145 non
849 1089 1030 1164 receperunt
1051 1101 1135 1143 eum.

291 1166 386 1227 Huius
407 1168 511 1247 itidem
535 1170 591 1230 Dei
612 1169 764 1230 inearneti
786 1174 833 1228 est
853 1166 938 1245 flere,
958 1165 1135 1247 deplorare,

208 1269 332 1330 gemere
353 1269 444 1331 super
466 1252 638 1332 perditione
670 1251 851 1331 impiorum,
885 1270 953 1311 eum
987 1249 1134 1311 voluntas

210 1335 376 1393 maiestatis
405 1354 443 1395 ex
466 1337 627 1416 proposito
661 1335 781 1413 aliquos
802 1333 955 1413 relinquat
976 1338 1008 1394 ot
1027 1350 1136 1412 repro·

210 1416 278 1492 bet,
311 1423 343 1476 ut
376 1424 513 1496 pereant.
556 1417 625 1481 Nee
647 1417 737 1478 nobis
758 1415 982 1500 quaerendum,
1014 1433 1071 1475 our
1092 1415 1137 1475 ita

209 1499 317 1578 faeiat,
340 1499 394 1559 sed
416 1501 602 1561 reverendus
626 1500 726 1577 Deus,
761 1501 812 1579 qui
835 1499 907 1559 talia
929 1507 959 1560 et
981 1498 1084 1579 possit
1103 1502 1138 1557 et

209 1581 292 1648 velit,
334 1581 415 1665 Nee,
446 1591 539 1665 puto,
572 1584 682 1662 aliquis
705 1584 755 1643 hio
776 1580 1025 1661 calumniabitur,
1051 1579 1137 1660 quod

209 1665 262 1725 illa
286 1665 440 1743 voluntas,
462 1666 500 1727 de
523 1687 584 1747 que
606 1667 728 1727 dieitur:
752 1664 880 1741 Quoties
903 1664 1004 1742 volui,
1040 1664 1137 1724 etism

209 1754 281 1809 ante
314 1749 505 1810 incarnatum
528 1750 627 1810 Deum
648 1749 770 1810 Iudaeis
803 1749 893 1809 fuerit
914 1747 1069 1824 exhibita,
1104 1752 1139 1806 ut

210 1832 261 1910 qui
283 1832 449 1911 prophetas
471 1833 710 1894 antechristum
733 1831 894 1911 occidisse,
916 1838 948 1893 et
968 1832 1013 1891 sie
1030 1829 1138 1891 volun·

210 1915 263 1974 tati
287 1915 352 1974 eius
374 1916 523 1976 restitisse
545 1921 721 1996 arguantur.
744 1915 857 1977 Notum
880 1921 928 1975 est
947 1914 1029 1975 enim
1054 1911 1138 1993 epod

209 1996 415 2076 Christianos,
447 2000 550 2059 omnia
584 1999 648 2079 geri
680 2018 735 2079 per
756 1998 923 2079 prophetae
945 1998 976 2057 in
1008 1997 1139 2057 nomine

208 2080 298 2139 futuri
320 2079 441 2160 Christi,
464 2083 516 2160 qui
528 2083 696 2162 promissus
719 2088 795 2159 erat,
818 2087 851 2141 ut
864 2080 1139 2141 ineamatusDeus

209 2160 306 2242 fleret,
328 2170 361 2223 ut
382 2163 524 2226 voluntas
535 2165 644 2225 Christi
667 2171 750 2226 reete
774 2164 901 2241 dicatur,
923 2161 1073 2243 quidquid
1097 2162 1138 2224 ab

209 2247 295 2306 initio
326 2248 428 2308 mundi
465 2267 520 2328 per
541 2248 626 2309 verbi
659 2249 815 2309 ministros
845 2247 982 2309 oblatum
1012 2253 1063 2308 est
1082 2246 1137 2308 ho·

210 2329 350 2394 minibus.

292 2411 426 2491 Dieetl)
451 2432 524 2474 vero
547 2413 704 2491 hieratio,
727 2420 760 2474 ut
781 2420 829 2473 est
849 2418 960 2474 nesuta
985 2416 1018 2473 et
1033 2412 1136 2493 dicax,

207 2495 334 2576 pulchre
356 2496 417 2557 hoo
437 2497 596 2557 inventum
619 2503 665 2557 est
687 2495 850 2577 effugium,
879 2502 926 2574 ut,
962 2497 1086 2575 quoties
1108 2496 1137 2555 vi

209 2586 457 2658 argumentorum
480 2598 639 2659 urgemur,
662 2581 700 2641 ed
724 2579 912 2640 voluntatem
934 2578 1020 2640 illam
1045 2580 1136 2639 maie·

209 2664 295 2723 statis
318 2663 512 2723 metuendam
534 2681 740 2738 recurramus,
769 2670 801 2723 et
824 2662 1064 2742 disputatorem,
1086 2661 1136 2723 ubi

212 2746 358 2806 molestus
380 2745 483 2827 fuerit,
506 2746 545 2806 ed
568 2746 721 2807 silentium
746 2744 921 2826 adigamus,
950 2763 1016 2807 nou
1039 2745 1134 2819 nliter,

210 2845 302 2906 quem
341 2827 490 2908 astrologi
523 2831 585 2888 suis
626 2827 817 2910 epieyolis²)
866 2829 995 2909 repertis
1030 2845 1133 2890 omnes

84 2966 94 2979 ,
212 2912 408 2989 quaestiones
432 2911 470 2972 de
494 2918 577 2973 motu
600 2915 694 2973 totius
717 2911 797 2972 eoeli
820 2910 957 2972 eludunt.

292 2993 528 3074 Respondemus
550 3014 612 3056 non
636 3014 706 3056 esse
729 3000 866 3055 nostrum
888 2995 1060 3071 inventum,
1081 2990 1129 3053 sed

214 3075 323 3136 divinis
336 3076 498 3157 seripturis
512 3077 663 3139 firmatum
678 3085 886 3158 praeseptum,
909 3079 955 3138 sie
968 3078 1052 3137 enim
1062 3075 1130 3145 Pru·

210 3157 256 3219 lus
268 3159 377 3221 Roma.
391 3162 410 3223 9
424 3159 498 3222 dicit
510 3182 517 3221 ε
537 3160 616 3236 Quid
629 3163 720 3242 igitur
732 3159 973 3239 queriturDeus?
996 3158 1074 3237 Quis
1086 3176 1131 3219 vo·

210 3242 318 3303 luntati
330 3244 393 3303 eius
404 3243 545 3304 resistet?
567 3243 594 3305 Ο
606 3245 710 3322 homo,
722 3251 755 3304 tu
767 3245 834 3322 quis
844 3263 888 3324 es,
901 3244 953 3322 qui
965 3240 1130 3305 eonteudes

210 3344 278 3385 eum
288 3326 376 3386 Deo?
387 3327 436 3387 An
449 3346 511 3387 non
524 3327 616 3389 habet
627 3334 811 3407 potestatem
822 3325 954 3408 figulus?
968 3324 1131 3405 etreliqua.

210 3408 250 3469 Et
262 3417 333 3470 aute
344 3429 413 3471 enm
428 3410 497 3473 Esa.
510 3410 566 3475 58:
589 3410 638 3471 Me
650 3411 762 3472 etenim
775 3410 814 3471 de
826 3409 876 3471 die
896 3410 928 3470 iu
951 3409 1035 3471 diem
1049 3426 1131 3488 quae

210 3499 289 3572 runt,
303 3499 334 3553 et
346 3494 412 3554 vias
422 3512 506 3554 meas
518 3496 596 3554 seire
612 3493 729 3573 volunt,
750 3494 836 3573 quasi
849 3512 937 3575 gens,
959 3511 1042 3573 quae
1057 3490 1130 3554 iusti·

284 3674 316 3739 *)
336 3673 432 3730 Iohen.
452 3677 479 3733 1.
509 3678 538 3739 1)
560 3676 590 3729 In
609 3676 653 3730 ed.
671 3676 729 3732 Ien.
752 3674 796 3730 hie
824 3676 852 3730 in
879 3678 1007 3747 margine
1025 3677 1129 3749 legitur:

209 3746 349 3801 Erasmus.
368 3747 401 3817 2)
423 3748 452 3800 In
472 3746 515 3802 ed.
538 3748 606 3804 1525
626 3746 900 3817 et1526:epieulis.
