2348 4162
128 246 191 312 444
316 246 372 303 Cur
389 253 417 305 ct
434 246 576 318 quomodo
594 246 780 304 Christianum
797 246 884 304 (icoc.

129 418 178 478 vel
198 437 320 479 veneno
343 418 467 493 tolient,
493 418 542 479 vei
579 418 703 480 occulto
730 428 761 478 et
788 417 939 479 insidioso
961 416 1044 478 iutro

129 502 210 562 cinio
242 501 437 562 interficiunt.
481 501 560 577 Quid
597 503 703 561 mirum
740 501 848 580 igitur,
880 506 998 561 tautam
1018 501 1044 560 in

128 603 225 664 regno
259 584 413 665 Papistico
446 604 515 645 esse
540 584 766 659 veneficorum,
801 585 981 645 sicariorum
1020 590 1046 644 ct

128 667 279 727 latronum
303 680 456 747 segetem,
492 687 559 728 cum
582 668 734 728 Doctores
754 668 901 747 Papistioi
928 685 1046 746 quoquc

129 750 201 810 nihil
224 751 305 811 uliud
330 753 390 810 sint
413 750 578 831 (quantum
602 770 642 812 ex
663 750 725 811 hoc
741 749 863 829 quidem
877 751 1044 811 iuramento

127 839 273 913 apparet)
300 854 391 913 quam
414 834 559 907 venetici,
581 852 796 914 percussores,
820 833 922 894 sicarii
955 839 988 893 ct
1007 832 1045 893 tc·

129 922 233 977 troues
256 917 416 978 coniurati.
1076 970 1079 977 .

128 1088 157 1143 s
181 999 480 1162 didisti&
501 1006 672 1151 iiiiii?
690 999 1045 1162 iutuitu}

127 1172 214 1241 tuos,
247 1168 297 1246 qui
330 1168 393 1226 suis
415 1172 446 1225 te
467 1163 661 1225 facultatibus
690 1174 721 1225 et
742 1164 914 1244 sumptibus
936 1166 969 1225 iu
991 1164 1051 1229 hoc,

126 1248 281 1319 aluerunt,
312 1255 345 1309 ut
367 1250 488 1309 animae
511 1255 581 1307 tuae
603 1247 732 1308 salutem
756 1253 818 1308 tum
840 1248 936 1328 impie
958 1246 1044 1309 devo·

127 1351 225 1392 seres.
269 1331 299 1393 Si
323 1333 403 1392 euim
438 1330 497 1391 hoc
519 1332 720 1391 iuramentum
743 1349 930 1392 conservare
953 1331 1044 1405 voles,

126 1420 234 1475 contra
248 1414 399 1476 Christum
412 1433 468 1495 pro
481 1413 666 1474 Antichristo
678 1413 830 1490 militabis,
850 1414 1043 1491 sacramenti,

126 1516 187 1576 quo
210 1499 241 1557 in
262 1496 416 1576 buptismo
437 1497 574 1557 initiatus
602 1502 632 1555 et
653 1496 805 1576 obligatus
828 1516 877 1576 es,
911 1497 1045 1577 proditor

126 1580 233 1641 iactus.
278 1580 308 1642 Si
348 1600 420 1642 vero
452 1597 532 1656 nco,
567 1598 625 1639 nec
646 1580 743 1640 Deum
777 1578 949 1640 adiutorem
992 1596 1044 1639 uec

127 1663 327 1742 Evangelium
363 1666 428 1724 eius
462 1662 568 1722 salutis
601 1661 751 1723 medelum
779 1668 811 1723 ts
832 1661 949 1723 habere
971 1661 1044 1723 velle

126 1748 291 1808 consentis.
336 1746 437 1821 Quare
470 1746 685 1824 expergiscere
706 1744 829 1805 tandem
866 1753 898 1806 et
934 1752 1044 1825 quanto

125 1830 154 1888 iu
178 1829 314 1908 periculo
335 1830 466 1890 verseris
489 1828 568 1901 vide,
592 1829 811 1908 poeniteutiam
834 1847 909 1908 age,
938 1828 1043 1888 Deum-

125 1929 184 1990 que
205 1931 348 1993 precare,
386 1918 420 1973 ut
441 1910 541 1972 edicto
574 1930 631 1972 suo
654 1912 808 1990 praetorio
848 1922 879 1971 te
907 1912 940 1971 in
973 1912 1044 1971 inte

125 2014 211 2074 grum
235 1997 374 2056 restituet
407 2001 438 2056 et
458 1996 660 2054 iuramentum
683 2002 744 2054 tam
769 1993 954 2054 sceleratum
977 1992 1044 2055 abo·

124 2077 188 2138 leat
208 2083 301 2156 utque
324 2084 449 2138 aeterna
472 2076 760 2156 oblivioneobruut,
783 2096 822 2137 ne
836 2078 867 2136 iu
889 2083 1043 2138 uetemcm

126 2159 352 2241 condemneris,
376 2162 485 2221 Amen.

409 2244 490 2303 Finis
513 2242 768 2303 Anuotctiouum.

207 2325 265 2385 Hic
287 2328 416 2405 primum
456 2324 632 2386 admonitos
661 2344 729 2385 esse
757 2325 828 2385 voto
862 2344 925 2387 nou
956 2325 1043 2386 modo

125 2428 180 2468 ecs
201 2408 365 2484 Doctores,
388 2411 438 2488 qui
460 2410 646 2470 Doctorotus
668 2409 800 2488 insignia
821 2409 851 2467 iu
874 2409 911 2469 iis
935 2408 1043 2469 scholis

125 2500 318 2571 acceperuut,
341 2494 371 2552 in
395 2490 503 2571 quibus
526 2491 600 2551 talio
621 2493 793 2551 iuramenta
807 2509 868 2551 uon
885 2492 1045 2572 exiguntur

125 2572 175 2657 (ut
197 2581 267 2634 suut
287 2576 348 2634 hoc
369 2582 508 2655 tempore
530 2575 560 2633 in
583 2572 930 2654 GermcuiuVitebergc
950 2574 1044 2635 et‘l'u·

123 2656 226 2737 biuga,
250 2659 281 2717 in
304 2658 416 2737 Angliu
439 2676 556 2731 omnes,
580 2663 611 2717 et
632 2658 661 2716 in
685 2656 788 2732 ltalia,
811 2658 836 2716 si
858 2656 955 2718 modo
977 2674 1044 2717 vera

124 2746 170 2799 est
194 2740 285 2814 famu,
310 2761 370 2801 une
393 2741 559 2815 etaltera,
583 2738 624 2800 ob
646 2739 706 2799 hoc
728 2757 801 2799 vere
822 2738 966 2815 felices),
998 2758 1044 2799 ve

123 2843 188 2883 rum
213 2824 303 2882 etiam
326 2843 391 2898 eos,
414 2824 474 2903 qui,
497 2824 554 2882 etsi
568 2821 672 2882 froude
694 2840 731 2881 ac
753 2820 832 2881 dolis
856 2822 1043 2902 Papistarum

124 2907 322 2965 circumventi
357 2912 387 2966 et
418 2906 524 2966 irretiti
556 2905 617 2964 hoc
654 2905 857 2964 iuramentum
881 2905 929 2965 vei
963 2904 1044 2965 iuviti

123 2988 171 3046 vel
192 2987 399 3066 imprudentes
421 2988 654 3068 praestiterunt,
688 2992 893 3047 cunctamen
916 3006 975 3049 ceu
995 2989 1044 3049 im·

124 3070 205 3151 pium
230 3075 261 3129 et
282 3071 505 3133 exsecrandum
529 3070 692 3131 exanimo
716 3076 918 3130 contemnunt
941 3090 980 3132 cc
997 3088 1045 3129 ue·

124 3153 252 3233 gtigunt,
273 3153 366 3233 idque
388 3153 476 3216 dictis
499 3159 530 3214 et
551 3153 638 3213 factis
661 3152 763 3233 palum
785 3172 860 3233 prce
883 3172 917 3214 se
939 3153 1044 3229 ferunt,

124 3235 190 3312 hos,
214 3237 350 3316 iuquam,
374 3256 482 3297 omnes
505 3234 679 3296 admonitos
701 3255 770 3296 esse
792 3235 878 3313 volo,
900 3236 977 3297 nihil
998 3254 1045 3296 eo·

122 3340 200 3396 rum,
222 3339 301 3398 quoe
322 3320 373 3380 hic
396 3319 546 3394 dicuntur,
569 3317 607 3378 ud
630 3337 685 3379 eos
707 3319 871 3398 perticere.

205 3402 325 3463 Deinde
357 3403 493 3480 reliquos
525 3401 624 3462 bonos
659 3420 696 3461 ec
728 3403 797 3481 pios
832 3402 915 3461 viros
939 3419 1045 3462 omues

122 3492 249 3564 rogatos
273 3484 354 3561 volu,
376 3506 415 3546 ne
437 3485 541 3545 talium
566 3503 719 3563 quenqum
748 3483 789 3545 ob
811 3483 957 3544 Doctoris
981 3486 1045 3543 titu-

121 3567 183 3627 lum
218 3574 269 3627 cut
301 3568 363 3627 tale
390 3570 592 3628 iuramentum
622 3568 802 3646 praestitum
837 3574 1044 3643 contemnere,

122 3648 178 3709 sed
200 3652 301 3729 potius
325 3669 439 3727 amare,
462 3657 516 3710 aut
538 3655 620 3710 certe
644 3656 744 3711 errato
767 3651 889 3710 veniam
913 3649 1044 3711 dareve

123 3730 187 3797 tint.
231 3731 309 3794 Sunt
326 3735 405 3795 cuim
429 3732 520 3795 leude
542 3742 572 3793 et
594 3751 700 3796 amore
721 3732 822 3812 digni,
860 3734 912 3812 qui
951 3730 1043 3795 erudi-
