2348 4162
266 248 304 305 ad
320 247 355 307 D.
372 248 519 306 Erasmum
535 247 761 307 Rotarodamum.
912 244 975 314 253

52 425 86 481 ut
106 418 194 481 Dens
214 417 269 480 ille
289 419 387 479 iustus
417 427 448 481 et
473 418 574 481 bonus
602 420 708 498 exigat
729 437 747 478 a
768 417 865 480 libero
898 418 977 479 arbi-

51 504 112 565 trio
140 500 359 584 impossibilia,
404 510 436 564 et
468 521 536 566 eum
573 501 699 562 liberum
729 499 885 563 arbitrium
913 520 977 564 non
1034 576 1037 581 ι

52 588 153 668 possit
175 585 256 646 velle
277 585 408 665 bonum,
435 587 673 664 necessarioque
701 586 814 645 serviat
836 595 977 666 peccato,

53 678 157 731 nmen
186 670 318 750 imputet
345 672 383 731 ei.
426 669 466 730 Et
492 669 563 729 dum
593 687 656 728 uon
685 668 803 728 confert
830 670 977 748 spiritum,

54 752 128 814 nibil
152 753 256 813 mitius
277 758 331 812 ant
351 751 530 813 clementius
553 753 659 829 saciat,
698 770 789 831 quam
811 753 836 812 si
858 751 979 812 induret

55 835 104 897 vei
125 834 261 915 indprari
283 836 448 916 permittat.
486 836 572 899 Haec
593 835 719 896 dictabit
741 836 818 897 ratio
832 853 894 895 nou
910 853 979 895 esse

55 919 129 981 boni
151 918 364 979 et'clementis
387 919 460 998 Dei3
503 915 649 999 superant
675 918 770 979 nimio
799 924 923 998 captum
944 918 978 978 il-

55 1003 124 1082 iius,
146 1019 207 1064 nec
229 1002 386 1082 captivare
407 1003 591 1071 etiam‚sese
612 1008 724 1081 potest,
747 1007 779 1061 nt
802 1000 978 1075 credatbo·

57 1105 130 1147 num
154 1103 226 1146 esse
238 1085 347 1161 Deum,
371 1086 422 1163 qui
446 1086 519 1146 talia
540 1085 633 1145 faciat
656 1092 687 1145 et
707 1083 832 1162 iudicet,
853 1083 907 1145 sed
930 1102 978 1144 se-

57 1169 142 1230 clusa
169 1167 232 1229 fide
253 1168 380 1248 palpare
402 1175 432 1228 et
453 1169 558 1229 videre
581 1174 612 1228 et
628 1167 890 1247 comprehendere
903 1167 978 1248 vult,

58 1251 216 1332 quomodo
244 1253 284 1313 sit
309 1249 408 1312 bouus
437 1258 468 1312 et
496 1269 559 1312 uon
588 1250 728 1313 crudelis.
773 1252 979 1332 Comprehen-

58 1336 141 1397 deret
164 1352 239 1397 vero
261 1340 344 1411 tuuc,
366 1333 491 1413 qnando
513 1335 558 1394 sic
579 1333 618 1395 de
639 1334 707 1395 Deo
730 1334 895 1396 diceretur:
917 1335 979 1396 Ne·

58 1420 170 1481 minam
190 1417 322 1496 indurat,
344 1419 498 1479 neminem
520 1416 655 1497 damnat,
684 1417 738 1478 sed
762 1418 904 1481 omnibns
927 1419 980 1479 mi-

57 1509 194 1578 seretur,
238 1520 346 1563 omnes
375 1501 478 1562 salvos
500 1499 587 1579 facit,
629 1508 662 1560 nt
683 1499 838 1562 destructo
860 1502 979 1563 inferno

57 1587 221 1666 positoque
263 1591 346 1645 metu
380 1585 486 1645 mortis
517 1584 602 1644 nulia
632 1602 735 1663 poene
766 1585 982 1645 formidaretur

57 1668 166 1732 futura.
205 1667 279 1729 Ideo
301 1666 347 1729 sic
368 1673 489 1728 aestuat
510 1674 541 1728 et
562 1667 732 1747 contendit,
755 1673 788 1727 ut
808 1668 907 1728 Deum
930 1687 980 1729 ex-

59 1758 144 1813 cuset
167 1757 199 1812 at
220 1750 365 1811 defendat
384 1752 496 1811 iustum
519 1756 551 1811 et
576 1748 702 1814 bouum.
756 1750 816 1812 Sed
844 1749 922 1811 fides
951 1756 982 1812 et

57 1837 181 1917 spiritus
204 1835 291 1895 aliter
311 1834 463 1913 iudicant,
508 1834 559 1914 qui
581 1834 679 1894 Deum
702 1833 816 1895 bouum
845 1833 981 1915 creduut,

58 1920 179 1981 etiamsi
201 1936 309 1981 omnes
330 1917 471 1978 homiues
493 1917 645 1997 perderet.
689 1917 728 1977 Et
750 1917 822 1998 quid
845 1919 981 1999 prodest,

59 2021 114 2064 nne
135 2001 204 2062 istis
227 2001 465 2081 cogitationibus
486 2001 624 2082 fatigari,
658 2007 692 2061 ut
713 2001 834 2081 culpam
858 2000 980 2062 indura·

58 2082 151 2148 tionis
173 2085 204 2144 in
225 2084 351 2146 liberum
364 2083 519 2147 arbitrium
536 2085 722 2162 reiiciamus3
744 2084 835 2146 faciat
850 2084 981 2147 liberum

58 2169 215 2231 arbitrium
228 2174 294 2230 toto
307 2169 421 2231 mundo
434 2168 568 2247 totisque
576 2167 701 2249 viribus,
713 2169 855 2248 quicquid
869 2176 983 2250 potest,

59 2252 175 2314 nullum
191 2262 294 2313 tamen
312 2251 486 2334 exemplum
509 2251 588 2329 edet,
609 2270 670 2331 quc
694 2252 741 2312 vel
757 2253 853 2313 vitare
874 2253 983 2332 possit,

59 2356 97 2399 ue
112 2334 282 2412 induretur,
304 2337 362 2397 nisi
376 2335 522 2415 Spiritum
545 2334 663 2395 dederit
674 2335 767 2412 Dens,
790 2335 839 2396 vel
855 2354 915 2415 quo
929 2336 982 2396 mi·

58 2419 258 2481 sericcrdiam
281 2426 441 2496 mereatur,
464 2418 490 2477 si
511 2418 574 2478 suis
595 2417 708 2478 viribus
726 2418 864 2478 relictum
883 2420 981 2482 fuerit.

60 2503 142 2580 Quid
189 2503 270 2562 enim
314 2503 424 2582 refert,
475 2520 513 2560 an
549 2501 707 2561 induretur
739 2501 788 2561 vel
829 2508 983 2563 mereat-ur

60 2586 215 2662 indurari,
258 2603 326 2645 oum
361 2585 513 2645 induratio
546 2584 721 2645 necessario
757 2585 845 2663 insit,
881 2585 982 2648 donec

59 2671 141 2741 inest
167 2670 351 2748 impotentia
378 2668 447 2745 itta,
482 2686 542 2747 qua
572 2687 635 2728 non
671 2673 776 2748 potest
813 2668 893 2730 velle
922 2667 981 2733 bo-

60 2773 149 2835 uum,
176 2758 256 2814 teste
277 2752 344 2833 ipsa
374 2750 511 2815 diatriba.
575 2751 650 2812 Cum
683 2753 774 2830 igitur
810 2750 998 2813 absurditas·

61 2855 122 2900 uon
146 2835 272 2898 tollatur
292 2837 358 2895 istis
387 2836 500 2914 tropis,
534 2841 588 2895 aut
616 2836 642 2895 si
669 2834 811 2915 tollatur,
850 2837 982 2900 maiores

62 2919 230 2982 afferuntur
242 2917 458 2997 absurditates,
481 2924 512 2978 et
533 2917 630 2979 libero
652 2918 776 2979 arbitrio
800 2920 904 2982 omnia
926 2921 981 2980 tri-

61 3001 204 3082 buuntur,
238 3001 394 3062 facessant
414 3001 536 3062 inutiles
551 3008 581 3061 et
598 3001 776 3063 seductores
791 3005 870 3085 tropi
892 3023 983 3086 puro·

62 3105 121 3166 que
133 3093 165 3149 et
176 3085 308 3164 simplici
323 3084 417 3147 verbo
431 3084 490 3145 Dei
501 3083 692 3148 haereamus.

149 3170 255 3232 Altera
271 3187 366 3229 causa
383 3167 426 3246 ¹),
448 3165 531 3247 quod
549 3187 595 3246 aa,
619 3187 698 3248 quae
714 3169 890 3246 fecitDeus,
912 3177 984 3231 sunt

64 3253 154 3315 valde
175 3253 268 3332 bona,
290 3270 349 3313 uec
371 3252 453 3312 Deus
477 3250 568 3312 dixit:
590 3252 662 3313 Feci
684 3259 715 3314 te
736 3254 767 3313 in
789 3252 850 3314 boc
871 3254 982 3334 ipsum,

64 3337 116 3398 sed
140 3337 273 3398 excitavi
296 3336 327 3395 iu
350 3335 410 3396 hoe
430 3336 541 3414 ipsum.

145 3420 248 3480 Primo
271 3417 411 3494 dicimus,
431 3418 513 3496 quod
538 3417 598 3478 hoc
619 3418 733 3478 dictum
756 3424 802 3480 est
825 3425 897 3480 aute
917 3420 983 3498 lap-

65 3522 129 3564 sum
151 3502 300 3582 hominis,
324 3500 392 3578 ubi,
414 3519 494 3580 quae
518 3501 600 3561 Deus
627 3502 758 3580 fecerat,
785 3509 872 3564 eraut
892 3503 984 3564 valde

66 3584 155 3652 bona.
184 3585 245 3647 Sed
268 3604 341 3646 mox
363 3587 499 3664 sequitur
521 3586 610 3650 tertio
633 3587 744 3668 capite,
767 3585 924 3667 quomodo
946 3587 985 3647 sit

135 3770 164 3838 1)
185 3768 217 3822 In
234 3766 279 3822 ed.
298 3768 354 3824 Ian.
372 3766 417 3822 hic
435 3765 553 3837 margini
570 3765 731 3838 inscriptum
749 3770 804 3824 eat:
827 3766 967 3824 Erasmus.
