2348 4162
333 275 372 336 ad
387 274 423 334 D.
443 276 587 334 Ernmuur
605 274 831 334 Rotsrodamum.
983 269 1047 340 267

122 447 244 510 iuterim
268 464 341 509 vero
360 446 503 529 fingimus
518 446 607 507 uobis
622 445 832 509 incredibilem
843 446 1046 508 reverentiam

122 531 154 592 in
175 530 341 613 scripturis
375 531 492 591 sanctis
519 529 706 611 scrutandis,
742 548 818 609 quas
844 531 928 591 Deus
960 529 1048 590 iussit

124 615 262 692 scrutari,
284 632 348 676 non
369 620 540 674 scrutamur
556 613 622 693 hio,
656 612 718 673 illie
740 630 825 689 vero,
848 612 898 674 ubi
919 611 1047 672 scrutari

124 696 290 783 prohibuit,
315 696 389 759 nihil
410 697 549 775 facimus,
572 697 628 757 nisi
652 695 734 775 quod
756 703 905 778 perpetua
926 696 1047 756 temeri-

125 787 195 857 tate,
217 800 258 842 ne
280 780 379 842 dicam
403 778 603 861 blasphemia,
625 788 803 845 scrutemur.
846 780 895 840 Au
920 784 1049 839 nonest

124 865 270 944 scrutari,
304 871 420 925 temere
440 864 562 939 conari,
595 870 628 924 ut
661 863 813 924 liberrima
844 862 1048 944 praescientia

124 947 179 1009 Dei
202 948 369 1008 conveniat
391 965 459 1006 cum
481 952 590 1009 nostra
602 946 762 1007 libertate?
784 947 892 1026 parati,
915 945 1049 1025 praesci-

126 1032 228 1092 entiae
241 1030 300 1091 Dei
323 1030 481 1110 derogare,
505 1031 562 1089 nisi
580 1027 670 1092 nobis
682 1029 853 1091 libertatem
866 1029 1047 1109 permiserit,

127 1120 177 1175 aut
199 1115 226 1175 si
248 1114 464 1175 necessitatem
488 1113 631 1188 intulerit,
655 1132 723 1173 cum
739 1112 996 1174 murmurantibus
1019 1116 1050 1172 et

125 1195 410 1279 blasphemantibus
433 1195 550 1257 dicere:
585 1195 665 1272 Quid
686 1195 788 1257 adhue
809 1194 964 1276 queritur?
998 1212 1049 1255 vo·

126 1280 235 1341 laulati
258 1281 324 1340 eius
346 1281 413 1358 quis
435 1280 578 1340 resistet?
600 1279 659 1341 Ubi
682 1281 765 1341 Deus
787 1288 896 1341 natura
918 1279 1049 1340 clemen·

126 1362 284 1425 tissimus?
305 1363 365 1426 Ubi
387 1364 437 1441 qui
460 1380 522 1424 nou
545 1363 611 1423 vult
632 1370 762 1424 mortem
785 1363 976 1442 peccatoris?
998 1360 1049 1424 Au

126 1445 196 1508 ideo
220 1452 279 1508 nos
302 1445 448 1525 condidit,
471 1455 503 1506 ut
526 1444 728 1507 delectaretur
749 1445 931 1507 cruciatibus
954 1446 1049 1507 horul-

126 1529 221 1590 unm?
259 1535 290 1590 et
311 1529 438 1611 similia,
474 1548 554 1608 quae
585 1528 667 1611 apud
688 1530 804 1599 inferos
835 1537 866 1589 et
888 1528 1050 1589 damnatos

127 1611 322 1674 ululabuntnr
337 1613 368 1673 in
391 1614 620 1692 sempiternum.

210 1696 251 1757 At
274 1696 366 1757 talem
390 1702 534 1776 oportere
555 1693 624 1756 esse
636 1696 734 1756 Deum
757 1695 859 1755 virum
883 1702 914 1755 el
936 1713 1050 1773 verum,

127 1779 178 1858 qui
201 1777 345 1840 libertate
367 1797 423 1839 sua
454 1780 671 1839 necessitatem
694 1780 834 1859 imponat
862 1776 961 1854 nobis,
983 1778 1052 1857 ipsa

127 1863 206 1923 ratio
228 1861 376 1923 naturalis
399 1863 518 1943 cogitur
531 1861 681 1940 confiteri,
704 1860 856 1941 videlicet,
879 1860 960 1940 quod
984 1859 1052 1921 ridi-

126 1945 212 2005 culus
234 1945 286 2006 ille
307 1944 392 2006 Deus
409 1945 510 2023 fuerit,
533 1951 586 2006 aut
607 1944 720 2006 idolum
735 1946 847 2020 verius,
869 1945 921 2024 qui
934 1945 1052 2005 incerto

125 2027 306 2110 praevideat
326 2028 437 2107 lutura,
460 2034 513 2089 aut
534 2028 656 2089 fallatur
679 2029 813 2108 eventis,
836 2047 905 2088 cum
929 2036 960 2087 et
980 2046 1052 2108 gen·

126 2110 195 2171 tiles
218 2111 283 2172 Diis
322 2111 386 2171 suis
408 2112 501 2171 iatum
536 2111 675 2172 dederint
695 2110 901 2174 ineluctabile.
942 2111 1052 2191 Aeque

125 2192 271 2255 ridiculus
288 2193 395 2275 fuerit,
425 2195 536 2256 sinon
559 2194 966 2274 omniapossitetlaciat,
1000 2200 1053 2254 aut
1133 2265 1137 2271 Ι

126 2276 242 2357 aliquid
264 2278 332 2338 sine
353 2278 423 2358 ipso
446 2276 510 2338 fiat.
554 2277 713 2339 Concessa
734 2283 836 2338 antem
849 2278 1053 2357 praescientia

126 2366 157 2421 ct
178 2361 404 2440 omnipotentia
443 2357 580 2439 sequitur
612 2359 793 2422 naturaliter
814 2359 1006 2440 irrefragibili
1019 2358 1051 2436 1)

127 2445 365 2523 consequentia:
402 2441 468 2506 Nos
499 2464 554 2524 per
575 2462 633 2505 nos
661 2444 747 2523 ipsos
766 2462 829 2505 non
852 2462 923 2503 esse
942 2443 1051 2519 factos,

126 2528 321 2602 rectinere,
343 2545 402 2588 neo
423 2546 516 2607 agere
538 2528 712 2607 quicquam,
735 2527 789 2587 sed
811 2545 866 2606 per
886 2526 967 2586 illius
989 2544 1052 2587 om·

125 2608 340 2690 nipotentiam.
384 2609 459 2671 Oum
482 2617 585 2671 autem
609 2609 686 2671 tales
713 2626 771 2670 uos
793 2610 845 2669 ille
869 2609 1051 2688 ante'prae·
1086 2616 1089 2621 '

125 2693 229 2754 scierit
250 2691 367 2753 lutunos
390 2692 529 2772 talesque
550 2712 633 2753 nunc
655 2692 765 2772 iaciat,
799 2698 922 2752 moveat
945 2698 976 2752 et
997 2711 1052 2772 gu·

125 2773 250 2856 bornat,
273 2775 345 2854 quid
371 2784 475 2855 potest
494 2774 569 2856 fingi
592 2795 728 2856 quaeso,
750 2774 834 2856 quo'd
853 2777 885 2836 in
907 2772 996 2835 uobis
1018 2773 1053 2833 li·

125 2858 233 2922 berum
255 2860 304 2937 sit,
326 2857 415 2920 aliter
437 2858 566 2920 etaliter
587 2858 663 2940 lieri,
685 2878 775 2939 quam
799 2858 852 2920 ille
874 2859 1053 2939 praescierit

124 2948 178 3004 aut
198 2959 282 3003 nunc
301 2942 395 3023 agat?

210 3025 331 3105 Pugnat
352 3027 456 3105 itaque
478 3044 518 3086 ex
540 3024 689 3087 diametro
711 3026 966 3106 praescientiam
988 3044 1051 3087 om·

123 3108 298 3191 uipotentia
319 3108 377 3170 Dei
400 3127 468 3169 cum
491 3115 599 3170 nostro
621 3109 717 3170 libero
740 3110 880 3187 arbitrio3
903 3115 955 3170 aut
969 3110 1051 3169 euim

124 3192 212 3255 Deus
233 3191 355 3254 falletur
376 3192 598 3272 praesciendo,
621 3192 734 3254 errabit
755 3199 787 3254 et
808 3191 930 3273 agendo
953 3190 1051 3272 (quod

125 3281 173 3338 eal
193 3274 416 3356 impossibile),
439 3282 494 3336 aut
514 3295 572 3337 nos
595 3294 722 3356 agemus
744 3282 775 3336 et
796 3294 922 3356 agamur
944 3294 1052 3334 secun·

126 3358 199 3421 dum
221 3359 318 3440 ipsius
341 3360 575 3439 praescientiam
598 3369 628 3420 et
642 3358 805 3423 actionem.
848 3357 1050 3437 Omnipoten-

124 3442 200 3504 tiam
223 3461 297 3504 vero
319 3442 376 3503 Dei
400 3460 479 3503 voco
501 3461 564 3503 uon
584 3442 666 3504 illam
680 3443 859 3523 potentiam,
882 3460 943 3520 qua
958 3442 1052 3500 mulla

124 3545 188 3591 non
211 3525 294 3604 lacit,
316 3543 395 3606 quae
416 3531 530 3605 potest,
552 3525 606 3586 sed
628 3527 778 3588 actualem
801 3525 896 3605 illam,
918 3542 979 3603 qua
995 3543 1051 3603 po-

199 3779 231 3847 1)
246 3777 280 3835 Iu
297 3776 342 3835 ed.
360 3779 430 3836 Iena
450 3774 646 3849 irrefragabili.

227 3858 233 3873 1
