2348 4162
123 231 187 341 ‚2⁰4
364 236 409 296 De
425 251 508 297 narro
525 237 640 297 arbitrio
657 237 693 297 D.
711 237 748 297 u.
764 237 796 298 L

124 424 192 468 oum
215 404 336 477 tiduoia,
359 414 393 469 ut
414 408 464 488 qui
487 408 632 487 seiemus,
654 428 722 471 eam
745 428 808 471 nnn
831 408 889 470 nisi
903 408 998 472 stulta
1012 414 1046 471 et

123 489 255 565 absurda
276 491 404 571 garrire,
426 502 488 552 tum
511 493 661 566 maxime,
690 512 758 553 oum
780 494 811 553 in
833 493 924 555 rebus
946 494 1045 555 sauma

123 592 209 634 suam
232 574 413 652 sapientiam
437 575 599 637 ostendere
622 577 736 656 incipit.

207 664 253 717 Ao
275 658 420 737 primum,
442 659 467 718 si
490 654 692 740 interrogem,
715 658 796 720 unde
817 658 963 737 probetur
984 660 1046 740 sig·

122 739 239 800 niduari
263 741 310 800 vel
333 744 434 820 sequi,
457 741 645 802 voluntatem
668 746 770 803 inesse
792 741 934 821 liberam,
969 760 1044 822 quo-

124 824 180 885 ties
203 822 327 886 dicitur:
350 824 380 886 Si
404 825 548 902 volueris,
571 824 603 887 Si
626 825 744 903 fereris,
768 824 802 887 Si
824 824 979 886 audieris?
1000 825 1045 885 di·

123 914 185 967 oet:
222 904 300 980 Quia
322 907 368 967 sio
394 908 513 968 videtur
535 916 642 969 natura
664 909 825 969 verborum
849 916 880 969 et
901 928 974 968 usus
997 908 1044 970 lo·

124 988 235 1071 quendi
259 991 383 1070 exigere
405 991 483 1052 inter
505 991 655 1056 homines.
701 993 782 1073 Ergo
805 992 924 1052 divinas
945 1010 996 1053 res
1013 998 1047 1052 et

122 1073 218 1134 verba
238 1075 361 1133 metitur
381 1092 421 1135 ex
444 1094 499 1134 usu
523 1085 553 1134 et
574 1073 664 1135 rebus
677 1075 845 1138 hominum.
888 1073 958 1151 Quo
970 1073 1045 1153 quid

123 1157 310 1236 perversius,
342 1175 410 1217 oum
443 1158 496 1218 illa
524 1160 586 1218 sint
606 1159 772 1236 eoelestia,
802 1156 880 1217 liaeo
901 1155 1048 1229 terrena?

125 1238 231 1299 Prodit
250 1240 342 1318 igitur
365 1241 457 1301 stulte
479 1260 513 1301 se
536 1242 651 1324 ipsam,
685 1259 776 1323 quam
809 1240 887 1304 nihil
912 1240 953 1302 de
976 1239 1044 1303 Deo

122 1323 179 1383 nisi
202 1322 367 1383 humanum
389 1325 514 1405 cogitet.

204 1402 267 1467 Sed
279 1405 362 1486 quid,
384 1409 409 1466 si
423 1408 560 1488 probem,
583 1414 722 1469 naturam
737 1407 898 1469 verborum
910 1411 943 1468 et
954 1425 1045 1468 usum

123 1487 268 1569 loquendi
300 1490 392 1550 etiam
426 1490 506 1570 apud
535 1491 675 1552 homines
698 1511 760 1552 non
783 1509 905 1570 semper
926 1493 970 1551 ita
991 1490 1046 1551 ba·

123 1570 215 1649 bere,
239 1579 272 1631 ut
292 1571 446 1633 rideantur
467 1575 504 1653 ii,
528 1575 578 1653 qui
601 1593 662 1634 non
686 1583 831 1655 possunt,
853 1574 976 1652 quoties
999 1573 1045 1634 eis

123 1653 253 1715 dieitur:
273 1653 306 1719 Si
330 1657 473 1729 volueris,
496 1655 527 1718 Si
540 1657 658 1730 teneris,
680 1659 711 1720 si
736 1654 892 1719 audieris?
914 1653 1044 1732 Quoties

123 1744 266 1818 parentes
291 1757 360 1798 oum
383 1739 453 1800 liliis
471 1741 534 1800 suis
557 1739 673 1812 ludunt,
696 1741 767 1803 dum
790 1759 844 1802 eos
863 1739 969 1800 lubeat
990 1744 1045 1800 aut

123 1820 161 1881 ad
184 1840 218 1881 se
241 1822 360 1899 venire,
382 1822 442 1884 hoo
463 1829 516 1884 aut
536 1823 611 1885 illud
633 1824 750 1899 iuuere,
771 1842 809 1884 ea
832 1830 949 1883 tuntum
973 1840 1043 1901 gra·

125 1905 182 1981 tia,
207 1910 239 1963 ut
260 1915 426 1984 appareat,
458 1924 548 1984 quem
573 1908 795 1985 nonpossint,
831 1913 1045 1984 cogunturque

123 2005 246 2049 manum
267 1990 401 2067 parentis
423 1988 591 2050 invooarei
633 1987 761 2064 Quoties
785 1988 921 2049 medieus
942 1986 1044 2048 fidelis

122 2069 286 2149 superbum
309 2082 467 2149 aegrotum
490 2071 576 2134 iubet
596 2072 697 2133 faeere
719 2081 771 2132 aut
790 2072 941 2147 omittere,
963 2088 1046 2150 quae

123 2152 165 2213 illi
189 2161 260 2212 sunt
282 2153 329 2214 vel
351 2154 623 2236 impossibiliora!
646 2157 757 2235 noxia,
788 2164 820 2215 ut
840 2153 880 2215 ad
902 2154 1044 2215 notitiam

124 2235 220 2296 morbi
243 2243 295 2295 aut
316 2237 518 2317 impotentiae
540 2257 615 2301 snae
636 2238 721 2299 illum
745 2257 800 2318 per
821 2237 1044 2318 experientiam

122 2319 168 2379 sui
201 2328 402 2398 promoveat,
435 2321 587 2400 adquam
611 2322 776 2382 nullaalia
808 2321 928 2382 ratione
958 2319 1044 2380 illum

123 2401 290 2484 perducere
312 2403 437 2483 potnit?
464 2404 503 2465 Et
525 2404 596 2486 quid
621 2406 759 2466 usitatius
777 2413 808 2464 et
830 2403 980 2484 vulgatius
1003 2403 1046 2463 in·

124 2485 257 2546 sultandi
281 2491 312 2546 et
334 2488 524 2568 provocandi
557 2487 668 2563 verbis,
690 2489 756 2548 sive
788 2486 945 2566 hostibus,
980 2486 1046 2545 sive

126 2571 231 2630 amieis
257 2569 421 2630 ostendere
442 2571 595 2647 volumus,
619 2570 690 2650 quid
713 2571 833 2650 possint
853 2577 883 2631 et
899 2586 960 2630 uon
976 2586 1047 2649 pos·

125 2651 208 2713 sint?
232 2651 317 2713 Haeo
339 2659 454 2713 tantum
478 2655 589 2735 recito,
623 2660 656 2714 ut
678 2654 788 2715 rationi
810 2671 882 2712 suas
904 2650 1046 2731 sequelae

127 2734 305 2809 ostendam,
329 2753 419 2815 quam
442 2737 534 2798 stulte
557 2755 609 2797 eas
632 2735 795 2816 seripturis
818 2734 959 2815 attingat,
981 2740 1045 2794 tum

125 2837 215 2898 quam
235 2836 328 2879 caena
350 2822 442 2879 etiam
465 2820 513 2899 sit,
536 2830 568 2880 ut
590 2838 651 2880 non
675 2820 788 2896 videet,
808 2837 867 2879 neo
887 2819 917 2878 in
940 2817 1046 2878 huma·

126 2904 173 2961 nis
195 2900 287 2961 rebus
311 2908 342 2962 et
362 2902 463 2963 verbis
486 2922 539 2963 eas
561 2921 683 2983 semper
705 2903 806 2962 ionum
829 2900 953 2965 habere⁸
986 2897 1048 2960 Sed

126 2986 151 3044 si
172 2983 339 3062 aliquando
362 2985 404 3045 ita
426 2984 530 3047 videet
550 2985 633 3063 fieri,
666 3003 740 3047 mox
761 3003 911 3065 praeceps
933 2983 1048 3045 feratur

126 3073 157 3128 et
178 3066 363 3147 generaliter
393 3069 423 3128 in
455 3067 596 3130 omnibus
619 3069 675 3129 Dei
709 3076 740 3129 et
760 3068 918 3128 hominum
947 3065 1047 3133 verbis

128 3149 193 3210 lieri
217 3148 339 3229 iudicet,
356 3150 473 3213 leniens
485 3171 525 3213 ex
535 3151 711 3233 particulari
724 3151 939 3227 universalem,
962 3166 1048 3211 more

127 3233 300 3315 sapientiae
322 3253 407 3294 suae.

210 3315 242 3377 Si
266 3336 347 3377 nuno
368 3315 454 3378 Deus
477 3316 562 3378 velut
582 3317 671 3379 Pater
692 3315 851 3378 nobiseum
874 3313 959 3376 velut
980 3313 1049 3374 tiliis

126 3398 189 3458 suis
211 3406 298 3479 aget,
328 3408 361 3460 ut
381 3401 495 3480 ignaris
518 3400 608 3462 nobis
631 3399 773 3462 ostendet
795 3406 931 3462 nostram
952 3399 1049 3477 impo-

125 3482 274 3560 tentium,
295 3483 345 3544 vel
367 3491 401 3543 ut
422 3482 558 3544 medieus
580 3482 679 3544 fidelis
701 3483 792 3546 nobis
810 3490 948 3545 nostrum
971 3500 1048 3543 mor·

127 3562 197 3625 bum
221 3573 329 3626 notum
352 3566 454 3644 laniat,
477 3566 561 3627 velut
581 3566 720 3627 hostibus
744 3568 806 3627 suis
828 3565 961 3647 superbe
974 3565 1047 3627 resi·

127 3647 277 3709 utentibus
299 3667 355 3710 suo
379 3648 509 3710 oonsilio
530 3650 665 3724 insultet,
688 3656 719 3710 et
739 3648 859 3729 legibus
882 3646 1047 3730 propositis

132 3730 259 3810 (quibus
281 3730 312 3793 id
333 3732 583 3793 commodissime
604 3730 715 3814 effluit)
750 3732 847 3794 diunt:
871 3731 947 3812 aar,
968 3729 1047 3809 audi,
