2348 4162
456 224 484 277 et
502 218 710 276 communionis.
1009 218 1049 288 17

125 389 301 468 cantiones,
325 390 374 451 vel
396 410 451 471 per
473 392 554 452 vices
578 391 693 469 dierum
723 409 805 451 nuuc
841 388 946 470 latine,
969 410 1050 451 nunc

125 473 291 616 pernpcula
319 481 535 553 cantarentur,
569 475 669 535 donec
685 481 749 535 tota
772 474 864 534 Missa
886 475 1051 537 vernacula

147 575 222 618 ere.

210 659 271 723 Sed
294 662 445 742 poetae¹)
473 663 562 723 nobis
591 664 719 742 desunt,
748 670 800 722 aut
820 661 956 723 nondum
980 682 1049 743 cog·

131 745 184 804 uiti
208 750 289 821 sunt,
312 747 362 825 qui
386 747 451 825 pias
474 755 505 806 et
527 747 699 825 spirituales
723 745 892 806 cantilenas
916 747 1050 825 (utPau-

128 826 173 887 lus
198 826 308 908 vocat)
332 828 421 890 nobis
445 827 679 910 concinnent2),
703 848 782 908 quae
808 828 919 908 dignae
938 834 994 888 sint
1020 831 1049 889 in

127 910 261 971 ecclesia
282 911 339 971 Dei
361 911 555 991 frequentari.
597 911 722 974 Interim
747 912 848 991 placet
868 912 951 971 illam
977 929 1046 975 can-

128 994 183 1053 tari
207 997 567 1074 postcommunionem:
602 994 676 1061 ortt
699 997 740 1074 let>
764 996 870 1074 uetabat
892 999 946 1058 aab
970 998 1047 1075 gabr:

124 1077 248 1156 arceret,
271 1080 317 1142 bet
340 1086 395 1140 uno
419 1081 502 1158 lether
525 1079 574 1155 lact
597 1079 720 1158 aripuitat
743 1084 791 1139 etc.
836 1076 958 1139 Omissa
988 1080 1047 1139 ista

125 1159 292 1240 particula:
321 1159 386 1223 aaa
420 1165 473 1224 tad
506 1161 613 1241 pantica
648 1161 858 1237 &ceronnam
882 1179 919 1223 aa
941 1163 1049 1238 ualeam

125 1245 216 1318 tettan
240 1244 323 1319 enbc,
353 1252 407 1306 aad
439 1248 486 1307 tro
521 1249 673 1325 gemunden
695 1244 823 1324 prirlters
846 1245 946 1321 cente,
971 1264 1049 1324 quae

124 1325 246 1386 adiecta
269 1331 316 1385 est
336 1326 375 1387 ab
398 1327 501 1408 aliquo
525 1326 553 1393 d.
577 1327 730 1388 Barbarae
760 1327 893 1404 cultore,
924 1330 974 1406 qui
998 1347 1047 1388 sa·
1132 1326 1135 1331 ’

128 1415 316 1469 crementum
354 1416 419 1470 tota
450 1412 513 1470 rita
541 1410 628 1491 parvi
665 1410 779 1471 ducens
810 1411 839 1468 iu
868 1418 967 1470 morte
988 1410 1049 1472 hcc

124 1510 219 1572 opero
242 1491 326 1553 bono
350 1495 484 1572 speravit
505 1494 600 1555 vitam
628 1494 694 1554 sine
716 1492 776 1553 lide
798 1491 926 1572 ingredi.
969 1493 1047 1553 Nam

124 1583 154 1634 et
182 1575 300 1635 numeri
332 1579 362 1636 el
395 1577 531 1637 musicae
553 1577 631 1636 ratio
666 1576 748 1636 illam
772 1574 957 1655 superfluam
978 1595 1046 1656 pro·

123 1656 255 1734 baum).
280 1658 405 1719 Praeter
437 1660 517 1720 hauc
539 1659 592 1720 illa
615 1659 714 1720 valet:
738 1659 786 1722 tta
811 1660 897 1720 uitta
920 1660 972 1720 mit
996 1662 1047 1720 ban

122 1742 241 1820 heiligen
266 1740 361 1818 cerm
384 1743 471 1803 item:
495 1741 552 1807 hin
573 1740 705 1805 dictetis
727 1744 754 1821 lo
777 1739 926 1820 tapetium).
970 1742 1047 1802 Nam

122 1843 187 1885 non
210 1824 322 1884 multas
345 1825 505 1905 invenias,
541 1844 620 1906 quae
653 1824 768 1905 aliquid
794 1827 895 1904 gravis
924 1826 1047 1906 spiritus

123 1907 256 1988 sapiant.
300 1907 386 1969 Haec
407 1908 488 1987 dico,
512 1915 554 1990 ut,
577 1909 602 1968 ai
626 1910 676 1988 qui
699 1914 769 1969 sunt
791 1914 903 1988 poetae
925 1907 1049 1971 Germa·

122 1991 462 2149 3i⁰iffs3³⁸limu¹⁹⁰lur
509 1998 540 2054 et
561 1991 650 2053 nobis
683 1998 829 2073 poemata
850 1992 974 2072 pietatis
997 2010 1049 2053 cu·

143 2092 181 2135 au
247 2119 254 2135 .

210 2173 299 2236 Haec
326 2173 364 2239 de
391 2175 489 2242 Missa
516 2187 548 2242 et
570 2180 794 2242 communione
827 2199 882 2262 pro
911 2187 1050 2262 tempore

124 2256 290 2319 dictasint
315 2263 400 2325 satis.
444 2263 555 2325 Cetera
578 2283 650 2325 usus
673 2270 704 2327 et
724 2284 772 2326 res
794 2264 862 2345 ipsa
884 2263 1049 2347 docebunt,

125 2341 220 2404 modo
248 2341 374 2405 verbum
398 2347 455 2407 Dei
488 2356 612 2409 strenue
643 2352 673 2408 et
704 2346 835 2408 fideliter
862 2348 892 2406 in
916 2349 1050 2410 ecclesia

122 2425 347 2504 annuncietur,
380 2449 450 2490 nam
480 2430 562 2511 quod
593 2431 672 2492 forte
699 2437 806 2511 petent
828 2430 937 2511 aliqui,
971 2431 1049 2494 haec

123 2509 229 2570 omnia
253 2507 417 2592 Scripturia
447 2519 478 2574 et
502 2514 651 2594 exemplis
675 2514 796 2575 Patrum
819 2513 963 2594 probari,
985 2535 1048 2576 uon

123 2592 251 2652 multum
277 2612 435 2657 movemur
448 2643 457 2677 ,
480 2596 562 2676 quod
586 2616 678 2678 supra
703 2596 853 2673 diximus,
875 2598 906 2656 in
929 2597 975 2657 his
999 2598 1048 2658 de·

123 2674 196 2736 bere
226 2674 397 2739 libertatem
426 2700 576 2760 regnare,
607 2686 638 2740 et
669 2699 770 2759 neque
803 2678 921 2759 legibus
949 2700 1049 2762 neque

123 2755 261 2839 imperiis
298 2758 391 2823 liceat
426 2764 632 2825 conscientias
664 2765 819 2845 captivare
849 2761 1048 2828 Christianae.

123 2840 280 2903 Unde'et
308 2843 382 2906 nihil
412 2845 451 2909 de
485 2847 532 2908 his
564 2845 656 2911 rebus
687 2847 862 2926 Scripturas
891 2845 1048 2930 definiunt,

123 2924 178 2985 sed
201 2926 307 2987 sinunt
339 2928 510 2991 libertatem
540 2931 663 3011 spiritus
686 2929 844 2992 abundare
866 2948 922 2991 suo
946 2951 1049 3013 seusu,

122 3027 178 3087 pro
203 3011 425 3073 commoditate
440 3013 589 3095 locorum,
614 3019 784 3096 temporum
798 3021 828 3073 at
839 3031 1049 3094 personarum.

124 3091 250 3153 Petrum
274 3112 348 3155 vero
371 3096 516 3177 exempla
539 3099 648 3177 partim
671 3104 742 3158 sunt
764 3097 947 3176 incognita,
970 3117 1049 3178 quae

124 3193 199 3236 vero
224 3182 393 3254 anteeant,
415 3186 477 3240 tam
500 3182 585 3241 varia
606 3188 685 3258 sunt,
707 3189 740 3241 ut
762 3179 835 3240 nihil
861 3182 1050 3248 cartiliceat

124 3259 323 3341 eonstituere‚
345 3261 500 3342 videlicet,
523 3263 605 3343 quod
628 3271 659 3325 et
679 3265 738 3345 ipsi
759 3263 901 3326 libertate
923 3284 979 3326 sua
1002 3265 1048 3324 usi

124 3425 545 3441 mm

194 3527 227 3596 1)
248 3527 339 3583 Ibid.r
358 3526 414 3584 Sed
432 3534 534 3598 poetae
552 3533 580 3585 et
599 3527 703 3585 musici.
741 3532 769 3598 2)
789 3527 874 3586 Ibidr
894 3527 1050 3587 concinant.

124 3596 157 3664 3)
178 3597 284 3654 Ibidem
313 3599 414 3657 desunt
439 3601 528 3658 verba
556 3601 621 3657 inde
639 3600 675 3657 ab
696 3601 836 3658 Omissa
854 3632 887 3641 —
907 3605 1050 3672 usquead

124 3669 343 3738 superfluam
363 3672 527 3743 probant.
567 3674 600 3743 4)
628 3674 721 3729 lbid.:¹
736 3674 788 3731 dia
811 3674 943 3732 districta
966 3676 990 3745 to
1015 3675 1051 3732 ld:

124 3740 206 3811 utta.
246 3746 277 3814 ὃ)
299 3743 386 3803 Ibin:
406 3751 582 3816 componant.

151 3844 243 3889 cuasa
259 3856 313 3899 opp.
326 3847 352 3890 v.
369 3847 396 3889 a.
411 3848 440 3889 sa
468 3849 509 3894 ror.
528 3848 578 3890 urs.
590 3847 605 3891 t.
619 3858 641 3900 ρ.
660 3847 708 3892 vor.
724 3848 767 3892 vu
905 3821 927 3887 2
