2348 4162
307 239 397 297 amieo
415 237 525 296 cuidam
543 234 741 308 praeseriptaa.
918 234 980 305 385

61 396 159 459 oratio
184 415 224 458 ex
244 394 306 459 fide
326 390 509 474 procedens,
531 404 562 461 et
574 400 675 461 statim
690 401 866 480 promptum
887 398 982 458 etve-

61 481 105 541 iut
125 481 281 562 captivum
304 496 339 538 ae
358 476 401 537 ilii
423 480 551 556 praebet
571 483 609 544 ad
633 483 823 544 voluntatem
839 481 905 545 eius
936 480 982 543 di·

60 583 146 625 eena:
185 563 265 639 Quid
287 562 332 622 vie
354 567 387 620 ut
407 560 516 625 faciam
534 567 598 647 tibi,
620 569 707 645 quasi
730 565 861 626 diaeret:
892 563 982 625 Fides

60 654 112 708 tua
133 665 184 708 ma
206 647 309 724 vineit,
331 649 403 724 pete
414 645 487 723 quid
509 650 566 712 via.
609 649 678 711 Hoc
699 648 789 710 nobis
811 645 930 724 dieitur,
952 653 984 706 et

59 730 103 810 fit,
126 737 159 790 ut
170 729 324 791 diseamus
338 746 407 788 esse
417 728 594 811 importuni,
616 733 747 812 improbi
770 738 800 791 et
815 727 928 791 assidui
951 730 982 789 in

60 813 227 893 eredendo,
248 810 383 893 peten'do
407 817 438 871 et
460 815 620 896 instando,
642 817 721 877 sieut
742 822 774 876 et
795 813 900 874 omnia
921 812 982 873 aiia

59 896 203 977 exempla
224 915 279 977 per
301 901 397 957 totum
415 895 618 980 Evangeiium
642 898 765 963 docent.
808 896 895 957 Tune
924 897 983 957 iste

59 997 171 1041 taetus
201 986 232 1040 et
262 978 420 1049 mendicus
454 982 615 1065 insigniter
649 1002 724 1063 prae
758 980 825 1042 aliis
848 979 983 1060 pingitur

58 1062 227 1143 improbus,
250 1064 393 1143 quianon
406 1061 527 1126 desistit
548 1072 673 1146 propter
695 1065 824 1126 aliorum
845 1063 982 1142 inerepa-

59 1147 188 1227 tionem,
211 1146 266 1206 aed
289 1146 400 1227 pergit,
423 1146 523 1209 donee
544 1151 697 1229 impetret,
714 1167 752 1209 ae
773 1148 798 1207 ai
821 1145 921 1207 nulius
943 1145 983 1205 ait

58 1230 153 1290 homo
170 1230 201 1289 in
224 1228 355 1308 mundo,
389 1229 446 1290 nisi
477 1232 544 1311 ipsa
566 1238 598 1293 et
620 1231 773 1311 Christus,
795 1231 838 1291 ita
860 1228 983 1290 obturat
1015 1256 1023 1265 ·

58 1331 149 1373 aures
171 1310 210 1373 ed
232 1313 367 1373 omnium
392 1331 500 1394 voees,
528 1322 559 1375 et
579 1316 610 1375 in
633 1315 728 1376 solius
752 1313 863 1375 Christi
885 1313 984 1393 gratia

58 1395 167 1457 haeret
189 1401 220 1456 et
241 1402 428 1477 perseverat.

140 1477 232 1540 Fides
263 1483 316 1539 tua
343 1479 460 1539 salvum
492 1485 523 1540 te
555 1480 635 1542 feeit.
679 1480 755 1540 Mira
785 1477 879 1559 plane
907 1497 982 1557 vox,

58 1561 141 1641 quod
164 1580 225 1623 non
248 1563 326 1643 ipre,¹
348 1561 401 1621 aed
424 1561 500 1645 fides
511 1562 591 1623 illius
613 1563 708 1624 faeiat
719 1561 899 1622 miraculum
912 1561 982 1622 tale.

58 1645 237 1705 Exinanivit
250 1642 280 1728 ¹)
311 1663 345 1705 se
366 1645 465 1724 ipsum
496 1652 526 1706 et
548 1645 758 1726 impiet'iilius
781 1643 874 1704 fidem
898 1640 982 1704 omni

57 1729 158 1809 gloria
187 1727 225 1788 de
258 1726 416 1789 miraculo.
458 1729 527 1809 lpse
555 1729 677 1809 quidem
707 1729 794 1808 sarit,
827 1733 982 1788 ettamen

60 1810 124 1871 vuit
162 1810 256 1871 videri
290 1810 403 1871 factum
438 1829 499 1872 non
523 1833 542 1873 a
563 1832 613 1894 aa,
649 1809 704 1873 aed
738 1809 847 1872 aflde.
892 1809 982 1871 Adeo

59 1901 225 1975 magnaei
247 1895 384 1974 pretiosa
408 1914 456 1954 rea
479 1899 527 1957 eat
548 1897 578 1955 in
602 1895 699 1957 oeulis
722 1895 778 1955 Dei
801 1911 873 1954 vera
894 1891 982 1955 tides.

58 1976 137 2037 Nam
160 1996 271 2038 caecus
293 1979 352 2038 ista
380 1976 497 2058 absque
530 1978 623 2041 dubio
658 1978 731 2038 nihii
754 1981 915 2055 meruerat,
939 1978 982 2036 ni·

58 2060 108 2120 hii'
125 2059 246 2121 Christo
269 2059 342 2121 boni
365 2059 489 2137 iecerat,
511 2069 543 2122 ut
564 2081 655 2143 quem
667 2082 707 2123 na
717 2061 837 2124 noverit
847 2058 982 2140 quidem,

58 2142 114 2204 aed
136 2143 198 2204 hoa
218 2150 265 2205 ast
287 2145 351 2204 eiua
373 2145 523 2221 meritum,
545 2145 628 2226 quod
639 2143 841 2226 apprehendit
852 2144 981 2224 gratiam

59 2226 188 2304 Christi,
225 2231 256 2288 et
276 2227 307 2287 in
330 2246 367 2288 ea
388 2226 454 2287 fidit
490 2228 564 2288 nihii
588 2248 714 2307 aurant,
748 2246 839 2307 quam
862 2226 981 2307 dignus,

20 2348 23 2353 -
58 2308 201 2391 indignus
224 2312 277 2390 sit,
313 2310 483 2371 sedunum
507 2315 639 2373 esteiue
662 2310 831 2389 obiectum,
865 2309 983 2370 scilieet

58 2392 212 2455 Christum
234 2411 302 2454 ease
325 2392 506 2474 benignam,
540 2395 654 2455 bonum
688 2405 720 2461 ¹et
742 2391 982 2468 misericordem,

60 2476 228 2556 aequaliter
250 2475 409 2552 omnihus,
431 2478 481 2555 qui
504 2479 547 2536 ita
569 2477 706 2538 eredunt.
750 2475 821 2536 ideo
845 2474 982 2536 Christus

60 2579 122 2622 non
146 2559 230 2640 dicit,
253 2578 348 2640 opera
371 2565 432 2638 tua,
456 2559 588 2639 dignitas
612 2568 678 2642 tua,
701 2559 845 2621 nobilitas
869 2565 920 2618 tua
942 2577 982 2617 ex

59 2643 227 2719 Abraham,
248 2642 332 2720 nihil,
357 2642 441 2723 nihil,
463 2643 518 2704 aed
540 2642 616 2705 fidea
639 2652 692 2705 tua
713 2648 744 2703 te
759 2641 878 2703 salvum
900 2641 983 2721 feeit,

59 2727 120 2788 hoe
142 2734 199 2807 est,
222 2727 295 2806 quia
315 2725 415 2787 credis
438 2746 487 2787 me
503 2745 596 2806 posse
618 2735 649 2788 et
662 2726 752 2807 velie,
774 2724 845 2785 ideo
868 2724 903 2785 tit
918 2725 982 2804 tihi,

60 2809 143 2890 quod
166 2810 275 2873 eredis.

134 2976 338 3037 Dominiaa
358 2973 633 3038 Reminiseere.
676 2974 821 3036 Matthaei
844 2974 909 3036 XV.

144 3143 184 3203 hit
204 3161 346 3223 egressus
374 3141 446 3204 inde
466 3141 551 3202 lesus
586 3141 714 3202 retersit
734 3141 764 3200 in
787 3146 889 3221 partes
910 3139 984 3221 Tyri

60 3231 91 3287 et
111 3226 245 3305 Sidonis,
269 3232 300 3287 et
323 3244 396 3287 eece
418 3225 526 3287 mulier
538 3224 734 3303 chananaea,
757 3243 776 3283 a
796 3223 907 3285 tinibus
921 3225 981 3284 iilia

60 3329 197 3389 egressa,
219 3309 365 3371 clamavit
387 3307 491 3369 dicens
514 3311 562 3369 ei:
583 3308 726 3369 Miserere
751 3309 819 3386 mei,
842 3307 983 3386 Domine,

59 3392 102 3453 flii
121 3392 236 3472 David,
258 3392 322 3454 fllia
344 3412 413 3454 mea
435 3412 453 3453 a
476 3390 640 3454 daemonio
658 3396 796 3451 vexatur.
839 3387 899 3463 Qui
921 3409 982 3449 non

60 3476 221 3557 respondit
244 3478 271 3537 ei
296 3475 430 3537 verbum.

97 3744 129 3813 1)
148 3742 180 3797 In
198 3742 241 3799 ed.
261 3743 344 3813 orig.2
363 3739 502 3797 Exinavit.

85 3850 178 3892 humeri
192 3861 243 3901 opp.
258 3852 285 3894 v.
299 3851 327 3891 A.
344 3850 372 3890 aa
385 3849 425 3888 ror.
444 3848 494 3888 mat
508 3848 523 3887 r.
537 3858 560 3896 p.
575 3845 624 3889 rot
638 3846 688 3889 v11.
862 3814 902 3877 25
