2348 4162
420 252 523 310 debeat
540 271 603 312 esse
621 254 742 312 liberum.
984 251 1045 319 441

125 442 165 485 ac
198 425 387 505 muscipulis.
430 424 510 488 Nam
543 428 574 486 in
608 426 644 485 iis
676 428 847 487 consistunt
878 424 1047 507 tyrannidis

127 507 209 568 illius
232 509 333 587 nervi,
362 528 379 569 e
401 509 509 588 quibua
533 509 683 570 delicatae
705 514 736 570 et
756 508 971 570 effoeminatos
993 508 1047 568 Pe·

124 591 272 670 pistsrum
297 591 379 653 vitae
400 593 613 673 suppeditetur
636 593 778 653 materies
801 593 949 656 luxuriae.

210 671 248 755 h)
270 674 357 736 Tune
390 677 482 736 miser
509 675 673 737 homuncio
701 675 865 755 impedies,
904 673 1048 753 quicquid

127 761 237 817 contra
260 757 373 836 Papam
397 759 596 821 tractabitur?
616 778 673 839 ¹pro
697 777 799 838 posse,
821 759 932 837 inquis,
954 760 1047 836 impe-

125 838 218 900 diam.
263 839 324 902 Sed
347 860 406 922 age
428 841 492 922 die,
525 862 563 903 en
592 840 757 920 impedies,
788 842 907 903 etiamsi
929 839 1047 922 optimo

125 928 221 1001 atque
242 923 321 985 adeo
345 924 449 986 divino
472 927 537 987 iure
554 925 663 985 fieret?
686 927 818 985 etiamne
832 926 857 985 si
880 925 908 983 in
932 924 1047 983 bonum

124 1005 276 1068 ecclesiae
300 1008 480 1069 universalis
503 1015 533 1069 et
555 1007 745 1070 Christianae
773 1007 959 1088 reipublicae
982 1026 1048 1067 ver·

123 1096 226 1169 geret,
255 1091 388 1152 etismne
411 1093 434 1150 si
457 1089 517 1168 illi,
551 1093 602 1171 qui
624 1096 772 1171 tractant,
807 1092 978 1171 superiores
1002 1089 1046 1149 tui

124 1178 245 1253 essent,
274 1179 368 1253 tuque
394 1173 455 1234 illis
476 1176 678 1235 iuramentum
706 1173 862 1235 fidelitatis
879 1173 1048 1255 praestitis-

124 1274 192 1333 ses,
218 1261 249 1316 et
276 1255 460 1336 stipendium
482 1258 645 1319 honestum
669 1276 708 1318 eo
731 1259 856 1319 nomine
879 1255 916 1317 ab
939 1256 1046 1316 iisdem

123 1339 305 1418 sosipetes?
338 1340 435 1400 Deum
458 1340 681 1420 immortalem,
715 1341 787 1400 nihil
816 1341 924 1400 horum
947 1339 1048 1418 excipi

125 1419 230 1483 audio.
273 1422 362 1484 Nunc
383 1441 465 1482 nunc
493 1443 581 1504 reges
616 1423 795 1504 intelligite,
832 1428 864 1483 et
894 1423 1049 1502 principes

125 1503 297 1584 erudimini,
321 1507 370 1585 qui
386 1504 528 1567 iudicatis
540 1512 661 1582 terram,
685 1514 714 1566 et
730 1505 936 1581 considerate,
957 1524 1048 1583 quem

123 1582 231 1647 fideles
263 1587 456 1663 consiliarios
489 1589 662 1649 huiusmodi
695 1590 863 1670 pspisticos
895 1588 1048 1648 Doctores

123 1671 302 1731 existimare
324 1670 477 1752 debeatis,
511 1692 588 1751 quos
611 1673 695 1753 Paps
722 1671 832 1732 talibus
864 1677 925 1731 tam
948 1671 1049 1750 impiis

125 1758 250 1832 temque
272 1754 466 1816 horribilibus
484 1756 660 1816 iuramentis
678 1756 707 1815 in
730 1761 862 1816 vestram
881 1754 1046 1834 perniciem

126 1835 292 1897 obstrinxit
313 1843 343 1897 et
363 1838 516 1901 instruxit.

208 1917 238 2002 i)
266 1917 294 1981 Ο
315 1921 496 2000 pestilentes
516 1922 689 2002 proditores
713 1926 744 1981 et
765 1919 954 2000 proditorum
979 1938 1049 1999 sup·

124 2000 309 2082 proditores,
332 2002 382 2063 vel
404 2005 472 2084 ipso
494 2003 572 2066 Iuda
594 2004 815 2066 sceleratiores.
847 2003 925 2063 Nam
949 2002 1047 2081 qualis

123 2084 177 2146 ille
199 2105 319 2166 cunque
347 2086 419 2165 fuit,
456 2087 606 2148 Christum
638 2094 740 2147 tamen
762 2087 864 2167 palam
888 2093 919 2146 et
942 2093 1047 2164 aperte

123 2167 268 2248 prodidit,
291 2189 347 2230 vos
371 2171 577 2232 occultissime
599 2170 727 2251 proditis
755 2177 786 2230 et
818 2171 965 2230 altissime
988 2167 1047 2228 dis-

124 2251 289 2332 simulatis,
320 2252 373 2313 ille
395 2255 586 2333 poenitentia
608 2254 715 2314 ductus
737 2253 916 2333 pecuniam,
946 2249 1047 2331 prodi·

123 2335 217 2395 tionis
239 2335 423 2413 mercedem,
446 2339 546 2397 statim
569 2336 672 2397 retulit
694 2342 724 2396 et
745 2337 775 2395 in
794 2335 940 2415 templum
966 2332 1047 2393 abie-

124 2417 176 2493 cit,
198 2436 255 2477 vos
278 2419 366 2496 qussi
388 2438 421 2478 re
443 2420 521 2499 benc
543 2426 630 2498 gesta
659 2419 746 2478 vobis
769 2419 827 2497 ipsi
850 2416 992 2497 plauditis
1016 2421 1047 2475 et

123 2499 309 2642 proditionis
322 2508 442 2563 vestrae
455 2502 622 2578 mercedes,
641 2501 805 2581 dignitates
818 2499 945 2580 seilicet,
960 2517 1046 2579 prae·

145 2583 241 2644 endas
266 2590 297 2644 et
317 2583 507 2665 praelaturas
535 2585 689 2645 mordicus
712 2584 862 2661 retinetis,
897 2588 927 2641 et
948 2583 978 2640 in
1002 2582 1045 2640 eia

125 2665 299 2746 gloriamini
322 2673 352 2728 et
375 2667 569 2746 deliciamini,
593 2668 687 2747 digni,
710 2668 760 2745 qui
784 2667 874 2725 etiem
898 2665 975 2724 siout
996 2662 1046 2725 lu·

124 2747 179 2808 des
202 2748 441 2829 suspendamini.

207 2829 246 2913 lr)
270 2832 373 2894 Tertio
395 2839 486 2894 cavet
506 2835 568 2893 suis
593 2832 720 2894 occultis
747 2838 776 2892 et
797 2830 952 2891 insidiosis
975 2847 1046 2889 con-

124 2913 210 2977 siliis.
253 2913 431 2978 Notandum
454 2924 572 2993 eutem,
595 2918 620 2976 si
643 2917 759 2977 Doctor
780 2915 947 2996 papisticus
968 2913 1045 2972 iure-

122 3002 259 3057 meutnm
282 2996 436 3059 fidelitatis
464 3000 649 3079 praestiterit
680 2999 808 3077 principi
843 2995 961 3057 cuidam
996 2994 1046 3055 vel

122 3078 320 3158 reipublicae,
343 3082 393 3160 qui
417 3082 529 3161 aliquid
552 3082 686 3142 habeant
707 3090 813 3140 contre
825 3082 950 3158 Papam,
973 3085 1046 3138 tuno

123 3169 177 3222 aut
197 3163 309 3242 prodet
331 3163 486 3225 dominum
510 3185 615 3245 suurn,
650 3169 703 3224 eut
723 3162 850 3224 violabit
878 3162 939 3222 hoc
967 3163 1044 3220 iura-

122 3240 270 3307 mentum.
315 3246 413 3322 Quele
441 3248 533 3326 igitur
555 3254 723 3308 monstrum
746 3253 792 3307 est
815 3246 932 3305 Doctor
956 3245 1045 3324 Papi·

121 3328 232 3408 sticns,
255 3330 306 3408 qui
328 3348 387 3390 nec
408 3329 507 3391 tidelis
530 3350 599 3392 esse
620 3337 723 3410 potest
745 3331 810 3389 sine
832 3327 965 3407 scelere,
988 3343 1046 3386 nec

120 3411 168 3470 vir
190 3409 291 3472 bonne
313 3414 378 3472 sine
401 3414 556 3494 periurio?

207 3494 231 3568 l)
254 3492 370 3568 Quarto
392 3497 585 3577 tyrannidem
609 3515 695 3556 suam
718 3496 836 3555 munire
858 3500 889 3553 et
910 3490 1045 3552 stabilire

121 3575 243 3656 nititur,
264 3595 323 3657 pro
346 3596 407 3658 qua
430 3578 641 3640 conservanda
663 3597 724 3638 non
748 3578 851 3656 aliter,
874 3594 964 3656 qnam
987 3592 1044 3655 pro

120 3658 183 3718 aris
204 3665 297 3738 etque
317 3660 395 3721 focis
418 3661 552 3741 dimicat,
576 3669 606 3723 et
628 3661 730 3721 divina
748 3662 861 3741 periter
878 3665 970 3737 etque
992 3655 1045 3717 hu·'

121 3760 215 3802 mana
256 3744 360 3805 omnis
396 3747 591 3824 commiscet,
630 3744 787 3805 confundit
820 3761 857 3805 ec
889 3741 1044 3823 pervertit.
