2348 4162
63 1017 205 1147 Breve
246 1048 447 1146 Glemeut'
412 1055 486 1146 t1s
507 978 654 1170 Papae
681 1049 765 1144 VH
809 1049 864 1144 ad
893 1049 985 1146 Fri·
1080 1076 1082 1082 ’

135 1163 393 1264 enisum
423 1164 579 1262 Ducem
609 1163 834 1320 Senoniae

287 1372 292 1384 '
377 1444 380 1451 ,
466 1369 574 1443 1523

424 1581 633 1592 m·-

273 1739 461 1835 Glemens
486 1738 609 1859 Papa
629 1737 776 1856 1111).

143 1954 265 2016 Dilecte
286 1955 352 2036 Fili,
375 1955 504 2015 salutem
533 1963 563 2015 et
585 1957 799 2037 Apostolicam
822 1955 985 2017 benedicti-

60 2056 167 2099 onem.
209 2037 315 2116 Nuper
336 2002 494 2098 Nobilitati
519 2046 606 2118 tuae,
644 2048 683 2099 ut
698 2038 914 2116 audiebamus,
947 2041 986 2101 ad

59 2120 353 2202 Norimbergensem
376 2121 570 2182 Conventum
594 2123 642 2182 vel
664 2122 820 2204 profectae
843 2122 893 2183 vel
915 2141 987 2202 pro·

59 2203 209 2285 lecturas,
232 2205 425 2286 scripsimus,
454 2224 526 2285 nos,
551 2206 601 2285 qui
624 2213 696 2266 tunc
716 2205 860 2266 dilectum
878 2205 987 2266 Filium

61 2287 284 2368 Hieronymum
306 2287 485 2364 Rorarium,
517 2289 695 2350 familiarem
724 2295 755 2350 et
777 2289 985 2350 camerarium
1018 2340 1022 2346 .
1053 2301 1055 2305 ’

59 2378 212 2450 nostrum,
232 2371 305 2432 illuc
317 2370 521 2452 mittebamus,
544 2371 723 2469 propediem
736 2372 887 2433 Nuncium
900 2372 986 2452 Apo-

59 2454 205 2515 stolicum
229 2455 375 2516 missuros
397 2474 477 2534 esse,
502 2456 561 2534 qui,
584 2457 610 2514 si
618 2454 703 2551 ,qnid
726 2455 764 2515 ad
780 2451 892 2517 Sedem
905 2457 987 2552 Apo·

59 2538 204 2598 stolicam
227 2545 389 2619 spectaret,
412 2544 518 2600 nostro
541 2538 666 2599 nomine
688 2545 811 2619 praesto
837 2546 933 2616 esset,
955 2538 985 2598 iu
1098 2612 1101 2617 Ι

60 2621 223 2718 omuibus,
257 2639 336 2701 quae
358 2622 537 2701 provinciae
565 2621 650 2682 istius
674 2621 922 2700 tranquillitatem
957 2630 987 2682 et

60 2705 234 2765 animarum
257 2705 386 2766 salutem
410 2705 608 2801 respicerent,
630 2705 840 2786 procurandis.

145 2787 259 2850 Postea
285 2806 343 2849 nos
365 2805 421 2867 pro
443 2788 560 2849 maiore
588 2789 674 2848 istius
692 2780 781 2849 nobis
801 2807 922 2868 semper
944 2786 986 2848 di·
1046 2821 1048 2825 ,

60 2858 163 2933 lectae
186 2870 319 2932 nationis
342 2869 454 2931 decore
475 2869 620 2932 dilectum
632 2871 740 2933 Filium
764 2879 900 2932 nostrum
916 2872 986 2948 Gar·
1026 2908 1028 2913 -

15 2954 19 2959 ⁴
60 2953 197 3015 diuslem
219 2951 438 3037 Campegium,
467 2956 562 3015 virum
586 2974 704 3015 summa
727 2955 887 3049 prudentie
909 2957 986 3035 peri·
1060 2958 1062 2962 ’

60 3056 122 3118 que
145 3038 285 3099 doctrina
305 3001 492 3118 praeditdm,
530 3057 589 3098 nec
610 3039 708 3098 miuus
736 3035 787 3099 isti
809 3039 987 3119 provinciae

60 3118 183 3182 notum
193 3130 238 3199 et,
267 3129 299 3180 ut
321 3135 494 3202 speramus,
523 3141 644 3200 carum,
667 3119 847 3183 mittendum
870 3123 987 3182 censui·

59 3223 146 3283 mus,
176 3206 228 3284 qui
250 3204 424 3266 Nobilitstis
452 3211 523 3265 tuae
546 3212 577 3265 et
598 3205 727 3266 aliorum
750 3205 926 3266 dilectorum
950 3223 987 3264 ec
1106 3268 1108 3272 Α

58 3286 236 3385 Principum
250 3306 355 3385 opera,
367 3288 472 3350 favore
485 3296 577 3368 alque
599 3292 763 3351 autoritate
782 3308 819 3349 ee
839 3287 986 3369 perficiat,
1030 3293 1032 3298 '

62 3390 144 3451 quae
165 3372 196 3431 iu
220 3372 395 3431 uuiversum
408 3371 554 3432 salutaria
572 3377 664 3451 atque
688 3373 772 3432 utilia
784 3370 985 3454 apparebunt.

145 3453 244 3530 Quem
276 3453 347 3515 dum
370 3453 550 3536 expedimus
580 3463 611 3517 et
643 3475 661 3516 a
689 3455 788 3518 nobis
800 3455 987 3539 dimittimus,

132 3635 165 3701 *)
184 3635 289 3692 Textus
313 3635 446 3707 repetitus
476 3643 519 3694 est
550 3638 668 3695 exedit.
686 3640 756 3710 Opp.
775 3637 854 3697 Loth.
881 3638 976 3695 lenens

58 3708 126 3764 anni
149 3709 223 3776 1557,
243 3711 278 3779 ΙΙ,
298 3709 359 3766 603
1049 3710 1060 3729 ⁶
