2348 4162
65 3864 87 3916 b

190 232 254 299 286
431 230 866 289 &mommolo

191 422 351 483 negamur,
372 406 498 485 reperiri
520 404 615 465 ultum
637 404 750 481 locum,
773 403 826 482 qui
846 412 944 463 totum
966 399 1117 463 tribueret

190 486 319 549 homini.
360 486 518 569 Negamus
530 506 654 568 quoque
667 486 793 546 Paulum
814 484 873 546 eibi
894 504 1048 567 pugnare,
1063 482 1115 544 ubi

192 569 280 631 dicit:
322 568 355 631 Si
376 574 445 651 quia
478 590 548 632 aeae
569 568 780 632 emundaverit
800 568 840 629 ab
861 570 944 649 istie,
964 567 1021 629 aed
1043 567 1118 628 dici-

193 672 275 733 mua,
305 662 369 713 mm
401 656 604 736 pugnantiam
625 656 657 713 in
678 652 775 714 Paulo
796 648 1005 733 flugi,'quam
1025 652 1116 711 iuter·

190 738 412 819 pretationem,
433 756 525 818 quam
546 737 599 798 illa
619 744 819 817 extorqueat,
841 736 1025 817 excogitari,
1045 753 1117 795 neu·

192 830 269 880 tram
291 840 365 881 vero
393 824 568 885 monstrari.
610 821 681 882 Hoc
701 818 824 899 quidem
845 819 993 901 fatemur,
1021 816 1116 881 aiae·

192 903 291 983 quelia
321 914 353 964 et
385 904 602 966 additamentis
635 902 780 964 diatribea
803 900 977 984 Scriptum
1001 920 1117 982 augere

191 986 276 1067 licet,
296 996 328 1048 ut
350 986 497 1049 diceudo:
518 988 642 1049 Pruatra
662 987 902 1068 praecipiuntur,
922 988 950 1047 ei
970 1002 1115 1065 nonpoe

193 1089 311 1151 eumue,
332 1089 412 1151 quae
432 1073 671 1153 praecipiuntur,
693 1080 758 1131 tum
779 1089 852 1130 vere
872 1076 993 1152 pugnat
1003 1068 1116 1129 Paulus

191 1154 250 1215 eibi
271 1154 330 1233 ipsi
352 1162 383 1214 et
404 1162 469 1215 tuta
490 1154 663 1236 Scriptura,
690 1154 764 1234 quia
789 1160 853 1214 tum
876 1153 1036 1235 Scriptura
1055 1150 1116 1211 alia

194 1245 252 1315 eat,
275 1256 367 1316 cruam
390 1238 464 1317 tuit,
483 1249 547 1299 tum
569 1240 663 1299 etiam
685 1237 798 1318 probat
808 1236 936 1297 liberum
957 1235 1115 1297 arbitrium

193 1322 299 1381 omnia
318 1339 429 1400 posse,
460 1321 533 1401 quid
555 1324 662 1382 mirum
685 1339 777 1400 vero,
806 1322 833 1380 ai
867 1332 932 1381 tum
953 1326 1072 1401 pugnet
1084 1314 1114 1401 ¹)

193 1422 327 1483 quoque,
348 1405 517 1483 quodalibi
540 1405 624 1485 dicit,
645 1406 751 1466 omnia
759 1404 861 1465 Deum
882 1403 984 1465 sotum
1005 1403 1115 1467 facere.

192 1490 235 1549 At
264 1506 303 1547 ea
326 1485 483 1568 Scriptura
509 1490 555 1549 eic
589 1498 682 1549 aucta
707 1506 771 1549 nou
805 1486 899 1548 modo
920 1486 1031 1563 uobis,
1061 1483 1114 1545 aed

193 1572 365 1714 ξξξιξξ
384 1569 1115 1737 ttttttttttitt‘ttzf‘ffltt':

192 1739 324 1819 primum
357 1748 388 1798 et
407 1738 505 1819 dicat,
540 1738 699 1818 quomodo
720 1757 790 1798 cum
813 1736 909 1798 Paulo
931 1736 1116 1798 conveniant

124 1862 128 1869 ·
192 1822 253 1883 iata
274 1820 351 1881 duo:
373 1820 514 1883 Liberum
537 1822 694 1883 arbitrium
716 1821 791 1881 uihit
812 1820 886 1881 boni
901 1820 982 1881 velle
1004 1822 1115 1901 potest,

193 1910 240 1965 et:
273 1903 305 1964 Si
337 1906 406 1983 quie
438 1925 508 1966 aeae
541 1904 770 1985 emundaverit,
805 1923 881 1984 ergo
913 1912 1018 1984 poteat
1049 1920 1115 1963 aeae

182 1986 379 2066 emundare,
414 1996 467 2049 aut
498 1989 611 2049 frustra
631 1989 749 2052 dicitur·
793 1988 888 2048 Videe
908 1989 1003 2068 igitur
1018 1984 1115 2047 diatri-

193 2070 252 2131 beu
276 2078 419 2132 vexatam
441 2080 474 2133 et
493 2074 606 2133 victam
628 2091 708 2150 ecee,
728 2069 928 2132 similitudine
947 2070 1003 2131 illa
1022 2067 1115 2151 figuti,

194 2162 312 2215 tautum
334 2153 395 2215 boc
416 2175 525 2237 agere,
558 2163 593 2217 ut
612 2155 695 2217 iliam
727 2154 847 2235 eludat,
883 2153 958 2214 nihil
997 2151 1114 2215 interim

196 2239 347 2318 cogitans,
369 2246 515 2318 quamam
538 2258 651 2300 caueae
659 2246 822 2319 susceptae
834 2244 945 2299 noceat
966 2238 1113 2315 interpre

196 2324 284 2401 tatio,
305 2340 461 2401 quamque
481 2342 516 2383 ae
537 2324 636 2403 ipsam
659 2323 798 2383 confutet
819 2326 851 2383 et
871 2320 1010 2391 irrideat,

279 2404 345 2465 Noe
367 2424 456 2485 vero,
489 2413 522 2467 ut
543 2407 690 2486 diximus,
714 2424 871 2485 nunquam
892 2402 1116 2485 interpretatio

197 2506 267 2548 nem
290 2486 518 2571 affectavimus,
556 2509 616 2551 nec
635 2509 742 2550 eumeu
762 2491 807 2549 ita
827 2488 937 2548 locuti:
976 2483 1116 2549 Extende

197 2590 336 2650 manum,
367 2573 398 2634 id
421 2582 483 2651 eet,
505 2574 604 2654 gratia
625 2573 780 2635 extendet.
823 2571 910 2633 Haec
930 2572 1038 2632 omnia
1059 2569 1116 2630 dia·

197 2654 274 2715 tribe
295 2654 384 2736 fingit
407 2656 446 2717 de
467 2658 573 2735 uobis,
605 2658 636 2717 in
669 2654 866 2719 commodum
899 2673 1016 2716 caueae
1036 2670 1116 2715 auae

197 2736 257 2799 sed
291 2740 337 2799 sic
366 2740 515 2819 diximus,
546 2759 609 2801 uon
642 2760 711 2801 ease
743 2738 942 2821 pugnantiam
976 2740 1009 2799 iu
1032 2736 1116 2799 dicb‘t

197 2819 382 2901 scripturae,
405 2843 463 2885 nec
485 2843 564 2904 opus
586 2843 655 2885 caue
676 2823 939 2904 interpretatione,
960 2840 1044 2901 quae
1066 2838 1115 2883 uo·

197 2904 270 2964 dum
292 2905 435 2986 explicet.
478 2906 539 2969 Sed
560 2908 620 2987 ipsi
642 2906 730 2969 liberi
752 2906 868 2968 arbitrii
879 2912 1054 2968 assertores
1068 2922 1117 2965 uo·

198 2987 255 3049 dou
276 2989 306 3048 in
329 2991 429 3071 scirpo
451 2999 603 3070 quaerunt
618 2996 648 3052 et
669 2991 853 3072 pugnantiae
874 2988 933 3050 eibi
954 2989 1117 3050 somniant.

197 3070 339 3153 Exempli
378 3075 477 3153 gratia
508 3073 561 3135 ilia
593 3074 669 3137 nihil
702 3081 856 3156 pugnant:
889 3071 921 3134 Si
955 3074 1024 3152 quie
1054 3086 1116 3133 aeae

197 3156 420 3238 emundaverit,
442 3165 490 3221 et:
518 3158 601 3219 Deus
624 3168 768 3240 operatur
790 3157 894 3219 omnia
914 3157 945 3216 in
969 3155 1117 3217 omuibut

197 3236 266 3298 Nec
286 3246 334 3299 eet
355 3259 483 3301 necesse
505 3261 560 3321 pro
584 3243 668 3304 nodo
691 3241 877 3324 explicando
899 3240 1015 3301 dicere:
1061 3236 1116 3299 Ali·

198 3320 270 3401 quid
294 3323 386 3404 Deus,
409 3324 525 3404 aliquid
547 3325 641 3388 homo
664 3328 744 3407 agit,
767 3326 840 3406 quia
859 3325 944 3405 prior
966 3322 1056 3384 loona
1075 3322 1116 3381 eat

197 3407 394 3468 coniunctiva
428 3409 544 3487 oratio,
577 3429 656 3491 quae
678 3409 752 3471 nihil
789 3411 892 3490 operio
927 3412 983 3469 aut
1004 3402 1116 3467 virtuti·

198 3488 330 3551 affirmat
351 3498 404 3552 aut
422 3499 515 3572 negat
535 3494 566 3554 in
588 3494 723 3574 homine,
746 3493 801 3554 ecd
823 3490 1022 3573 praescribit,
1050 3482 1115 3568 quid

271 3768 302 3835 1)
324 3766 355 3819 In
373 3764 418 3821 ed.
438 3766 508 3822 tem:
525 3768 641 3833 pugnat.
