2348 4162
211 224 254 298 80
387 282 390 288 .
515 229 655 291 Praefatio
672 229 708 292 D.
725 226 766 293 ti.
783 226 815 291 Ia

211 385 337 448 Praeter
359 384 420 447 hoc
440 386 533 449 etiam
556 387 647 449 tradit
667 389 817 451 rationem
839 388 1007 470 plantandi,
1029 383 1132 449 aediti·

211 469 301 530 candi
325 475 355 529 et
378 468 537 552 militandi,
560 473 634 532 item
657 473 861 534 oeconomica
882 473 943 553 illa,
972 470 1130 551 quomodo

211 551 366 613 educandi
395 552 492 633 liberi,
530 555 667 636 regenda
698 556 812 616 familia
840 562 871 617 et
897 574 946 615 rea
976 553 1131 615 familiaris

210 635 458 697 administranda
480 639 529 716 sit,
552 638 622 699 item
645 639 784 720 politica,
805 637 955 700 rationem
978 636 1132 699 vendendi

210 717 410 797 etemendi,
448 723 683 802 oppignorandi,
717 728 749 782 et
780 720 953 783 redimendi
983 720 1132 802 pignoris.

102 861 105 866 .
211 802 299 862 Adeo
333 808 365 862 ut
408 814 548 863 exactam
581 804 734 884 quandam
777 805 907 865 formant
939 802 1134 884 praescribat

136 913 139 918 ·
210 886 345 946 omnium
368 884 500 962 illorum,
523 904 650 965 quorum
667 906 738 947 usus
761 895 807 948 est
840 895 903 947 tum
918 885 956 946 ad
974 887 1132 966 politicam

210 974 273 1028 tum
298 968 336 1027 ad
359 968 548 1058 spirituatem
576 970 669 1029 vitam
698 976 782 1031 recte
815 969 976 1050 agendam.
1030 968 1133 1032 Tanta

210 1057 311 1111 autem
335 1047 564 1131 diligentiaista
584 1057 705 1131 tractat,
728 1060 760 1112 ut
783 1055 877 1113 muita
892 1052 983 1112 stulta
1007 1059 1038 1112 et
1047 1071 1132 1112 vana

208 1133 316 1195 lectori
340 1133 510 1197 videantur.
546 1134 639 1195 (iuius
661 1137 704 1196 rei
726 1136 750 1195 si
774 1137 841 1215 quis
863 1136 1015 1197 rationem
1038 1153 1131 1215 quae·

208 1224 265 1295 rat,
289 1215 331 1275 ilii
355 1218 461 1297 paucis
483 1219 528 1278 sio
549 1218 734 1303 respondeo.

292 1300 465 1379 Acceperat
491 1301 552 1361 iarn
581 1302 666 1362 Deus
694 1301 776 1361 hunc
805 1300 951 1381 populum
981 1301 1012 1360 iu
1041 1298 1128 1361 suam

209 1381 337 1442 tutelam
362 1389 393 1442 et
414 1401 528 1461 curam,
551 1388 582 1444 et
599 1385 782 1465 promiserat
804 1383 884 1443 huno
906 1383 1053 1465 populum
1071 1383 1131 1444 Dei

152 1536 155 1541 Δ
190 1464 365 1546 populum,
389 1485 423 1526 se
444 1473 546 1526 autem
568 1466 655 1527 huius
678 1467 785 1548 popuii
818 1468 917 1527 Deum
946 1467 1022 1532 fore.
1076 1463 1131 1527 Sic

206 1549 298 1627 igitur
319 1549 422 1608 omnia
443 1549 582 1627 instituit,
604 1557 636 1609 ut
658 1558 774 1612 certum
802 1548 930 1610 verbum
971 1544 1129 1628 habereut,

106 1648 109 1653 ’
207 1630 305 1691 Deum
329 1632 433 1691 omnia
454 1632 589 1712 ipsorum
622 1651 719 1713 opera
745 1632 885 1712 probare.
945 1631 1015 1692 Non
1047 1632 1128 1691 enirn

168 1712 185 1720 ”
207 1711 293 1776 Deris
320 1714 373 1774 itta
395 1733 489 1794 opera
511 1715 630 1795 probat,
654 1735 733 1794 quae
755 1715 821 1775 sine
843 1721 928 1776 certo
951 1733 1006 1775 suo
1030 1713 1126 1774 verbo

206 1803 240 1863 ,et
275 1797 420 1857 mandato
443 1816 463 1856 a
484 1797 571 1858 nobis
593 1797 678 1859 fiunt.
699 1823 702 1827 ·
721 1799 799 1859 Nam
822 1799 903 1877 ir54.
928 1804 959 1858 et
982 1799 1028 1861 13:
1047 1792 1132 1858 Deu·'

207 1881 372 1941 teronomii
396 1881 564 1960 capiterio
587 1882 700 1959 iuquit:
752 1881 816 1941 Vos
839 1880 912 1940 nihii
944 1896 1045 1959 neque
1075 1878 1129 1940 ad·

207 1962 285 2022 detis
312 1958 412 2043 neque
444 1961 610 2032 detrahetis
643 1963 704 2044 legi
729 1982 824 2043 meae,
849 1964 926 2024 etin
950 1965 999 2027 12.
1022 1969 1130 2024 monet

207 2064 271 2126 eos,
286 2064 325 2105 ne
336 2045 458 2124 iaciant,
472 2063 551 2124 quae
571 2047 645 2127 ipsis
669 2053 752 2107 recta
764 2045 913 2107 videntur.
927 2044 1024 2106 David
1039 2064 1129 2124 prae·

205 2135 291 2189 terea
312 2130 342 2187 in
365 2127 455 2208 Psal,
478 2131 550 2188 item
575 2128 744 2211 prophetae
772 2148 880 2191 omnes
909 2129 947 2190 de
976 2129 1034 2188 hoo
1066 2148 1130 2189 una

119 2273 122 2278 ,
212 2231 247 2272 re
274 2219 450 2291 queruntur,
480 2211 563 2291 quod
586 2211 717 2293 populus
730 2219 764 2273 se
776 2212 887 2272 talibus
900 2209 1044 2291 operibus
1057 2211 1127 2274 Deo

207 2294 425 2357 commendare
449 2294 580 2372 studeat,
607 2313 687 2373 quae
718 2295 776 2375 ipsi
789 2295 1028 2376 excogitassent,
1062 2313 1128 2356 nou

206 2397 286 2457 quae
321 2377 377 2438 Dei
400 2377 525 2461 verbum
541 2378 798 2459 praescripsisset.
820 2375 931 2458 Neque
944 2373 1024 2439 eninr
1048 2377 1128 2440 ferre

206 2459 267 2522 hoc
288 2461 370 2521 Deus
393 2467 507 2541 potest,
531 2468 563 2520 ut
574 2459 739 2541 quidquam
750 2460 953 2543 instituamus,
968 2466 1129 2541 quantum·

207 2545 252 2603 vis
265 2544 378 2605 bonum
390 2544 421 2604 in
436 2545 582 2626 speciem,
595 2543 678 2623 qnod
692 2543 759 2624 ipse
772 2563 834 2605 non
845 2543 1127 2606 antemandaverit.

205 2626 284 2688 Nam
308 2646 403 2708 opera
426 2627 609 2707 nihiiaeque
621 2626 817 2689 commendat
829 2632 921 2708 atque
939 2626 1127 2707 obedientia,

207 2728 285 2789 quae
313 2712 438 2770 verbum
459 2708 518 2771 Dei
540 2711 686 2790 sequitur.

289 2791 368 2869 Quia
390 2812 464 2872 ergo
497 2792 574 2853 haec
596 2795 659 2853 vita
685 2793 752 2853 sine
781 2793 915 2853 externis
943 2792 1126 2853 ceremoniis

206 2877 331 2956 transigi
354 2893 416 2936 non
446 2883 558 2956 potest,
585 2875 656 2936 ideo
682 2881 747 2935 tam
777 2875 889 2936 multos
925 2882 1025 2936 certos
1049 2876 1126 2937 ritus

205 2961 363 3040 constituit
395 2964 426 3017 et
448 2958 604 3019 mandavit
629 2959 721 3038 Deus,
745 2968 777 3019 ut
799 2960 825 3020 si
860 2959 984 3018 omnino
1008 2956 1125 3019 velient

203 3042 386 3103 ceremoniis
408 3041 508 3101 Deum
532 3040 644 3120 colere,
677 3060 740 3103 non
764 3060 861 3103 novas
894 3041 1013 3121 aliquas
1031 3059 1125 3103 exco-

203 3127 347 3206 gitarent,
358 3124 413 3184 sed
434 3125 472 3184 iis
487 3130 652 3205 uterentur,
674 3143 751 3204 quas
766 3125 1015 3205 praescripsisset
1029 3123 1125 3207 Deus,

130 3245 133 3249 -
205 3215 237 3268 ut
260 3209 333 3268 certi
358 3214 472 3284 essent,
494 3227 528 3268 se
550 3208 655 3269 ornnia
678 3227 719 3268 ex
741 3209 931 3288 praescripto
954 3206 1060 3268 divino
1083 3206 1125 3268 ia-

203 3309 283 3354 cere.
327 3292 496 3371 Diligenter
518 3291 610 3374 igitnr
636 3290 675 3351 ab
699 3292 782 3352 omni
802 3296 888 3371 parte
914 3297 1035 3350 cautum
1057 3289 1126 3370 fuit,

202 3395 243 3437 ne
265 3374 314 3435 vel
337 3376 486 3435 rationem
510 3393 595 3434 suam
629 3373 678 3434 vel
700 3374 826 3433 liberum
849 3373 1005 3434 arbitrium
1017 3374 1048 3432 in
1073 3372 1125 3434 de·

204 3458 338 3539 ligendis
360 3457 449 3518 bonis
472 3454 616 3538 operibus
641 3464 702 3531 ,aut
731 3457 884 3517 sanctiore
913 3456 974 3516 vita
1005 3457 1125 3516 institn-

201 3540 284 3601 enda
305 3548 514 3621 sequerentur,
538 3559 640 3600 rursus
661 3540 736 3602 satis
771 3557 894 3620 quoque
917 3557 1044 3619 operum
1080 3540 1154 3606 eis,-

202 3626 422 3705 praesoriptnm
446 3623 510 3700 tuit,
544 3629 575 3683 et
595 3623 651 3683 suit
678 3624 861 3683 constitutus
895 3628 996 3682 certus
1024 3623 1125 3701 locus,

204 3715 289 3769 certa
311 3726 415 3788 opera,
452 3713 554 3767 certae
589 3724 753 3786 personae,
791 3711 823 3767 et
849 3703 959 3766 modus
997 3723 1125 3786 quoque
