2348 4162
392 234 634 312 ΗΜ)
917 237 979 308 ml

59 432 113 476 ore
146 382 357 477 honorideetis
390 411 490 479 Deum
520 421 552 475 et
582 418 699 511 petrem
727 412 852 475 Domini
884 371 980 474 nostri

57 497 127 558 lesu
156 496 277 559 Christi
326 493 406 558 Nam
437 503 471 558 u't
492 498 667 576 coniugium
695 497 735 557 sit
755 496 836 575 apud
856 513 979 558 cosso

32 634 35 639 ,
57 579 152 643 modo
176 580 315 656 liberum,
337 586 371 638 ιι
391 579 473 660 apud
487 600 553 662 nos,
576 598 638 640 non
661 580 733 640 sinit
755 597 860 641 eorum
883 585 979 641 stutcs

56 669 89 726 ct
110 663 257 725 codditio.
290 660 415 723 Interim
439 666 512 726 satis
535 670 592 739 est,
615 662 696 741 quod
720 661 843 724 cuilibet
864 662 978 723 licitum

58 753 89 809 et
118 746 192 807 nulli
224 752 385 825 peccatum
418 764 488 806 esse
518 746 646 808 docetur
681 752 711 804 et
735 743 868 806 creditur
893 744 980 806 salva

59 830 298 907 uniuscuiusque
326 827 388 893 dds
411 837 441 888 et
459 829 661 893 couscientia.
713 827 934 889 Commendo
926 829 981 908 rgi-

57 913 158 974 turin
181 911 318 973 Domino
341 911 482 974 omnibus
510 915 567 993 piis
590 918 622 974 et
642 911 724 974 hano
754 911 980 973 confessionem

56 995 193 1071 fratrum,
215 995 245 1055 iu
269 1014 330 1073 qua
350 993 498 1058 videbunt
520 996 617 1074 clere,
639 1002 755 1073 quanta
775 995 885 1055 iniuria
905 994 980 1055 hac·

58 1084 146 1140 tenus
170 1098 190 1138 n
212 1078 341 1158 Papistis
364 1078 476 1141 luerint
497 1078 633 1141 damnati
655 1084 685 1139 et
706 1078 821 1143 vexati.

56 1304 116 1402 24)
148 1326 353 1390 Praelatio
380 1324 418 1388 D.
439 1325 479 1385 ll.
500 1324 659 1387 Lutheri
687 1328 725 1386 in
752 1325 982 1389 Harmoniae

275 1408 314 1471 de
336 1408 532 1489 passione
556 1409 759 1482 Christi.*)

142 1573 278 1637 Salutem
307 1576 340 1637 in
361 1573 494 1647 Christo.
549 1573 670 1634 Vellem
704 1581 787 1635 certe
817 1574 982 1636 exanimo

59 1658 217 1721 laudatum
248 1665 280 1719 et
308 1657 449 1719 omnibus
482 1656 730 1721 commendatum
766 1676 836 1719 esse
868 1657 982 1722 donum

57 1741 131 1803 illud
161 1741 296 1802 divinum
332 1746 364 1802 et
391 1739 681 1801 excellentissimum
710 1742 869 1808 musicam.
922 1738 983 1801 Sed

59 1827 106 1886 ἰιι
127 1821 490 1886 obruormultitudineet
512 1823 721 1904 magnitudine
742 1825 860 1885 virtutis
883 1829 913 1885 et
930 1823 982 1885 bo·

59 1908 164 1971 nitatis
186 1908 271 1983 eius,
295 1915 327 1967 ut
349 1925 449 1985 neque
470 1907 607 1987 initium,
629 1926 730 1986 neque
752 1906 863 1983 linem,
884 1915 986 1985 neque

61 1990 187 2052 modum
200 1991 347 2052 orationis
361 1990 498 2050 iuvenire
511 2008 620 2068 queam
645 1996 676 2050 et
695 1991 842 2070 cogarin
857 1994 985 2050 summa

62 2075 155 2154 copia
179 2071 301 2134 laudum
325 2073 443 2133 ieiunus
466 2079 496 2132 et
516 2074 605 2153 inops
630 2092 699 2135 esse
723 2072 874 2137 laudator.
909 2071 985 2149 Quis

59 2158 141 2218 enim
173 2158 277 2218 omnia
306 2155 549 2235 complectatur?
592 2158 695 2236 Atque
724 2158 748 2216 si
782 2157 860 2218 velis
883 2156 986 2218 omnia

61 2239 243 2319 complenti,
276 2236 350 2301 nihil
385 2239 566 2319 complexus
596 2240 728 2303 videare.
781 2240 932 2316 Primum3
960 2238 985 2299 si

61 2342 124 2383 rem
148 2323 245 2402 ipsam
269 2328 399 2402 spectes,
422 2323 560 2382 invenies
585 2324 815 2383 musiccmesse
836 2321 875 2384 ab
898 2322 985 2383 initio

61 2404 166 2466 mundi
187 2404 316 2465 inditam
338 2423 392 2464 seu
415 2411 626 2465 consecratam
651 2404 796 2465 creaturis
824 2405 985 2484 universis,

62 2485 192 2568 singulis
215 2494 247 2564 ι
267 2484 419 2547 omuibus.
455 2485 537 2547 Nihil
560 2489 640 2548 enim
664 2495 712 2549 est
743 2489 808 2548 sine
831 2506 909 2548 sono
932 2504 987 2547 seu

62 2589 191 2633 numero
213 2588 348 2648 sonoro,
371 2570 414 2629 ite
435 2575 467 2628 ut
491 2573 598 2632 etatis
624 2571 692 2651 ipse
715 2590 769 2651 per
792 2589 861 2630 ssse
882 2570 985 2631 invisi·

61 2655 131 2716 bilis
153 2661 184 2715 et
205 2651 416 2733 iupelpabilis‚
440 2652 582 2717 omnibus
611 2653 752 2714 sensibus
773 2651 986 2734 inperceptibi·

60 2738 105 2799 lis
132 2737 318 2815 minimeque
354 2734 490 2794 omnium
519 2737 668 2816 musicus,
697 2735 749 2799 sed
773 2737 864 2816 plane
886 2742 987 2797 mutus

62 2828 95 2881 et
115 2819 192 2881 nihil·
210 2821 377 2898 reputatus‚
400 2825 502 2887 tamen
516 2827 617 2880 motus
639 2821 677 2879 sit
698 2836 828 2880 sonorus
851 2824 882 2879 et
904 2816 987 2879 ondi-

62 2903 148 2982 bilis,
171 2909 243 2969 tuuc
265 2903 367 2962 etiamv
380 2900 554 2981 palpabilis,
589 2902 738 2964 mirabilia
760 2903 790 2963 in
813 2900 874 2962 hoc
894 2901 988 2981 sigui·
1037 2915 1041 2923 ·

62 2985 176 3047 ficante
198 2985 304 3064 spiritu
327 2985 489 3064 mysteria,
518 2982 688 3064 dequibus
721 2985 854 3046 hicnon
877 2990 925 3044 ost
946 2983 988 3046 lo·

63 3088 118 3139 cus
141 3067 271 3131 dicendi
316 3065 378 3129 Sed
403 3065 569 3129 mirabilior
591 3075 637 3129 est
659 3069 776 3129 musica
798 3068 828 3127 iu
850 3068 989 3127 animan·

63 3152 159 3228 tibus,
191 3151 370 3233 praesertim
400 3149 592 3230 volucribus,
630 3162 664 3212 ut
690 3150 910 3211 municissimns
937 3148 989 3208 illc

63 3253 120 3295 rex
144 3239 175 3294 et
196 3235 316 3295 divinus
333 3232 468 3311 Psaltes,
490 3198 606 3315 David,
635 3252 704 3295 cum
727 3234 842 3314 ingenti
864 3239 990 3312 stupore

137 3489 168 3556 )
188 3489 246 3544 Nos
264 3494 369 3544 textum
388 3486 558 3544 reddidimus
576 3484 729 3545 secundum
747 3434 857 3544 Buddei
875 3483 990 3554 Supple-

65 3566 184 3617 mentum
199 3561 389 3630 Epistolarum
411 3562 489 3615 Mart
508 3558 619 3617 Lutherr
638 3575 665 3628 p
682 3559 752 3626 3274
775 3557 885 3615 titulum
903 3555 990 3627 lpsius

64 3632 150 3688 libelli
162 3648 213 3688 nos
245 3647 338 3702 coque
349 3646 484 3703 nusquam
495 3627 629 3701 rudagare
647 3598 991 3699 potuimus(cf(cf.Walcl1ii

64 3703 165 3759 ιιιιοι.
185 3648 293 3773 tndpp
296 3702 403 3759 ..Luth
427 3702 460 3757 T.
479 3701 545 3758 XIV
704 3698 862 3773 germanice
869 3699 991 3773 legitur

63 3776 138 3834 traco
157 3775 295 3848 praefatio
313 3775 342 3832 in
361 3774 407 3834 cd
426 3774 534 3834 walch.
553 3704 724 3845 &pidia
642 3771 723 3832 Loth
740 3773 775 3830 'l
793 3766 872 3830 xlv.
883 3786 912 3842 p
926 3772 992 3830 ιιι.
