2348 4162
190 264 252 336 126
435 268 479 326 De
496 285 577 326 servo
597 267 712 326 arbitrio
730 269 765 326 D.
783 270 818 327 ll.
837 272 868 328 L.

189 438 351 517 Scripturis
384 439 485 501 adhuc
522 439 721 516 abstrusum,
767 438 850 519 quod
881 457 955 501 vero
1007 438 1112 502 multis

189 521 284 582 multa
296 529 421 584 manent
435 522 585 603 abstrusa,
596 542 660 585 non
671 521 732 582 hoc
753 519 787 583 lit
803 521 980 604 Scripturas
1001 523 1114 584 obscu-

188 605 287 682 ritate,
311 604 365 665 sed
385 604 506 667 illorum
530 606 680 668 caecitate
708 604 757 666 vel
779 605 940 688 socordia,
968 607 1020 687 qui
1048 625 1113 668 non

190 692 296 768 agunt,
319 693 352 748 ut
374 688 574 750 clarissimam
598 690 755 751 veritatem
780 688 913 771 videant,
935 689 1015 751 sicut
1035 689 1113 750 Pau-

188 770 234 831 lus
258 770 296 830 de
317 769 438 833 ludaeis
462 771 535 833 dicit
564 775 592 836 2.
615 770 752 833 Corinth.
773 770 808 835 4:
837 772 985 833 Velamen
1009 779 1113 833 manet

187 872 279 934 super
301 871 487 936 corsorum,
511 855 678 917 etiterum:
701 852 732 915 Si
745 852 947 935 Evangelium
970 861 1112 917 nostrum

84 1008 87 1014 .
188 944 328 1018 opertum
351 942 413 1014 est,
436 939 466 998 in
489 938 525 998 iis
553 939 605 1019 qui
633 941 761 1019 pereunt
783 944 923 1018 opertum
944 945 1008 1015 est,
1037 955 1112 1019 qno·

186 1040 251 1081 rum
283 1018 378 1082 corda
398 1020 482 1082 Deus
511 1021 600 1082 huius
632 1020 728 1081 seculi
755 1021 944 1082 excaecavit
991 1021 1111 1082 Eadem

185 1102 358 1164 temeritate
386 1104 485 1165 solem
509 1104 736 1184 obscurumque
764 1102 844 1163 diem
874 1103 1030 1184 culparet,
1059 1105 1123 1184 qui'

185 1187 253 1267 ipss
274 1184 331 1247 sibi
354 1187 461 1247 oculos
484 1186 610 1267 velaret,
633 1192 686 1248 aut
707 1206 726 1246 a
747 1185 864 1247 lucain
889 1185 1031 1247 tenebras
1053 1187 1112 1248 iret

186 1275 218 1330 et
240 1287 309 1329 sese
330 1268 546 1336 absconderet.
570 1270 718 1331 Desinant
742 1287 816 1349 ergo
839 1270 942 1330 miseri
956 1268 1108 1348 homines,

184 1352 326 1413 tenebras
349 1359 380 1414 et
402 1352 620 1415 obscuritatem
644 1350 744 1414 cordis
767 1351 814 1412 sui
837 1351 1019 1432 blasphema
1040 1371 1108 1434 per·
1144 1346 1152 1359 “

184 1436 329 1497 versitate
352 1434 512 1517 Scriptnris
535 1435 592 1496 Dei
615 1435 791 1496 clarissimis
811 1434 972 1514 imputare.

267 1517 312 1579 Tu
334 1537 411 1600 ergo
433 1538 501 1579 cum
530 1512 657 1579 Paulum
689 1516 816 1579 adducis
854 1516 1022 1578 dicentem:
1064 1517 1109 1579 ln-

185 1600 474 1682 somprebensibilia
495 1608 566 1662 sunt
579 1601 691 1662 iudicia
702 1601 776 1679 eius,
798 1598 909 1661 videris
924 1616 1107 1684 pronomen,

184 1684 270 1765 Illius,
293 1683 332 1744 ad
344 1683 530 1764 Scripturam
553 1684 701 1745 retulisse.
739 1681 780 1744 At
802 1682 918 1746 Paulus
939 1701 1003 1744 non
1024 1681 1110 1751 dicit:

183 1765 510 1847 Incomprehensibilia
531 1772 602 1828 sunt
622 1766 736 1828 iudicia
757 1765 941 1848 Scripturas,
963 1765 1019 1826 sed
1040 1765 1108 1833 Dei.

185 1848 236 1911 Sic
259 1850 330 1911 Elea.
351 1850 400 1915 40.
429 1867 492 1910 non
519 1850 605 1911 dicit:
637 1848 712 1926 Quis
735 1850 820 1910 novit
850 1868 973 1911 sensum
1003 1846 1107 1931 Scrip-

184 1940 280 2008 turas,
302 1931 356 1992 scd
369 1951 500 1994 sensum
525 1932 659 2012 Domini,
681 1932 820 2013 quamvis
842 1932 955 1993 Paulus
978 1938 1107 2011 asserat,

184 2014 362 2077 Christianis
390 2022 497 2076 notum
528 2034 596 2077 sess
618 2034 741 2075 sensum
764 2015 909 2093 Domini,
936 2033 1042 2076 verum
1073 2015 1106 2075 in

182 2097 240 2175 his,
263 2116 343 2178 quae
366 2097 481 2159 donata
502 2106 573 2160 sunt
593 2097 692 2179 nobis,
716 2105 749 2159 ut
769 2097 884 2159 ibidem
906 2096 979 2159 dicit
1001 2101 1028 2163 1.
1047 2097 1106 2160 (lo-

182 2180 273 2245 rinth.
302 2183 330 2243 2.
367 2181 461 2243 Vides
491 2201 577 2264 ergo,
606 2200 698 2262 quam
727 2181 893 2243 oscitanter
924 2180 982 2241 hos
1017 2180 1106 2242 locos
1148 2190 1154 2201 '

64 2284 75 2304 ··
183 2262 356 2345 Scripturas
378 2265 572 2345 inspexeris,
606 2270 638 2326 et
667 2270 730 2324 tam
759 2272 831 2344 apte
859 2265 982 2343 citaris,
1011 2281 1104 2344 quam

183 2353 256 2429 apte
278 2348 355 2408 citas
387 2348 451 2409 fers
473 2349 578 2410 omnia
607 2365 664 2430 pro
691 2346 786 2408 libero
822 2345 956 2412 arbitrio.
998 2345 1052 2408 Sic
1074 2355 1107 2408 at

183 2430 410 2511 exemplatus,
432 2449 512 2510 quae
545 2430 703 2510 subiungis
738 2449 801 2491 non
830 2431 896 2491 sine
927 2430 1104 2510 suspicione

183 2513 344 2590 etaculeo,
366 2514 440 2575 nihil
451 2513 566 2575 faciunt
587 2511 716 2594 adrem,
741 2512 845 2593 qualia
855 2511 893 2574 de
908 2511 1106 2574 distinctions

185 2616 404 2677 personarum,
428 2596 466 2657 de
488 2596 750 2677 conglutinatione
772 2603 899 2657 naturae
931 2594 1053 2656 divinas
1074 2602 1108 2657 et

181 2679 343 2760 humanae,
366 2679 404 2741 de
426 2688 556 2761 peccato
578 2679 787 2758 irremissibili,
810 2697 938 2759 quorum
955 2676 1105 2761 ambigui·

182 2770 274 2824 tatem
305 2763 380 2825 dicis
402 2763 540 2825 nondum
570 2781 640 2824 esse
659 2769 821 2825 resectam.
876 2760 907 2823 Si
931 2760 969 2822 ds
991 2760 1105 2843 Sophi-

181 2853 296 2907 starum
318 2845 549 2925 quaestionibus
572 2847 654 2906 circa
675 2845 732 2905 has
757 2864 806 2905 res
834 2845 956 2925 agitatis
986 2844 1102 2906 intelli·

180 2930 242 3010 gis,
272 2927 345 3008 quid
373 2929 426 2990 tibi
463 2930 537 2990 lecit
562 2928 813 2990 innocentissima
844 2926 1030 3009 Scriptura,
1068 2930 1107 2991 ut

180 3009 309 3071 abusum
332 3012 549 3076 sceleratorum
571 3011 730 3084 hominum
762 3011 889 3073 obiicias
919 3009 1000 3072 illius
1021 3012 1105 3092 puri·

105 3154 108 3159 .
180 3094 260 3155 tati?
296 3093 452 3175 Scriptura
473 3095 651 3176 simpliciter
673 3092 835 3155 confitetur
856 3093 1023 3155 trinitatem
1045 3094 1106 3157 Dsi

181 3183 212 3238 st
245 3176 464 3239 humanitatem
493 3177 603 3240 (ibristi
637 3183 668 3238 et
694 3183 856 3258 peccatum
883 3175 1105 3245 irremissibile.

181 3256 263 3322 Nihil
286 3260 335 3321 bio
357 3261 550 3323 obscuritatis
564 3266 616 3321 aut
637 3260 852 3340 ambiguitatis.
886 3258 1003 3336 Quibus
1026 3279 1103 3323 vero

182 3343 282 3404 modis
304 3344 363 3404 ista
376 3343 520 3424 habeant,
545 3343 702 3424 Scriptura
716 3363 778 3404 non
796 3342 877 3423 dicit,
899 3348 933 3404 ut
954 3351 986 3404 tu
999 3340 1105 3426 fingis,

180 3446 239 3487 neo
261 3447 339 3506 opus
362 3435 409 3488 est
429 3447 531 3506 nosse,
554 3426 719 3508 Sophistas
741 3427 791 3487 hic
804 3444 860 3487 sua
882 3426 1003 3489 somnia
1024 3433 1105 3489 trac

180 3516 255 3589 tant,
277 3511 346 3570 illos
367 3529 462 3590 argus
489 3518 519 3572 et
541 3509 669 3586 damna,
699 3515 730 3570 et
751 3508 924 3589 Scripturas
957 3509 1100 3573 absolve.

181 3590 213 3655 Si
235 3611 308 3653 vero
330 3592 425 3654 intelli
448 3594 473 3654 is
495 3591 535 3654 ds
555 3593 623 3673 ipsa
644 3593 688 3653 rei
710 3591 892 3670 substantia,
912 3592 1023 3653 iterum
1039 3611 1104 3655 non

181 3673 362 3756 Scripturas,
384 3613 447 3736 sed
461 3675 595 3737 Arianos
617 3694 722 3755 argus,
744 3681 775 3736 st
796 3694 861 3754 eos,
884 3673 995 3754 quibus
1008 3693 1105 3759 oper·

180 3764 242 3818 tum
273 3766 320 3819 est
347 3758 563 3839 Evangelium,
597 3764 629 3819 ut
656 3758 825 3819 clarissima
857 3759 1034 3820 testimonia
1062 3758 1106 3821 ds
