2348 4162
258 279 262 287 ·
303 264 341 321 ad
358 266 393 321 D.
412 266 555 322 Erasmum
573 264 797 322 Roterodamum.
949 258 1015 328 235

89 454 154 497 uon
176 435 280 497 servili
303 441 335 496 ct
349 436 379 511 ¹)
416 436 606 496 mercenario
638 434 748 496 affectu
776 440 901 516 propter
921 434 1016 495 vitam

89 525 248 581 aeternam
271 519 399 594 laniunt,
432 524 582 598 quaeruut
609 524 710 578 autem
733 518 827 578 vitain
849 524 1016 588 aeternam,

88 601 121 663 id
144 610 208 678 cst,
237 609 306 662 sunt
326 603 357 662 in
380 621 418 662 ea
438 604 504 677 via,
527 620 587 680 qua
608 602 788 681 pervenient
809 607 840 661 et
860 602 1017 661 inveniant

90 687 187 747 vitam
209 692 382 765 aeternam,
421 692 453 745 ut
486 704 632 764 quaerere
662 685 701 744 sit
722 683 823 745 studio
846 685 900 744 niti
922 691 953 744 et
973 687 1022 747 iu·.

92 770 187 829 stanti
209 788 305 849 opera
326 787 364 829 eo
388 771 503 848 conari,
527 767 608 848 quod
632 769 717 843 sequi
740 767 821 827 solet
843 767 881 826 ad
904 766 1016 827 bouum

90 852 196 913 vitam.
241 851 472 914 Denuuciautur
493 858 594 912 autem
618 854 648 911 iu
672 847 836 929 Scripturis
858 869 895 910 ea
917 851 1017 910 futura

90 954 160 996 esse
182 942 213 995 et
234 941 376 997 secutura
397 941 468 1014 post
496 934 608 997 bonam
631 934 680 995 vel
703 934 816 994 malam
837 933 945 1008 vitam,
984 939 1017 992 ut

89 1018 282 1098 erudiantur,
306 1025 501 1094 moveantur,
524 1020 708 1093 excitentur,
730 1022 900 1077 terreantur
921 1015 1016 1075 homi-

90 1121 156 1166 nes.
200 1102 277 1163 llam
310 1111 343 1162 ut
375 1121 430 1182 per
451 1102 564 1182 Legem
594 1101 628 1162 iit
660 1102 795 1179 cognitio
818 1100 938 1179 peccati
985 1103 1017 1160 et

90 1185 261 1247 admonitio
282 1187 482 1264 impotentiae
503 1192 637 1263 nostrae,
662 1204 700 1245 ex
724 1202 784 1263 qua
805 1203 868 1245 uou
881 1183 1016 1259 infertur,

90 1268 175 1349 quod
196 1288 255 1330 nos
279 1268 391 1348 aliquid
414 1270 582 1348 possimus,
604 1269 648 1328 ita
667 1287 724 1347 per
743 1268 819 1327 istas
841 1266 1016 1348 promissio·

88 1370 146 1412 nes
168 1358 200 1413 et
220 1353 318 1412 minas
340 1351 374 1412 flt
395 1351 575 1432 admonitio,
598 1370 659 1429 qua
680 1349 842 1426 docemur,
876 1348 947 1428 quid
969 1367 1015 1408 se·

90 1440 203 1513 quatur
224 1442 386 1513 peccatum
408 1442 439 1495 et
460 1436 671 1515 impotentiam
689 1433 775 1493 illam
788 1439 923 1492 nostram
935 1431 1017 1511 Lege

90 1523 309 1594 monstratam,
342 1537 404 1579 uou
438 1524 539 1578 autem
562 1517 701 1579 tribuitur
722 1535 777 1596 per
797 1516 880 1598 ipsas
903 1513 1016 1596 aliquid

91 1599 252 1682 diguitatis
275 1602 382 1662 merito
405 1608 522 1663 nostro.

174 1682 319 1760 Proinde,
343 1685 421 1744 sicut
444 1684 536 1746 verba
557 1685 645 1764 Legis
669 1689 739 1744 suut
756 1684 823 1743 vice
845 1683 1017 1743 instructio-

89 1768 140 1826 nis
162 1772 194 1829 et
214 1765 446 1829 illuminationis
469 1767 507 1828 ad
532 1767 722 1843 docendum,
744 1765 816 1846 quid
840 1765 1016 1845 debeamus,

89 1855 155 1911 turn
179 1850 251 1927 quid
274 1869 336 1912 uon
360 1852 530 1930 possimus,
559 1852 604 1912 ita
630 1851 724 1911 verba
747 1849 911 1928 mercedis,
944 1847 1015 1908 dum

90 1931 277 2012 significant,
300 1934 371 2012 quid
393 1934 525 1994 futurum
549 1936 597 2013 sit,
620 1941 690 1995 suut
711 1934 780 1993 vica
794 1932 1016 1993 exhortationis

89 2022 122 2076 et
145 2016 403 2096 comminationis,
427 2017 535 2096 quibus
557 2018 600 2098 pii
613 2020 795 2094 excitantur,
818 2016 1017 2076 consolantur
1137 2024 1142 2031 '

88 2105 122 2158 et
143 2099 300 2178 eriguntur
321 2099 359 2160 ad
383 2099 589 2180 pergendum,
621 2099 879 2182 perseverandum
903 2108 932 2158 et
954 2099 1015 2157 vin·

88 2180 223 2242 cendum
244 2183 276 2242 iu
296 2180 386 2243 bouis
424 2183 571 2243 iaciendis
602 2191 633 2244 et
665 2183 753 2244 malis
790 2183 940 2257 ferendis,
976 2200 1016 2242 ua

86 2264 255 2344 fatigentur
279 2272 349 2332 ‚aut
396 2265 586 2344 frangantur,
634 2268 711 2328 sicut
754 2267 864 2327 Paulus
909 2267 1014 2327 Coriu-
1045 2316 1049 2323 .

87 2347 172 2408 thios
195 2366 269 2408 suos
296 2348 475 2409 exhortatur
497 2347 602 2411 diceus
617 2349 670 2425 *):
693 2349 829 2411 Virilitar
846 2350 939 2429 agite,
961 2349 1017 2409 aci-

87 2435 187 2507 cutes,
209 2429 291 2509 quod
314 2431 401 2501 labor
423 2437 524 2492 vester
545 2451 607 2494 uon
631 2440 676 2493 est
696 2431 797 2493 inanis
818 2435 849 2494 iu
871 2432 1016 2494 Domino.

87 2512 141 2574 sic
163 2510 319 2575 Abrabam
352 2515 441 2594 erigit
461 2514 544 2575 Deus
577 2513 762 2593 diceus**):
805 2515 874 2594 Ego
898 2534 1015 2576 merces

86 2601 142 2656 tua
162 2599 403 2676 magnanimis,
435 2617 497 2658 nou
521 2598 624 2679 aliter,
659 2616 751 2679 quam
785 2600 811 2658 ai
840 2598 900 2659 hoc
921 2597 1015 2659 modo

87 2678 222 2757 aliquem
244 2680 365 2758 soleria,
387 2680 469 2759 quod
493 2700 590 2762 opera
611 2682 676 2742 eius
695 2687 779 2741 certo
801 2680 925 2764 placere
948 2682 1015 2743 Deo

86 2759 256 2841 significes,
279 2781 341 2841 quo
364 2783 478 2843 genere
501 2764 723 2826 consolationis
745 2783 809 2825 uon
831 2764 1015 2845 raroScrip·

86 2850 155 2904 tura
175 2845 277 2907 utitur.
320 2847 386 2909 Nec
413 2866 511 2927 parva
539 2848 711 2910 consolatio
733 2854 781 2909 eet
802 2866 912 2927 nosse,
946 2848 1015 2928 pla-

85 2945 214 3071 corrup-e¹
235 2928 313 3011 Deo,
335 2935 368 2989 ut
388 2929 463 2991 nihil
486 2930 568 2991 aliud
590 2938 744 3011 sequatur,
766 2932 837 2993 licat
858 2932 890 2992 id
912 2932 951 2993 sit
960 2933 1014 2991 im-

83 3028 170 3091 possr
192 3030 244 3074 re.

169 3092 237 3155 Huc
258 3095 411 3174 pertinent
433 3095 551 3172 omnia,
580 3114 660 3174 quae
684 3096 824 3158 dicuutur
845 3097 883 3159 de
905 3117 961 3180 spe
983 3106 1014 3160 et

84 3175 335 3257 exspectatione,
371 3177 451 3257 quod
481 3185 566 3241 certo
589 3180 650 3239 siut
671 3179 788 3260 futura,
811 3198 891 3259 quae
912 3202 1013 3262 speia·

84 3277 169 3336 mus,
201 3259 273 3320 licet
293 3262 335 3340 pii
371 3280 432 3322 nou
456 3268 580 3343 propter
601 3263 669 3342 ipsa
690 3269 830 3343 sperent,
867 3272 919 3325 aut
941 3264 1013 3326 talia

83 3348 237 3421 quaeruut
268 3344 315 3402 eui
347 3345 454 3423 gratia.
498 3345 544 3406 lta
576 3344 677 3406 verbis
711 3348 959 3407 comminationis
983 3357 1014 3409 et

81 3424 175 3484 futuri
196 3425 301 3486 iudicii
324 3433 473 3488 terrentur
494 3435 525 3489 et
546 3428 730 3491 deiioiuutur
750 3432 851 3510 impii,
880 3439 914 3492 ut
935 3430 1012 3492 desi·

81 3778 118 3819 ne
148 3693 239 3823 pglu
268 3694 521 3753 eu.1526ucest:
546 3702 582 3754 ct.
619 3698 651 3765 *)
673 3699 698 3754 1.
722 3698 786 3754 Cor.
805 3700 849 3755 15.
887 3700 937 3770 *')
958 3698 1011 3758 Ge·
