2348 4162
148 174 264 291 ι176
445 218 489 276 De
506 235 588 277 aervo
607 219 722 277 arbitrio
738 220 774 275 D.
792 219 830 277 ll.
847 220 879 277 h.
980 276 983 281 ,
1093 196 1097 201 ’

151 462 157 471 Ι
204 398 265 453 tem
287 391 445 466 inclinans,
468 411 547 473 quae
568 393 699 455 liberum
712 392 870 455 arbitrium
885 392 1003 475 asserit,
1026 390 1131 455 donea

206 476 317 536 veritas
339 475 505 538 elucescat.

284 558 343 619 Hic
363 559 555 641 respondeo:
585 558 693 640 Neque
714 557 810 641 nihil,
833 577 935 639 neque
957 558 1063 619 omnia
1085 554 1139 619 di·'

203 643 257 724 cis,
279 661 341 702 non
365 645 446 703 enim
468 642 669 721 eruditionis,
690 645 782 724 vitae,
804 643 938 723 ingenii,
959 639 1127 703 multitudi-

201 728 259 805 nis,
282 725 447 806 dignitatis,
470 727 628 807 inscitiae,
653 725 808 807 ruditatis,
830 726 1012 807 paucitatis,
1031 716 1130 785 bumi-

201 810 335 869 litatisve
357 811 545 890 argumentis
577 811 701 890 spiritus
736 809 975 891 explorabimus.
1017 807 1130 888 Neque

200 892 271 952 illos
292 891 401 973 probo,
425 894 477 973 qui
496 893 644 972 refugium
668 913 756 953 suum
786 898 905 974 ponunt
926 894 957 952 iu
978 892 1131 953 iactantia

201 977 334 1055 spiritus,
357 995 429 1035 nam
452 978 525 1036 satis
555 995 627 1037 acre
650 977 722 1037 nrihi
745 976 858 1037 bellum
884 976 944 1036 isto
966 993 1049 1036 anno
1071 974 1131 1036 fuit

201 1066 232 1118 et
254 1058 354 1118 adhuc
375 1068 421 1119 est
444 1078 512 1119 cum
534 1061 600 1119 istis
622 1059 776 1140 fanaticis,
798 1061 849 1138 qui
871 1057 1044 1139 Scripturas
1068 1076 1127 1120 suo

202 1142 319 1222 spiritui
353 1143 517 1202 subiiciunt
545 1143 812 1223 interpretandas,
852 1160 914 1222 quo
942 1143 1069 1202 nomine
1097 1147 1130 1201 et

201 1225 318 1304 Papam
340 1225 489 1286 hactenus
501 1228 669 1287 insectatus
683 1246 760 1308 sum,
782 1227 813 1286 iu
837 1226 922 1286 cuius
944 1243 1041 1306 regno
1065 1224 1127 1285 hac

202 1326 279 1369 voce
302 1308 377 1368 nihil
399 1309 552 1389 vulgatius
583 1317 635 1369 aut
666 1310 821 1390 receptius
853 1314 924 1388 est,
953 1306 1128 1389 Scripturas

200 1410 269 1452 esse
292 1392 439 1452 obscuras
463 1401 493 1453 et
515 1393 685 1476 ambiguas,
708 1400 851 1473 oportere
873 1392 1011 1473 spiritum
1031 1392 1128 1452 inter-

200 1481 318 1555 pretam
341 1495 380 1535 ex
402 1475 477 1536 sede
499 1478 671 1557 apostolica
693 1477 812 1537 Romae
833 1484 956 1557 petere,
989 1492 1060 1535 oum
1083 1475 1128 1535 ni·

199 1558 242 1617 hil
264 1559 465 1639 perniciosius
488 1559 548 1619 dici
570 1561 682 1640 possit,
705 1558 788 1639 quod
810 1558 882 1618 hinc
903 1558 1046 1619 homines
1068 1558 1128 1619 im·

201 1642 243 1721 pii
265 1661 334 1702 sess
363 1661 456 1722 supra
476 1641 648 1722 Scripturas
670 1643 834 1704 extulerint
874 1647 968 1703 etex
993 1642 1063 1721 ipsa
1084 1640 1126 1702 le

201 1725 306 1803 cerint,
329 1725 474 1805 quicquid
487 1726 656 1787 collibitum
667 1727 732 1808 luit,
756 1725 995 1805 donecprorsus
1018 1721 1126 1806 Scrip-

201 1810 274 1868 turis
318 1809 508 1869 conculcatis
543 1810 618 1869 nihil
659 1811 717 1871 nisi
749 1810 907 1870 hominum
939 1806 1127 1869 furiosorum

200 1893 321 1951 somnia
342 1898 373 1951 et
395 1891 589 1952 crederemus
611 1899 643 1954 et
664 1892 856 1955 doceremus.
898 1891 1041 1952 Breviter
1062 1909 1126 1953 uon

201 1981 248 2033 est
278 1974 444 2036 humanum
471 1974 630 2037 inventum
663 1976 716 2038 illa
749 1996 834 2055 vox,
867 1975 922 2036 sed
953 1973 1127 2036 incredibili

200 2057 316 2117 malitia
346 2059 507 2137 ipsiusmet
537 2061 683 2141 principis
722 2061 860 2121 omnium
881 2057 1069 2120 daemonum
1094 2058 1126 2119 in

201 2142 306 2202 orbern
330 2143 455 2202 missum
477 2143 570 2207 virus.

281 2224 347 2285 Nos
369 2228 414 2286 sic
427 2225 587 2307 dicimus,
623 2225 737 2306 duplici
760 2224 872 2286 iudicio
909 2224 1033 2305 spiritns
1055 2242 1124 2286 essa

200 2308 409 2388 explorandos
433 2329 487 2370 seu
511 2309 705 2390 probandos,
728 2328 790 2370 uno
811 2308 960 2387 interiori,
983 2325 1046 2392 quo
1069 2326 1124 2390 per

200 2391 345 2472 Spiritum
367 2400 506 2453 sanctum
530 2393 580 2453 vel
603 2392 718 2454 donum
737 2392 795 2453 Dei
818 2390 974 2472 singulare
996 2390 1124 2471 quilibet

198 2494 255 2555 pro
283 2495 318 2537 se
345 2495 462 2556 suaque
491 2476 586 2537 solius
623 2478 722 2539 salute
753 2477 920 2536 illustratus
952 2475 1124 2536 certissime

198 2559 314 2620 iudicat
335 2568 365 2620 et
388 2559 532 2621 discernit
555 2562 695 2621 omnium
715 2560 866 2642 dogmata
886 2567 917 2619 et
939 2576 1066 2638 seusus,
1086 2556 1122 2619 de

199 2661 259 2722 quo
283 2642 392 2703 dicitur
415 2649 440 2708 1.
465 2644 534 2709 Oor.
556 2643 627 2726 2¹):
665 2644 838 2725 Spiritualis
866 2642 972 2702 omnia
999 2641 1122 2719 iudicat,

200 2733 230 2785 et
253 2725 405 2788 anemius
426 2728 586 2792 iudicatur.
629 2727 716 2789 Haeo
743 2727 782 2788 ad
810 2725 903 2786 fidem
933 2727 1077 2806 pertinet,
1094 2730 1122 2785 et

199 2812 375 2871 necessaria
412 2817 459 2871 est
495 2811 619 2872 cuilibet
656 2813 746 2872 etiarn
779 2810 900 2891 privato
937 2808 1120 2870 Christiano.

198 2891 286 2952 Hauc
318 2894 458 2972 superius
490 2894 713 2975 appellavimus
749 2895 926 2955 interiorem
949 2892 1119 2953 claritatem

198 2973 373 3055 Scripturas
404 2985 545 3057 sauctae3
579 2978 639 3041 hoc
667 2979 746 3040 forte
775 2977 956 3056 voluerunt,
991 2976 1047 3055 qni
1068 2973 1119 3037 tibi

198 3058 432 3138 responderunt,
455 3061 764 3124 omuiaesseiudicio
777 3061 899 3142 spiritus
918 3058 1120 3121 decernenda.

198 3141 259 3201 Sed
281 3142 341 3203 hoc
366 3143 510 3205 iudicium
538 3145 612 3206 nulli
634 3146 722 3207 alteri
743 3144 887 3228 prodest,
914 3162 974 3206 nea
1001 3141 1041 3206 de
1062 3142 1120 3204 boc

198 3228 354 3306 quaeritur
374 3228 404 3287 in
427 3229 486 3289 hac
507 3248 601 3291 cansa
613 3276 621 3309 ,
648 3248 708 3291 nec
729 3230 829 3312 ullus,
857 3227 966 3308 credo,
994 3225 1035 3289 da
1068 3226 1119 3289 illc

198 3311 325 3392 dubitat,
348 3312 420 3389 quiu
443 3314 489 3372 sic
510 3332 544 3374 se
566 3314 688 3376 habeat.

278 3392 352 3455 ldeo
375 3394 503 3456 alterurn
531 3404 579 3458 est
599 3396 744 3458 indicium
768 3403 945 3478 externum,
973 3415 1037 3478 quo
1059 3413 1117 3459 uon

197 3477 291 3539 modo
313 3496 370 3559 pro
391 3480 481 3541 nobis
503 3483 601 3562 ipsis,
630 3482 686 3544 sed
713 3489 744 3544 et
765 3502 821 3564 pro
851 3482 919 3544 aliis
941 3490 973 3545 et
993 3488 1117 3571 propter

268 3754 300 3820 1)
319 3754 351 3807 In
369 3751 433 3808 edd.
451 3753 537 3824 origo
559 3755 583 3811 1.
604 3752 667 3811 Cor.
688 3757 713 3813 1.
