2348 4162
267 255 305 310 ad
321 255 358 311 D.
375 255 520 311 Erasmum
539 255 764 337 Rctercdemum,
917 252 980 319 223

27 394 107 492 ¹ille
131 430 197 491 vult
219 447 328 491 omncs
350 428 490 491 homines
513 430 616 491 salvos
637 429 712 507 fieri,
733 428 804 490 dum
827 430 921 491 verbo
935 449 981 491 sn·

51 514 129 575 lutis
151 513 191 575 ad
216 518 324 574 omnes
347 513 441 590 veuit,
465 514 631 593 vitiumque
646 514 880 591 estvoluntatis,
903 531 982 592 quae
1102 588 1107 599 Ι

52 616 119 659 uon
152 595 286 657 admittit
317 615 403 674 eum,
436 597 513 656 sicut
543 597 817 661 diciturenim:
853 596 981 672 Quoties

52 681 141 741 volui
155 698 345 761 congregare
359 677 440 739 lilios
453 687 533 756 tuos,
555 684 587 741 et
598 679 742 740 uoluisti?
765 680 877 739 Verum
888 698 983 759 quare

53 763 204 824 maiestas
225 762 278 825 ille
301 762 405 823 vitium
426 761 488 823 hoe
509 763 675 823 voluntatis
691 772 888 824 nostraeuou
903 762 983 822 tollit

54 853 111 906 eut
132 851 229 906 mutat
251 849 280 906 in
304 843 456 922 omnibus,
479 864 546 905 cum
570 865 632 906 non
655 848 694 906 sit
713 847 745 906 iu
757 851 911 925 potestate
928 845 983 905 ho·

54 930 167 1007 minis,
201 934 255 989 aut
285 947 339 989 eur
360 927 434 989 illud
457 929 485 988 ei
507 931 651 1009 imputet,
686 940 754 990 oum
788 947 851 989 uon
885 929 984 1009 possit

53 1013 153 1073 homo
176 1030 214 1072 eo
237 1009 361 1071 carere?
383 1008 540 1085 Quaerere
560 1031 622 1072 uon
643 1011 725 1093 licet,
749 1030 787 1072 ac
807 1013 832 1071 si
856 1012 982 1071 multum

56 1113 204 1175 quaeras,
226 1112 382 1173 nunquam
404 1100 506 1154 tamen
528 1096 678 1176 invenias,
701 1097 779 1155 sicut
800 1095 912 1155 Paulus
924 1095 983 1154 Ro-

55 1197 141 1242 men.
164 1176 228 1252 9¹)
254 1177 341 1238 dicit:
373 1175 419 1236 Tu
441 1179 508 1255 quis
533 1196 582 1256 es,
610 1179 660 1257 qui
682 1177 872 1259 respondeas
894 1176 983 1238 Deo?

55 1261 145 1323 Haeo
165 1261 240 1322 satis
262 1260 322 1320 sint
345 1278 400 1340 pro
423 1261 482 1320 isto
506 1261 576 1321 loco
598 1260 787 1342 Ezechielis,
819 1260 983 1342 pergamus

54 1343 97 1406 ad
120 1343 174 1404 reli
198 1362 247 1407 ua.
347 1384 351 1389 -

143 1361 218 1487 Pdlst
238 1425 315 1487 haec
335 1431 478 1485 causatur
499 1424 644 1506 diatriba,
676 1427 787 1508 frigere
808 1429 983 1490 necessario

55 1513 106 1571 tot
126 1508 320 1570 hortamenta
341 1510 372 1568 in
395 1507 569 1589 scripturis,
591 1512 662 1570 item
678 1518 724 1570 tot
734 1510 983 1590 pollicitationes,

57 1592 174 1671 minas,
195 1591 468 1671 expostulationes,
492 1591 801 1672 exprobrationes2),
825 1593 983 1654 obtestati·

57 1693 154 1754 ones,
186 1674 416 1736 benedictiones
439 1683 468 1734 et
490 1660 737 1752 maledictiones,
775 1683 821 1736 tot
842 1677 984 1737 examina

57 1764 310 1840 praesepiorum,
333 1759 442 1818 sinon
467 1759 557 1818 sitin
582 1778 672 1823 manu
696 1760 983 1840 cuiquemservare,
1082 1754 1092 1771 ’

58 1840 145 1922 quod
167 1847 364 1921 praeceptum
386 1848 442 1905 est.

144 1924 296 2005 Perpetuo
320 1923 510 1985 obliviscitur
539 1923 666 1986 diatribe
689 1931 785 1986 status
808 1945 931 2004 causae,
955 1933 986 1987 et

58 2005 144 2069 aliud
166 2010 231 2091 agit
252 2027 344 2087 quarn
357 2008 496 2088 instituit,
518 2027 577 2069 nec
598 2009 690 2090 videt,
703 2027 793 2088 quam
807 2011 912 2070 omnic
927 2009 986 2070 lor·

59 2091 120 2151 tius
142 2097 253 2151 contra
273 2092 382 2171 ipsam,
407 2110 498 2171 quam
521 2098 628 2152 contra
650 2111 707 2152 nos
729 2099 876 2171 pugnent.
905 2090 985 2154 Nam

59 2186 99 2233 e'x
122 2173 172 2233 his
194 2173 335 2234 omnibus
359 2174 435 2235 loeis
458 2173 569 2255 probat
581 2174 752 2235 libertatem
768 2184 797 2234 et
809 2175 986 2235 facultatem

60 2254 207 2317 servandi
229 2258 347 2334 omnia,
376 2265 409 2316 ut
431 2257 522 2318 eliam
555 2257 681 2336 sequela
714 2259 798 2338 cogit
830 2256 987 2339 veborum,

60 2358 155 2419 quam
187 2339 240 2399 illa
274 2342 436 2420 supponit,
470 2359 538 2400 cum
561 2347 664 2400 tamen
692 2340 823 2420 probare
857 2341 988 2401 voluerit

61 2423 193 2485 liberum
216 2420 371 2484 arbitrium
394 2423 465 2504 tole,
488 2422 570 2501 quod
593 2423 666 2482 nihil
690 2424 761 2486 boni
784 2422 864 2483 selle
885 2430 988 2503 potest

61 2507 128 2566 siue
148 2506 264 2586 grstia,
287 2512 319 2566 et
341 2512 484 2566 conatum
519 2505 671 2584 quendem
705 2525 765 2566 nou
789 2507 851 2565 suis
873 2506 987 2568 viribus

60 2587 287 2654 ascribendum.
330 2588 436 2650 Talem
459 2596 602 2648 conatum
626 2608 688 2649 nou
706 2588 796 2649 video
820 2589 886 2649 ullis
910 2591 987 2649 locis

60 2672 196 2753 probari,
217 2670 272 2732 scd
296 2677 413 2732 tentum
437 2672 529 2751 exigi,
552 2670 623 2750 quid
645 2670 710 2731 fieri
734 2671 855 2751 debeat,
877 2678 986 2733 utsae·

61 2756 129 2835 pins
151 2756 214 2815 iam
243 2753 355 2814 diclum
391 2763 452 2832 est,
487 2755 546 2815 nisi
568 2754 650 2834 quod
674 2755 764 2816 lolius
786 2756 986 2835 repetendum

62 2845 125 2917 est,
163 2856 232 2898 cum
272 2837 400 2898 diatribe
432 2839 523 2898 toties
562 2838 669 2899 eadem
705 2838 820 2899 chorda
857 2836 987 2920 oberret,

61 2920 161 2983 inutili
184 2921 345 2984 verborum
370 2922 461 3002 copia
482 2922 616 2982 lectores
642 2920 795 2984 differens.

145 3003 292 3065 Ultimum
341 3004 405 3065 fere
453 3025 492 3065 ex
537 3006 632 3066 veteri
667 3005 865 3066 Testamento
914 3004 988 3064 illud

62 3087 141 3149 idosi
164 3086 255 3150 Deut.
277 3089 317 3153 30
339 3087 489 3167 affert³):
511 3088 689 3150 Mandatum
713 3089 782 3169 hoc,
804 3087 885 3168 quod
903 3108 988 3168 prae·

63 3171 144 3251 cipio
167 3170 222 3231 tibi
244 3170 352 3250 hodie,
386 3191 447 3232 uon
477 3191 569 3251 supra
598 3172 628 3231 tis
651 3178 712 3248 est,
745 3190 846 3251 neque
879 3172 986 3252 procul

63 3254 208 3334 positum,
232 3272 290 3314 nec
310 3255 342 3314 in
365 3255 453 3315 coelo
476 3255 577 3333 situm,
600 3261 632 3314 ut
653 3255 754 3334 possis
771 3255 890 3315 dicere:
913 3254 987 3330 Quis

62 3344 202 3400 nostrum
223 3336 357 3399 saletio
380 3338 500 3399 coelum
521 3336 699 3417 ascendere,
720 3344 754 3397 ut
776 3337 893 3398 deferat
912 3337 987 3398 illud

112 3623 220 3691 ·1)1n
255 3621 299 3677 ed.
329 3622 397 3679 1525
423 3628 451 3677 et
475 3623 560 3681 1526:
589 3622 708 3676 Roman.
734 3623 777 3678 11.
814 3623 842 3692 2)
865 3621 987 3681 Ibidem:

64 3693 289 3821 gppohprrgtgpplps.
327 3695 354 3761 3)
381 3695 411 3748 In
440 3693 483 3750 ed.
509 3695 564 3751 len.
593 3693 638 3748 hic
670 3692 790 3764 margini
820 3695 983 3768 inscriptum
