2348 4162
274 268 311 324 ad
328 268 363 325 D.
382 270 525 326 masuram
545 269 770 327 Roterodamum.
921 270 984 337 335

56 437 170 501 eadem
193 440 358 520 partitione
380 460 452 501 usus
475 438 566 502 diuiti
591 439 639 500 Ex
661 440 804 538 operibus
827 441 904 522 legis
919 444 984 523 spi-

56 523 152 584 ritum
174 523 346 604 aooapistis,
370 543 409 584 an
432 543 472 584 ex
489 523 595 584 auditu
616 523 709 584 fider?
732 532 763 585 et
774 544 877 585 rursus
893 525 982 587 Rom.

58 608 98 672 3:
118 604 209 667 Nune
230 609 295 667 siue
323 607 392 687 lege
416 607 612 667 manifestata
633 613 680 668 est
702 604 825 668 iustitia
845 608 922 687 Dei,
954 616 992 669 et

56 687 239 768 iterum*):
272 688 462 751 Arbitraurur
492 689 647 751 hominem
675 689 832 751 iustificari
861 710 901 751 ex
918 690 984 752 tide

58 774 130 833 sina
152 771 297 853 operibus
320 773 407 854 legia.
442 772 558 848 Quibus
582 772 730 834 omnibus·
744 774 937 854 perspicuum
955 783 985 835 et

58 855 177 916 alarum
199 853 249 936 ut,
270 855 352 937 apud
376 856 504 917 Paulum
528 858 644 938 opponi
674 858 812 937 spiritum
841 859 984 938 operibus
1036 866 1039 871 '

59 938 150 1019 legis,
172 957 235 999 non
256 938 345 999 aliter
366 958 457 1019 quam
476 939 616 1001 omnibus
639 939 706 1000 aliis
727 939 818 1002 rebus
840 960 903 1002 non
925 943 984 1021 spi-

59 1020 220 1082 ritualibus
248 1022 460 1102 universisque
482 1025 581 1084 earnis
604 1022 716 1084 viribus
745 1031 777 1085 et
797 1023 983 1101 nominibus,

59 1112 95 1165 ut
115 1106 299 1166 sententiam
314 1105 399 1166 Pauli
421 1105 502 1166 hano
524 1125 592 1167 essa
617 1113 731 1168 eertum
754 1108 794 1168 sit
816 1126 883 1168 oum
902 1107 983 1168 chri-

59 1192 110 1248 sto
133 1187 219 1248 loan.
242 1191 274 1253 3:
298 1188 398 1249 Omne
419 1188 500 1268 quod
514 1197 635 1250 nonest
659 1209 697 1251 ex
719 1190 837 1271 s'piritu,
860 1210 982 1251 earnem

59 1288 152 1349 essa,
185 1272 225 1330 sit
253 1272 346 1334 etiam
376 1273 570 1352 quantumvis
604 1274 803 1353 spaciosum,
831 1282 982 1354 sanetum,

58 1360 238 1435 praestans,
262 1360 355 1435 atqua
376 1355 456 1417 adeo
481 1356 615 1435 ipsamet
637 1374 731 1436 opera
764 1356 839 1437 legis
863 1357 984 1417 divinae

59 1435 276 1518 pulcherrima,
299 1437 532 1518 quibusuunque
554 1438 677 1500 tandem
690 1438 802 1501 viribus
825 1459 981 1520 expressa.

59 1518 175 1600 Spiritu
203 1521 283 1581 enim
307 1521 417 1582 christi
442 1541 519 1602 opus
542 1528 609 1601 ast,
636 1524 702 1583 sine
730 1541 791 1603 quo
815 1523 887 1583 nihil
910 1528 982 1584 sunt
1104 1520 1111 1543 ³

59 1604 175 1684 omnia,
198 1605 256 1665 nisi
278 1604 473 1666 damnabilia.
508 1606 617 1666 Ratnm
641 1605 745 1684 itaque
759 1613 835 1684 esto,
858 1606 997 1666 Paulum-

59 1704 115 1767 per
138 1704 234 1766 opera
248 1685 333 1768 'legis
356 1707 418 1748 non
441 1686 668 1768 ceremonialia,
690 1688 745 1749 sed
769 1690 984 1749 omnia·totius

60 1770 140 1850 legis
162 1787 258 1849 opera
278 1770 459 1852 intelligere.
511 1771 622 1832 Ratum
648 1772 736 1831 simul
759 1772 829 1832 erit:
852 1771 887 1833 ln
911 1793 984 1852 ope·

59 1851 145 1913 ribus
178 1852 255 1932 legis
276 1852 414 1916 damnari
444 1853 587 1938 quioquid
610 1863 657 1914 est
696 1856 762 1915 sine
783 1855 900 1934 spiritu.
944 1857 986 1916 At

60 1936 127 1997 siue
149 1936 256 2016 spiritu
286 1943 334 1997 est
355 1939 400 1996 vis
421 1937 474 1998 illa
497 1937 583 1999 liberi
605 1937 740 2016 arbitrii,
763 1937 802 1998 de
822 1937 882 1999 hau
903 1940 983 1999 anim

60 2017 273 2100 disputamus,
306 2021 621 2101 praestantissimum,
650 2021 769 2082 soilioet
796 2023 826 2081 iu
850 2021 983 2084 bomine.

60 2098 141 2163 urse
161 2102 243 2163 enim
267 2122 307 2163 ex
329 2103 471 2183 operibus
493 2102 571 2185 legis
599 2115 647 2165 eet
679 2104 727 2186 id,
756 2114 816 2184 quo
839 2104 912 2164 nihil
934 2125 985 2165 ex·

59 2185 220 2246 uellentius
250 2184 289 2246 de
317 2186 441 2247 homine
468 2194 571 2267 potest
597 2187 675 2265 diui,
714 2189 878 2250 nonenim
901 2187 984 2267 dioit,

60 2269 113 2348 qui
135 2275 207 2328 sunt
228 2287 268 2328 ex
290 2272 424 2350 peccatis
447 2276 478 2330 et
497 2268 654 2352 impietate
668 2281 774 2331 eontra
796 2272 907 2352 legem,
930 2272 984 2332 sed

61 2352 112 2431 qui
136 2369 176 2412 ex
197 2351 341 2432 operibus
364 2352 460 2433 legis,
482 2353 543 2414 hoa
569 2360 636 2433 est,
662 2355 767 2434 optimi
797 2362 828 2414 et
855 2354 984 2415 studiosi

60 2433 151 2515 legis,
173 2435 225 2513 qui
243 2435 322 2495 ultra
343 2438 403 2496 vim
427 2435 513 2496 liberi
536 2436 661 2515 arbitrii,
685 2438 775 2497 etiam
788 2436 857 2518 lege
879 2437 985 2517 adiuti,

60 2516 123 2579 lroa
145 2524 201 2597 est,
225 2518 335 2579 eruditi
356 2527 387 2580 et
408 2519 569 2580 exercitati
591 2519 720 2581 fuerunt.

146 2599 177 2662 si
199 2601 291 2681 igitur
312 2600 439 2663 liberum
461 2601 618 2662 arbitrium
641 2622 696 2683 per
715 2602 814 2683 legem
839 2601 985 2680 adiutum,

62 2688 94 2743 at
113 2683 147 2743 in
170 2682 241 2764 lege
269 2687 396 2746 summis
419 2685 531 2746 viribus
553 2693 725 2763 versatum,
757 2685 831 2746 nilril
860 2685 986 2767 prodest

60 2766 346 2849 nequeiustifioat,
369 2768 474 2829 sedin
498 2769 656 2850 impietate
678 2778 709 2829 et
730 2787 822 2830 oarne
843 2769 984 2849 relinqui-

61 2854 119 2931 tur,
142 2849 215 2929 quid
236 2869 330 2931 posse
352 2851 520 2933 putandum
543 2860 591 2913 est
612 2872 645 2912 sa
668 2851 737 2914 solo
759 2854 825 2914 sine
847 2853 938 2934 lege?

145 2932 204 2994 Per
230 2933 332 3014 legem
358 2933 504 3018 (inquit)
520 2937 655 3016 cognitio
684 2938 826 3016 pecuati3
853 2937 988 2997 ostendit

62 3013 122 3095 bio,
145 3022 292 3096 quantum
320 3024 350 3078 et
372 3024 522 3099 quatenus
543 3020 642 3100 prosit
663 3020 736 3099 lex,
765 3020 882 3080 scilieet
903 3021 986 3100 quod

62 3096 193 3159 liberum
216 3099 372 3162 arbitrium
403 3121 437 3163 se
459 3102 528 3164 solo
551 3101 629 3163 adeo
653 3121 781 3163 aaeeum
803 3105 857 3182 sit,
888 3114 920 3163 ut
948 3124 987 3164 ne

61 3182 144 3242 norit
165 3182 286 3261 quidem
310 3193 492 3265 pennatum,
515 3184 570 3247 sed
592 3185 661 3265 lega
684 3184 820 3248 doatrioa
843 3205 920 3267 opus
944 3188 986 3247 illi

62 3265 110 3329 sit.
142 3264 258 3346 Atqui
280 3276 440 3347 psooatum
463 3269 595 3350 ignorat,
620 3268 691 3348 quid
714 3268 767 3328 illa
780 3278 908 3330 oonetur
930 3289 985 3351 pro

62 3356 193 3428 peoosto
215 3350 404 3413 auterendo?
451 3351 519 3414 Hoo
541 3352 689 3432 scilieet,
713 3350 796 3430 quod
826 3361 986 3432 pennatum

62 3449 119 3511 pro
142 3451 205 3493 non
226 3441 373 3577 peecato,
396 3442 427 3496 et
448 3455 510 3497 non
532 3442 693 3517 peoaatum
716 3453 771 3515 pro
794 3443 922 3516 peceato
944 3437 987 3496 iu·

26 3592 32 3599 .
63 3513 189 3578 dioabit.
249 3515 373 3597 dquod
396 3520 586 3599 experientia
615 3519 688 3579 satie
710 3517 865 3600 declarat,
895 3537 985 3598 quam

64 3597 149 3659 odiat
171 3605 201 3659 et
221 3608 423 3681 persequatur
445 3602 575 3663 mundus
617 3621 672 3682 per
685 3681 688 3686 1
703 3619 757 3664 eos
776 3649 784 3682 ,
806 3620 885 3682 quos
908 3604 986 3683 opti·

137 3780 164 3851 ⁸)
184 3780 264 3837 Rom.
284 3783 309 3837 4.
