2348 4162
172 251 214 321 42
277 249 279 253 ’
460 251 621 324 Exemplum
638 250 798 326 theologiae

66 429 69 435 ’
175 435 282 479 omnes
305 417 355 479 alii
378 417 481 480 Sancti
504 418 719 492 excludantur,
742 417 797 478 sed
821 415 873 500 (ut
894 417 977 494 dixi)
1002 438 1094 498 opor·

173 502 231 562 tuit
251 501 332 562 huuc
353 521 525 562 sermonem
548 503 615 564 fieri
639 503 805 583 perlectum
823 503 998 583 exemplum
1021 502 1094 565 doc-

173 585 271 646 trinae
309 592 339 645 et
370 587 540 664 sapientiae
561 589 707 664 ipsorum.
750 586 854 647 Tatiae
877 587 937 646 iam
961 589 1093 666 repetiit,

175 668 256 745 quod
280 668 416 729 Christus
440 671 530 730 etiam
554 672 640 748 virgo
662 671 761 750 inerit,
785 677 815 730 et
825 671 959 748 virgines
977 671 1093 732 similes

173 751 217 812 illi
239 772 313 832 prae
341 752 481 813 omnibus
516 753 644 816 Sanctis.
688 753 736 815 Ita
764 754 897 814 delectet
917 753 1093 832 superbiam

172 835 262 897 istam
284 837 384 896 carnis
418 841 557 898 mortuae
589 856 696 898 omnes
719 836 850 898 Sanctos
873 836 1040 917 despicere,
1063 843 1095 898 et

174 938 259 980 suern
283 920 486 998 virginitatem
509 922 598 981 unice
620 921 771 998 admirari,
793 922 823 981 in
845 919 916 980 fidei
940 927 970 981 et
983 920 1094 983 Christi

173 1004 311 1063 iniuriam
335 1009 366 1062 et
387 1003 619 1082 blasphemiam.

256 1086 316 1148 eeu
339 1085 411 1165 quid
433 1087 472 1148 ad
493 1087 568 1149 illud
582 1088 728 1162 dicemus,
751 1088 876 1167 quod
848 1089 991 1165 virgines,
1014 1059 1094 1167 quae

174 1190 286 1269 egnum
310 1176 486 1268 sequuntur
510 1178 579 1231 sunt
601 1135 738 1245 masculi
760 1191 822 1231 uon
844 1172 1019 1232 foeminae?
1044 1172 1094 1232 Di

174 1255 214 1313 cit
237 1254 316 1313 euim
340 1253 379 1313 de
402 1255 445 1314 eis
467 1255 566 1353 Apoc.
589 1255 647 1318 14:
671 1255 709 1315 Hi
731 1262 801 1315 sunt
824 1257 887 1351 qui·
898 1274 966 1314 cum
990 1254 1095 1315 mulie·

172 1337 255 1398 ribus
281 1356 342 1398 nou
366 1343 436 1398 sunt
457 1340 661 1418 coinquinati
685 1339 817 1418 virgines
840 1337 919 1398 enim
942 1344 1013 1397 sunt
1035 1341 1094 1399 eto.

175 1420 339 1495 Quomodo
376 1427 478 1482 sutem
508 1428 640 1520 possunt
661 1423 803 1483 mulieres
826 1441 893 1482 cum
917 1421 1095 1483 mulieribus

172 1500 348 1583 inquinari?
382 1504 441 1565 sed
465 1507 516 1585 qui
538 1512 635 1566 totam
651 1505 837 1585 scripturam
859 1503 1092 1585 transeunter²)

173 1591 206 1650 et
227 1588 325 1649 obiter
346 1587 462 1669 legunt,
484 1589 641 1668 quomodo
665 1595 794 1669 possent
781 1588 896 1649 thunc
917 1588 1017 1650 locum
1042 1588 1093 1649 ob·

173 1691 315 1745 servare,
339 1691 407 1732 cum
429 1672 460 1731 in
485 1673 580 1734 multo
599 1680 685 1753 apert
673 1671 801 1736 tionibus
823 1677 951 1732 stertunt
978 1679 1009 1732 et
1039 1691 1096 1733 sne

173 1756 294 1818 somnia
315 1755 453 1836 tingant?

255 1836 351 1919 Igitur
380 1839 513 1918 virgines
541 1840 619 1899 istae
640 1845 712 1899 sunt
734 1838 899 1900 Christiani
916 1838 1097 1918 uirginitate

71 1928 73 1932 ’
174 1921 256 2003 fidei,
289 1923 340 2000 qui
371 1923 481 2001 spretis
514 1922 768 1985 fornicationibus
788 1921 942 1982 idolorum
965 1927 996 1982 et
1017 1921 1094 1983 doe·

173 2010 319 2068 trinarum
347 2006 514 2065 Meretricis
546 2011 730 2084 purpuratae
764 2005 864 2066 solum
887 2005 1040 2066 Christum
1062 2011 1097 2066 et

172 2109 289 2170 purum·
304 2090 368 2149 eius
391 2088 516 2149 verbum
539 2093 714 2168 sequuntur.
737 2085 798 2148 Aut
819 2089 844 2147 si
867 2088 1030 2150 carnaliter
1051 2088 1096 2149 in·

173 2172 270 2252 telligi
293 2172 575 2268 coinquinationem
597 2172 737 2251 velimus,
761 2171 913 2251 signifieat
936 2190 1011 2246 eos,
1042 2173 1097 2250 qui

94 2312 98 2319 .
169 2255 295 2317 foedum
324 2262 354 2315 et
387 2255 666 2353 inquinatissimum
699 2254 883 2316 coelibatum
906 2256 1096 2334 papistarum

169 2344 331 2418 spernunt
366 2344 396 2398 et
424 2345 509 2399 casto
545 2339 688 2419 coniugio
722 2337 814 2397 fidem
839 2337 950 2422 Christi
973 2345 1096 2417 ornent,

172 2423 251 2482 sicut
273 2421 364 2481 hodie
386 2420 451 2482 lieri
474 2421 622 2485 videmus

255 2505 353 2580 Quam
385 2505 537 2602 papaliter
564 2523 637 2565 vero
660 2503 785 2564 adducit
805 2501 880 2563 illud
903 2501 1095 2585 Sapientiae:

173 2588 272 2650 Omne
305 2608 410 2649 aurum
433 2590 463 2648 in
488 2589 720 2667 comparatione
742 2588 807 2647 eius
845 2605 937 2646 arena
960 2592 1007 2646 est
1029 2587 1081 2646 exi

173 2692 249 2751 gue3
278 2678 308 2732 et
329 2670 402 2731 illud
414 2671 533 2732 Eccles.
550 2674 607 2736 26:
630 2668 702 2733 Non
727 2677 773 2730 est
796 2670 889 2749 digna
911 2668 1095 2750 ponderatio

173 2755 359 2817 continentie
382 2755 513 2817 animae.

253 2837 409 2916 Scriptura
430 2838 489 2897 illis
526 2837 635 2914 quovis
658 2836 728 2898 loco
764 2834 922 2915 quodlibet
940 2833 1023 2895 valet
1055 2834 1096 2895 ad

173 2922 276 2982 omnia
298 2939 377 3000 quae
399 2920 516 2983 volunt.
539 2919 578 2979 Et
599 2918 708 2979 ludunt
728 2919 759 2979 in
783 2939 820 2979 ea
842 2937 897 2997 pro
920 2917 1017 2994 libito,
1040 2917 1101 2978 sed·

172 3005 261 3064 nimis
284 3004 365 3064 serio
388 3002 478 3083 ludo,
500 3003 530 3062 iu
554 3003 717 3083 perniciem
750 3001 821 3062 fidei
843 3007 874 3062 et
895 3001 1096 3080 ignominiam

173 3087 294 3164 Christi,
319 3091 349 3146 et
370 3084 601 3147 subversionem
624 3085 790 3166 ecclesiae,
819 3103 909 3162 quam
932 3084 980 3143 his
1002 3084 1096 3162 pesti-

171 3170 228 3231 bus
251 3169 436 3248 opprimunt.

256 3250 315 3313 Sed
345 3252 420 3311 satis
458 3253 496 3311 sit
533 3272 588 3332 per
615 3252 691 3312 haec
713 3251 866 3311 indicasse
900 3255 1042 3329 portenta
1064 3250 1097 3309 in

172 3335 234 3396 hoe
255 3353 396 3395 sermone
419 3341 583 3415 congesta,
606 3335 721 3395 nullum
745 3333 868 3394 verbum
892 3333 922 3391 in
946 3351 983 3412 ea
1006 3350 1097 3411 repe-

66 3488 69 3493 ·
172 3419 252 3478 rient
280 3415 402 3493 fideles,
436 3417 517 3496 quod
545 3438 608 3479 uon
633 3416 786 3498 praeferat
814 3417 1019 3495 virginitatem
1042 3435 1098 3495 per

173 3500 301 3561 liberum
323 3500 477 3563 arbitrium
501 3501 635 3564 oblatam
658 3499 746 3579 fidei,
767 3501 828 3560 hoc
850 3505 905 3580 est,
929 3498 1011 3578 quod
1034 3517 1096 3560 non

230 3742 262 3814 2)
283 3740 365 3799 Ibida
381 3741 562 3814 negligenter.
