2348 4162
352 260 380 311 et
398 252 542 312 doctrinae
560 255 723 327 papistieee.
960 258 1000 326 37

77 420 183 503 quiin
220 419 398 499 magistratu
426 420 586 481 serviebat.
631 420 671 481 Et
692 420 751 482 hec
772 420 857 483 lerve
886 421 1001 485 diaboli

76 503 237 564 conterriti
259 503 322 563 lere
345 522 453 565 omnes
476 510 660 584 coeperunt,
682 505 830 584 neglectis
851 507 913 567 suis
935 506 1001 568 offi-

77 588 134 648 ciis
159 593 213 648 eut
234 586 322 647 elteri
344 588 527 667 commissis,
548 587 608 667 ipsi
630 588 659 647 in
683 589 804 669 templis
827 591 913 669 quasi
936 609 1000 652 mo·

75 670 169 731 nechi
191 668 315 730 assidue
333 688 420 731 orere
443 676 474 730 et
497 669 567 732 Deo
590 672 715 732 servire.

162 753 344 832 Quanquam
367 754 444 814 hece
459 753 647 834 negligentis
659 752 829 815 officiorum
852 774 912 816 non
936 763 999 818 tem

74 836 195 919 grande
229 837 342 898 molum
368 837 437 916 tuit,
466 855 557 916 quem
584 836 667 916 quod
690 839 750 898 hnc
771 839 917 918 opinione
938 858 998 900 ser·

74 919 182 983 viendi
205 920 270 981 Deo
303 920 401 999 ipsam
435 920 525 980 fidem
548 921 578 979 in
602 919 755 982 Christum
788 922 1001 983 exstinxerunt

75 1012 108 1066 et
118 1005 249 1065 miseros
262 1004 402 1065 homines
424 1023 486 1066 uon
510 1003 610 1064 solum
633 1024 652 1064 e
673 1023 749 1065 suee
771 1007 943 1066 vocationis
957 1007 1000 1067 of·

73 1088 155 1149 ficiis
178 1085 458 1167 absterruerunt1),
487 1086 541 1147 sed
564 1088 655 1147 etiem
677 1087 818 1149 fiduciam
843 1089 999 1150 collucere

74 1167 293 1244 docuerunt²)
318 1170 351 1230 in
376 1171 441 1230 iste>
457 1169 561 1231 officie
585 1190 603 1229 e
625 1190 680 1231 sue
702 1173 867 1234 vocatione
888 1172 999 1252 eliens,

75 1274 158 1334 quoe
183 1258 214 1314 et
234 1253 394 1314 verissime
415 1252 576 1332 dupliciter
596 1252 680 1314 luere
694 1261 831 1334 peccate,
856 1253 997 1334 semel³l

75 1336 161 1418 quod
173 1337 237 1397 suis
259 1335 370 1397 officiis
383 1336 532 1417 neglectis
544 1337 611 1399 Deo
633 1336 846 1399 inobedientes
868 1339 999 1416 fuerunt,

75 1419 215 1495 seeundo
249 1419 331 1500 quod
360 1419 469 1480 alienis
503 1418 613 1480 officiis
636 1421 703 1482 Deo
726 1422 894 1484 servientes
916 1428 948 1483 et
967 1423 997 1484 in

75 1506 120 1566 eis
142 1503 275 1564 fidentes
300 1522 373 1564 vere
393 1502 544 1564 idolatrae
565 1503 694 1564 fuerunt.
997 1512 1000 1517 ’

159 1586 245 1649 Ecce
267 1586 293 1645 is
316 1587 371 1646 fuit
392 1586 507 1647 fruetus
529 1587 618 1646 buius
641 1586 809 1666 doetrinee,
833 1605 924 1666 quem
939 1589 998 1648 iste

74 1689 179 1732 sermo
201 1669 321 1747 docuit,
344 1668 462 1732 seilicet
483 1670 610 1730 Nonnes
633 1671 746 1730 servire
769 1670 835 1730 Deo
859 1676 999 1730 aeterne·

73 1755 144 1816 liter
166 1771 297 1833 corpore
321 1758 351 1812 et
373 1754 484 1813 enimc.
534 1753 602 1812 Hoe
624 1752 772 1813 sce-udelo
795 1752 998 1815 abominatio·

73 1839 122 1898 nis
146 1836 360 1899 subverterunt
382 1842 412 1896 et
439 1837 584 1915 pietatem
617 1835 688 1896 fidei
732 1839 763 1897 et
807 1835 909 1897 officie
944 1855 998 1916 po-

74 1921 170 2000 litiee,
194 1925 345 1998 utrunque
358 1919 613 1998 scilieetreguum
631 1919 697 1996 Dei,
720 1925 879 1980 externum
903 1925 934 1980 ct
955 1921 1000 1980 iu·

41 2042 45 2049 .
74 2009 207 2066 ternum.

157 2085 264 2146 Velnit
285 2090 386 2144 eutem
408 2085 467 2144 illis
487 2084 653 2164 plurimum
665 2085 820 2165 Principes
844 2091 874 2146 et
895 2085 997 2166 Reges

74 2171 120 2231 his
145 2167 343 2250 opinionibus
377 2168 533 2246 sacrilegis
561 2186 630 2228 esse
659 2174 765 2247 septos
790 2178 819 2229 et
841 2167 999 2231 demente·

75 2261 145 2314 tos:
181 2271 252 2312 nem
287 2252 347 2311 hec
367 2259 432 2310 erte
454 2256 640 2331 paraverunt
661 2257 693 2311 et
725 2250 920 2313 subiecerunt
942 2251 998 2312 sibi

75 2334 223 2397 mundum
247 2339 278 2395 et
301 2353 423 2394 omnem
448 2338 588 2394 ornatum
611 2333 716 2408 seculi,
739 2353 829 2413 quem
847 2342 908 2394 tem
931 2334 998 2395 reli·

74 2422 163 2500 giose
197 2424 353 2498 spernunt,
376 2417 453 2477 Num
471 2417 627 2496 Principes
650 2423 681 2477 ct
702 2418 814 2497 Reges,
837 2417 999 2501 desperen-

74 2510 120 2564 tes
143 2501 184 2563 dc
202 2502 266 2562 suis
290 2498 400 2560 officiis
424 2506 454 2559 et
476 2498 622 2576 statibus,
654 2499 724 2579 quid
750 2499 832 2560 aliud
854 2501 999 2578 fecerent,

75 2605 167 2665 quum
202 2588 237 2644 ut
269 2583 377 2643 alienis
410 2582 521 2644 officiis
545 2585 614 2641 ses'e
635 2582 827 2642 solarentur?
870 2583 909 2641 ldt
931 2601 1000 2642 cum

74 2665 191 2750 fides4)
215 2667 260 2727 eis
282 2672 364 2726 esset
387 2668 493 2746 ignote
527 2672 556 2724 et
577 2684 632 2744 per
654 2665 831 2744 pestilentes
848 2665 1000 2725 istcslle·

74 2752 188 2832 gistroe
212 2749 377 2810 obscurato
398 2756 429 2808 et
451 2746 647 2826 abscondite,
670 2748 754 2809 nulle
776 2753 862 2809 erent
882 2747 1001 2826 relique

75 2833 191 2912 officie,
205 2851 296 2912 quem
309 2832 489 2892 Nonnornm
504 2836 534 2891 et
552 2831 741 2910 Nounerum,
764 2850 891 2912 quorum
915 2849 1001 2911 pree·

74 2916 160 2978 eidiis
183 2922 345 2996 sperarent
364 2914 438 2974 falvi
461 2912 536 2975 lieri.

155 2996 257 3079 Igitur
290 2998 328 3058 sd
364 2995 607 3076 participandum
643 2996 702 3056 illis
730 3004 880 3057 suxerunt
909 3017 946 3057 ee
967 2997 999 3056 in

75 3081 242 3161 inlinitum,
267 3079 483 3154 aedificantes,
507 3079 666 3157 dotantes,
687 3079 913 3159 locupletantes
936 3098 1001 3140 mo·

77 3166 211 3226 nesterie
233 3166 300 3224 siue
322 3162 383 3223 line
406 3169 436 3223 et
460 3163 527 3223 sine
556 3161 670 3241 modo,
704 3168 736 3222 ut
768 3162 912 3222 mundum
934 3163 1001 3222 istis
1080 3203 1082 3206 -

78 3249 231 3328 speluncis
254 3246 448 3309 diabolorum
472 3251 515 3306 et·
525 3244 717 3308 diabolorum
731 3245 925 3325 repleverint,
949 3244 1002 3305 do·

76 3351 132 3392 neo
153 3332 213 3411 ipsi
236 3330 288 3389 vix
313 3328 470 3388 dimidium
494 3348 597 3388 rerum
620 3329 814 3407 retinuerint,
846 3334 876 3388 et
898 3329 1002 3389 omnia

77 3413 268 3493 profuderint
288 3414 318 3472 in
342 3413 401 3473 iste
423 3412 539 3490 aliene,
572 3410 603 3470 id
626 3418 688 3491 est,
712 3411 863 3492 sacrilege
885 3416 916 3471 et
936 3409 1001 3471 ido·

127 3688 156 3757 1)
179 3687 211 3741 In
230 3684 274 3742 cd.
294 3684 382 3755 orig:
402 3683 597 3740 absterrerent.
616 3685 644 3751 2)
664 3681 747 3737 Ibid.:
767 3681 907 3739 docerent.
927 3680 983 3751 3)1

82 3757 124 3818 ed.
142 3759 216 3815 ient
237 3757 362 3831 primum.
399 3757 429 3827 4)
448 3755 533 3811 ibid:
554 3755 684 3813 doctrina
701 3750 778 3823 fider,
952 3753 955 3761 '
