2348 4162
132 241 197 310 392
313 242 518 300 Concinncnlae
536 243 675 315 quaedam
692 242 728 299 D.
745 243 782 299 ll.
800 242 855 297 L·

216 417 364 493 Quaestio
386 421 449 495 est,
481 411 577 498 quare
604 416 772 497 discipulos
793 417 962 497 interroget
985 420 1054 477 tan·

133 499 239 579 tando,
261 518 330 562 cum
353 500 454 580 sciret,
474 502 546 580 quid
568 502 663 565 vellet
682 501 795 564 lacere.

474 585 709 667 Respondetur:

215 666 256 728 Ut
277 667 454 729 ostenderet
475 669 520 729 eis
557 670 627 750 ipso
661 668 761 747 facto,
795 685 886 746 quam
909 666 940 725 in
963 665 1052 726 rebus

131 749 306 812 huiusmodi
329 751 422 812 stulta
444 758 476 812 et
498 752 573 813 nibil
600 754 640 813 sit
666 751 745 812 ratio
775 749 925 828 bumana,
961 746 1052 812 tiebat

134 833 286 914 (inquit),
326 843 391 897 tuos
422 834 516 898 mallet
546 837 590 915 tlt
623 838 685 913 bad)
718 831 776 897 mol
806 834 877 909 tbuu
900 833 1051 910 laisidai

132 917 271 993 llttbenl
292 917 381 982 Deua
402 918 445 996 ibt
466 920 544 997 lebet.
567 919 656 991 meld’
677 918 722 980 ain
742 915 910 993 bonitate
932 914 975 990 ill,
998 917 1050 978 unt

131 1001 184 1063 mit
206 1002 263 1076 aaa
285 1002 358 1077 [elba
375 999 508 1064 ffiettelet.
531 1002 571 1062 ut
591 1003 651 1082 ipsi
672 998 861 1081 respondent
882 997 1050 1061 secundum

131 1085 282 1145 rationem
315 1084 390 1144 satis
418 1083 526 1165 digne,
560 1085 678 1146 scilicet
710 1082 936 1163 desperandum
974 1099 1050 1158 esse,

132 1167 203 1246 quia
225 1168 317 1228 etiam
343 1165 394 1246 (ut
411 1167 568 1248 Philippus
587 1168 780 1230 arithmetica
791 1168 943 1246 sapientia
960 1163 1048 1241 dicit)

131 1250 253 1310 ducenti
275 1248 393 1310 denarii
414 1250 488 1311 nihil
509 1259 623 1329 essent,
646 1270 714 1313 eum
728 1252 786 1331 ipsi
809 1251 860 1310 vix
879 1249 959 1311 duos
976 1249 1050 1309 forte

132 1333 276 1393 denarios
297 1332 455 1395 baberent.
488 1333 556 1409 illio
578 1334 629 1412 lull
652 1336 717 1409 lidia
740 1335 864 1412 cultim,
887 1340 953 1399 tuot
978 1330 1050 1398 osu

129 1416 201 1488 tbutt
222 1414 291 1479 utu.
319 1414 355 1477 Id
378 1422 434 1493 est,
456 1417 619 1479 invisibilia
640 1417 754 1480 debent
775 1435 854 1495 esse,
876 1435 958 1496 quaa
980 1432 1049 1474 mox

131 1504 223 1560 erunt
244 1498 391 1579 visibilia,
428 1519 467 1560 ex
489 1499 584 1562 nihilo
612 1499 726 1562 debant
752 1499 818 1560 lieri
840 1500 961 1578 omnia,
993 1496 1049 1557 boc

131 1582 250 1643 scilicet
273 1582 371 1643 voluit
390 1584 450 1645 ista
471 1585 660 1663 quaestione.
678 1584 737 1645 illis
758 1581 972 1663 praeiudicare
978 1631 988 1662 ,
1019 1586 1048 1639 ut

130 1671 241 1746 postea
261 1665 415 1727 discerent
436 1664 531 1727 fidere
553 1674 585 1728 et
607 1666 734 1731 credere
757 1666 952 1746 ultraquam
974 1664 1047 1727 ratio

130 1767 242 1828 capere
264 1749 372 1830 possit.

160 1913 201 1977 In
225 1914 285 1976 die
307 1916 631 1978 annunciationis
654 1914 813 1979 christi.
857 1913 1014 1979 Luccei.

210 2079 246 2143 In
270 2100 376 2142 mense
397 2088 500 2143 autem
522 2088 611 2144 sexto
634 2082 745 2142 missus
776 2084 824 2142 est
845 2080 976 2162 angelus
992 2080 1046 2143 Ga·

127 2162 204 2224 briel
227 2183 245 2225 a
268 2164 335 2225 Deo
356 2165 387 2225 in
411 2165 567 2225 civitatem
591 2164 759 2241 Galilaeae,
781 2165 830 2225 cui
851 2183 968 2226 nornen
990 2164 1045 2225 Na·

128 2246 242 2326 zareth,
274 2246 313 2307 ad
336 2248 485 2327 virginem
509 2247 728 2329 desponsatam
751 2248 833 2325 viro,
865 2247 913 2308 cui
937 2267 1044 2309 nomen

128 2336 194 2390 erat
214 2330 345 2409 loseph,
380 2329 419 2391 de
448 2330 540 2391 domo
568 2330 684 2408 David,
718 2337 749 2391 et
780 2349 895 2392 nornen
924 2331 1044 2413 virginis

127 2413 232 2491 Maria,
255 2418 286 2474 et
306 2415 462 2494 ingressus
479 2415 607 2495 angelus
631 2412 669 2475 ad
693 2432 761 2474 eam
778 2412 871 2474 dixit:
893 2432 963 2491 ave,
984 2432 1045 2495 gra·

128 2498 169 2557 tia
193 2496 299 2576 plena,
329 2497 478 2558 Dominus
501 2503 618 2576 tecum,
652 2496 815 2558 benedicta
837 2502 869 2557 tn
891 2498 923 2558 in
947 2498 1045 2559 mulie·

125 2579 217 2641 ribus.

209 2660 296 2737 Quae
326 2681 396 2722 cum
426 2662 580 2739 audisset,
614 2661 737 2723 turbata
768 2668 815 2723 est
846 2663 877 2723 in
906 2680 1045 2724 sermone

126 2746 190 2806 eius
231 2753 261 2805 et
283 2744 455 2825 cogitabat,
489 2745 587 2825 qualis
626 2751 709 2806 esset
732 2746 791 2806 ista
813 2745 969 2812 salutatio.
1010 2744 1046 2805 lit

130 2830 172 2889 ait
193 2829 322 2908 angelus
345 2830 384 2889 ei:
417 2828 464 2888 Ne
486 2829 612 2907 timeas,
646 2828 758 2907 Maria,
792 2829 937 2890 invenisti
968 2830 1044 2891 enim

40 2918 46 2927 ’
125 2912 255 2991 gratiam
279 2911 359 2990 apud
383 2911 502 2988 Deum,
537 2931 609 2973 ecca
632 2913 788 2992 concipies
820 2913 851 2972 in
880 2919 987 2989 utero,
1018 2916 1046 2971 at

124 2994 226 3075 parias
248 2992 359 3073 filium,
394 3001 424 3055 et
446 2994 572 3056 vocabis
603 3013 715 3055 nomen
744 2996 808 3055 eius
837 2992 964 3073 Iesum,
998 2995 1045 3055 hic

125 3077 182 3137 erit
204 3094 333 3155 magnus
373 3076 505 3138 attilius
528 3077 677 3141 Altissimi
701 3077 877 3155 vocabitur,
911 3085 943 3139 et
966 3077 1047 3140 dabit

125 3158 169 3219 illi
192 3159 345 3220 Dominus
370 3161 448 3220 Deus
471 3160 575 3221 sedem
598 3160 698 3221 David
721 3161 900 3241 patrissui,
930 3168 962 3222 et
983 3180 1044 3240 reg·

124 3241 209 3304 nabit
241 3243 271 3302 in
305 3242 398 3304 domo
421 3243 516 3306 Iacob
549 3245 579 3304 in
612 3250 785 3324 aeternum,
818 3250 849 3305 et
873 3246 961 3325 regni
983 3246 1044 3305 eius

124 3346 185 3388 non
209 3328 266 3388 erit
286 3324 367 3387 linis.

206 3408 293 3473 Dixit
315 3416 417 3470 autem
440 3409 535 3471 Maria
557 3409 596 3471 ad
619 3407 783 3488 angelum:
806 3406 975 3483 Quomodo
996 3408 1046 3470 liet

123 3491 221 3574 istud,
254 3493 398 3573 quoniam
425 3493 520 3553 virum
543 3512 605 3554 non
621 3490 814 3572 cognosco?
856 3493 896 3553 Et
919 3511 1045 3574 respon·

125 3574 202 3636 dens
227 3576 354 3656 angelus
377 3574 455 3636 dixit
476 3577 519 3636 ei:
552 3576 681 3657 Spiritus
705 3580 829 3639 sanctus
852 3576 1045 3657 superveniet

124 3659 155 3717 in
180 3663 224 3734 te,
254 3664 284 3719 et
305 3660 400 3719 virtus
423 3658 572 3720 Altissimi
595 3656 789 3720 obumbrabit
810 3658 881 3738 tibi,
914 3659 1045 3738 ideoque

126 3746 156 3802 et
189 3741 271 3820 quod
302 3748 445 3804 nascetur
477 3762 518 3804 ex
539 3749 570 3804 te
600 3747 739 3803 sanctum
776 3741 939 3805 vocabitur
968 3741 1044 3803 lilius
