2348 4162
355 196 393 286 ad
410 220 444 286 D.
463 222 607 286 Erasmum
624 221 852 287 Roterodamum.
1002 220 1064 294 273

136 399 357 461 necessitatem
381 406 413 460 et
435 401 686 480 consequentiam
709 407 740 461 tu
756 399 978 462 sictesolaris:
1001 397 1065 463 Sed

136 483 214 563 quia
235 481 327 543 ludas
350 489 452 563 potest
474 490 591 544 mutare
608 484 797 545 voluntatem
813 482 970 564 prodendi,
992 482 1064 544 ideo

136 584 204 627 non
226 572 274 626 eat
296 566 464 627 necessitas
486 568 713 647 consequentis.
735 566 825 647 Rogo
838 573 879 646 te,
905 565 1063 646 quomodo

137 648 330 710 conveniunt
349 648 403 711 ilia
414 649 492 710 duo:
515 648 608 711 Iudas
624 655 726 731 potest
742 669 804 711 non
819 649 951 730 prodere
967 649 1064 728 velle3

138 738 172 793 et
192 749 322 793 necesse
344 739 407 811 est,
430 739 462 793 ut
483 731 574 795 Iudas
597 733 727 814 prodere
750 732 845 793 velit?
888 730 1000 793 Nonne
1021 731 1063 793 di·

138 821 225 876 recte
247 813 462 877 contradicunt
493 822 524 877 et
552 815 716 897 puguant?
759 816 828 877 Non
850 822 978 896 cogetur
1002 816 1063 888 (in-

137 899 226 978 quiet
251 898 382 979 prodere
403 899 525 961 invitus.
569 898 649 975 Quid
671 900 732 961 hoc
753 899 792 961 ad
815 897 900 960 ram?
928 898 975 959 Tu
998 898 1063 958 dix·

135 982 188 1042 isti
209 979 249 1042 de
282 982 469 1043 uacoesitate
491 984 719 1063 consequentis,
751 983 835 1043 iiiam
858 981 977 1042 scilicet
997 999 1061 1043 non
1142 1023 1144 1026 ψ

136 1063 241 1124 induci
263 1065 449 1126 necessitate
471 1067 720 1146 consequentiae,
742 1065 816 1127 nihil
839 1064 877 1126 de
900 1067 1063 1126 coactione

137 1149 358 1227 consequentis
380 1148 494 1213 dixisti.
538 1149 711 1229 Responsio
740 1148 796 1209 tuit
818 1147 857 1231 de
878 1149 1063 1209 necessitate

137 1231 368 1311 consequentis,
392 1238 423 1293 et
444 1238 475 1292 tu
499 1232 673 1312 exemplum
697 1232 815 1312 profers
840 1231 877 1292 de
900 1232 1062 1292 coactione

137 1312 366 1393 consequentis.
415 1313 506 1377 Aiiud
539 1334 672 1395 quaero,
709 1322 740 1376 et
772 1314 855 1376 aliud
888 1323 919 1375 tu
948 1313 1061 1376 reddis.

136 1397 206 1459 Hoc
228 1397 302 1458 iacit
324 1398 488 1459 oscitantia
510 1397 573 1475 illa,
598 1416 658 1478 qua
679 1417 741 1459 nou
756 1398 945 1477 observatur,
969 1416 1060 1477 quam

136 1479 211 1541 nihil
234 1477 349 1542 efficiat
380 1480 455 1542 illud
489 1489 697 1543 commentum
721 1480 759 1541 de
782 1481 967 1542 necessitate
989 1498 1060 1541 con-

137 1564 304 1644 sequentis.

219 1645 307 1707 Haec
337 1646 376 1708 de
397 1648 497 1726 primo
518 1647 608 1726 loco,
643 1647 693 1727 qui
731 1646 785 1707 iuit
808 1645 846 1707 de
867 1645 1061 1708 induratione

135 1727 319 1810 Pharaonis,
341 1730 392 1810 qui
415 1737 516 1791 tamen
541 1749 649 1791 omnes
673 1730 759 1791 iocos
783 1735 814 1790 et
828 1729 939 1790 multas
954 1730 1059 1809 copias
1112 1728 1116 1733 ’

135 1812 282 1892 invoivit,
317 1832 432 1892 easque
454 1814 593 1876 invictas.
637 1812 723 1873 Nunc
744 1812 873 1874 alterum
903 1811 1060 1873 videamus

137 1895 174 1957 ds
195 1895 291 1958 iacob
314 1902 346 1958 et
366 1896 464 1974 Esau,
492 1896 662 1976 dequibus
690 1895 821 1957 necdum
845 1896 924 1956 natis
947 1894 1061 1956 dictum

109 1987 200 2044 'ectr
229 1978 329 2040 Maior
351 1980 463 2040 serviet
496 1981 614 2045 minori.
659 1980 748 2041 Hunc
772 1980 872 2040 iocum
896 1980 942 2040 sic
964 1979 1062 2040 eludit

121 2061 278 2141 diatribe,
299 2062 382 2142 quod
405 2065 530 2144 proprie
553 2083 615 2125 non
639 2065 771 2144 pertinet
793 2062 831 2124 ad
855 2062 984 2124 salutem
1007 2064 1061 2124 ho·

137 2147 238 2223 minis,
259 2153 362 2226 potest
391 2147 472 2207 enirn
495 2147 578 2208 Deus
599 2147 698 2228 velie,
722 2153 755 2207 ut
775 2147 870 2208 homo
892 2165 999 2207 servus
1022 2148 1061 2206 sit

138 2237 168 2291 et
190 2248 320 2310 pauper,
343 2229 418 2290 velit
439 2230 532 2310 nolit,
567 2249 624 2291 nec
647 2237 748 2291 tamen
772 2231 926 2291 reiiciatur
948 2229 986 2291 ab
1009 2249 1058 2290 ae·

137 2320 226 2374 terna
248 2312 357 2374 salute.

220 2394 310 2476 Vide,
332 2414 459 2477 quaeso,
481 2404 556 2476 quot
577 2395 756 2456 diverticula
779 2402 810 2455 et
831 2394 944 2476 effugia
966 2394 1060 2474 quae'-

137 2486 184 2541 rat
206 2477 341 2539 lubricus
364 2480 502 2560 animus,
537 2485 569 2540 et
601 2481 652 2558 qui
685 2480 843 2538 veritatem
877 2478 968 2559 rugit,
1002 2498 1061 2540 neo

137 2569 240 2623 tamen
263 2561 379 2642 effugit.
422 2562 497 2624 Esto
521 2581 609 2638 sane,
644 2561 729 2622 iocus
751 2561 802 2621 iile
823 2580 884 2622 non
909 2563 1059 2640 pertineat

137 2645 174 2707 ad
197 2645 328 2707 salutem
351 2646 492 2725 hominis,
516 2646 554 2706 de
576 2663 637 2726 quo
659 2643 747 2720 infra,
768 2643 904 2724 nunquid
920 2645 990 2705 ideo
1013 2646 1059 2705 ni-

136 2728 177 2790 hil
200 2727 296 2790 efficit
318 2729 446 2806 Paulus,
481 2731 531 2808 qui
547 2729 638 2789 illurn
664 2727 810 2788 adducit?
845 2727 1059 2793 Ridiculumne

137 2818 189 2874 aut
217 2813 354 2893 ineptum
382 2811 529 2873 faciemus
552 2813 678 2873 Paulum
709 2813 739 2871 in
768 2810 976 2892 disputatione
996 2818 1058 2872 tam

136 2894 237 2958 aeria?
281 2895 393 2955 Verum
423 2895 497 2957 iilud
524 2895 796 2976 Hieronymianum
820 2898 882 2972 est,
916 2897 967 2975 qui
995 2914 1059 2955 non

136 2997 197 3040 uno
220 2978 294 3041 loco
316 2977 410 3040 audet
432 2979 632 3059 superciliose
666 2981 759 3057 satis,
798 2979 851 3038 sed
885 2978 974 3039 simul
1005 2997 1058 3040 ore

136 3061 290 3143 sacrilego
312 3060 429 3124 dicere:
466 3062 512 3122 Ea
533 3080 671 3143 pugnare
698 3060 780 3142 apud
802 3061 945 3140 Paulum,
979 3081 1078 3141 quae,
1111 3113 1114 3119 .

136 3144 213 3208 iocis
236 3146 299 3207 suis
331 3164 394 3206 non
426 3155 573 3227 pugnant.
617 3145 684 3205 Hoc
718 3152 766 3205 est
798 3152 911 3206 tantum
940 3143 1054 3206 dicere:

135 3229 249 3290 Paulus
282 3248 351 3289 cum
370 3228 585 3290 'fundamenta
614 3228 766 3307 dogmatis
790 3228 951 3289 Christiani
974 3229 1057 3308 iacit,

136 3313 209 3374 uihii
232 3312 325 3393 iacit,
361 3313 419 3374 nisi
451 3311 533 3392 quod
556 3311 703 3393 depravat
727 3310 899 3391 Scripturas
927 3310 1056 3391 divinas,

136 3405 166 3458 et
186 3395 267 3457 ludit
288 3396 405 3457 animas
433 3394 569 3457 fidelium
602 3396 755 3456 sententia
788 3412 843 3456 suo
867 3393 993 3455 cerebro
1016 3393 1056 3455 ei·

135 3479 208 3541 dcta
240 3485 272 3540 et
293 3479 455 3559 Scripturis
491 3479 641 3540 violenter
664 3479 789 3541 intrusa.
834 3476 885 3538 Sic
911 3478 1056 3538 honorari

137 3561 228 3625 debet
250 3561 380 3643 Spiritus
412 3563 443 3623 in
472 3569 579 3623 sancto
601 3562 655 3623 illo
678 3568 708 3622 et
735 3560 834 3623 electo
859 3577 975 3642 organo
998 3561 1057 3623 Dei

136 3646 243 3712 Paulo.
296 3647 399 3726 Atque
433 3645 484 3708 ubi
514 3645 718 3726 Hieronymus
750 3664 818 3707 cnm
850 3643 963 3706 iudicio
996 3645 1056 3725 legi

137 3728 257 3809 debeat,
280 3736 311 3791 et
331 3728 392 3792 hoc
414 3728 526 3792 dictum
549 3731 615 3791 eius
637 3729 717 3790 inter
732 3748 769 3791 ea
791 3729 954 3808 numerari,
977 3746 1057 3809 quae

162 3843 253 3884 Luthari
267 3853 319 3894 opp,
334 3843 397 3885 Μ.
412 3843 441 3884 sd
454 3844 495 3887 rat.
506 3843 557 3885 hist.
571 3845 587 3885 t.
601 3854 623 3894 p.
638 3842 744 3885 Votvii.
850 3812 889 3878 18
