2348 4162
269 276 309 334 ad
326 276 360 336 D.
377 279 520 337 linaearum
538 279 765 339 Roterodamum.
917 281 980 347 197

56 443 213 528 habetque
244 467 329 510 nuno
348 448 494 510 Erasmus
526 450 588 511 duo
622 450 717 514 iibera
746 451 870 515 arbitria
906 472 980 535 praa

57 533 168 592 eeteria
183 530 311 611 'sibique
333 551 459 613 proraua
480 535 657 615 pugnantia.

139 612 203 676 seu
227 615 354 678 dimisso
380 617 452 696 iiio,
487 618 570 698 quod
600 617 736 678 definitio
773 615 875 696 finxit,
909 616 980 696 hoo,

51 696 141 778 ,quod
163 700 349 759 eontrarium
385 701 454 779 ipsa
481 702 585 779 opinio
620 702 777 781 proponit,
810 702 980 762 videamus.

56 779 213 843 Gonoedia
231 779 387 842 bominem
416 784 482 843 eine
510 785 608 863 gratia
632 784 776 863 peculiari
801 803 862 844 nou
886 802 979 863 posse

55 863 139 925 veile
160 862 277 924 bouum
303 866 422 946 (neque
446 867 526 925 enirn
556 886 637 927 nuno
667 867 874 946 disputamus,
908 866 979 945 quid

55 948 156 1027 gratia
180 943 238 1008 Dei
261 950 374 1027 possit,
408 949 462 1009 aad
486 949 557 1029 quid
581 949 675 1010 horno
700 952 766 1012 eine
788 951 887 1030 gratia
910 968 979 1029 poa-

55 1030 133 1105 ait),
167 1031 315 1092 concedis
347 1051 421 1111 ergo
445 1031 572 1091 liberum
606 1033 762 1093 arbitrium
792 1051 854 1092 nou
888 1051 980 1112 posse

55 1112 138 1174 velie
159 1111 294 1192 bonum3
316 1114 376 1175 hoo
398 1122 445 1175 eet
468 1114 550 1177 aliud
574 1115 664 1189 nibii,
688 1135 778 1196 quam
803 1134 863 1175 non
887 1134 981 1195 poseo

55 1213 126 1257 aeae
140 1196 299 1275 applicare
321 1197 359 1257 ad
383 1217 430 1274 ea,
454 1213 617 1277 quaeruut
640 1199 746 1259 salutis
771 1206 925 1274 aeternae,
948 1205 982 1258 ut

54 1285 109 1341 tua
131 1279 246 1339 deoiuit
265 1278 413 1342 definitio.
458 1279 536 1356 Quin
560 1282 653 1361 paulo
673 1290 743 1342 ante
767 1282 852 1356 dicis,
876 1281 981 1342 voiun-

55 1369 152 1422 tatem
180 1360 344 1424 humanam
380 1371 452 1443 poet
480 1371 639 1442 peecatum
664 1366 709 1424 sio
742 1384 809 1423 ease
832 1364 979 1443 deprava·

55 1450 138 1520 ton,
171 1451 206 1505 ut
227 1446 341 1506 amiaaa
375 1448 516 1507 libertate
551 1457 679 1527 ungatur
700 1450 815 1506 servire
851 1456 980 1527 peceato

56 1546 116 1589 neo
147 1530 247 1606 poaeit
275 1547 309 1588 ee
341 1549 489 1590 revocare
511 1529 549 1590 ad
586 1532 741 1591 meliorem
772 1530 900 1609 frugem.
941 1528 981 1589 Et

56 1611 114 1672 uiai
138 1609 240 1685 iuiior,
262 1610 352 1672 buius
374 1614 547 1673 sententiae
569 1614 643 1674 iaoia
668 1613 856 1691 Pelagianos
877 1611 980 1672 fuisse.

56 1691 201 1756 Arbitror
231 1693 282 1755 hio
309 1697 370 1758 iam
400 1696 515 1756 nuiium
540 1697 651 1758 Proteo
685 1704 792 1777 patere
826 1694 983 1774 effugium,

57 1777 175 1857 apertis
198 1776 298 1838 verbio
333 1787 441 1858 oaptus
471 1787 603 1855 tenetur,
627 1780 756 1855 scilieet,
789 1778 980 1838 voluntatem

58 1860 178 1921 aminea
199 1857 339 1921 libertate
362 1864 431 1944 uogi
454 1881 491 1922 aa
513 1864 609 1924 teneri
630 1865 661 1925 iu
684 1863 828 1923 servitute
850 1861 980 1940 peoeati.

57 1942 238 2025 Oegregie
264 1943 391 2004 iiberum
421 1945 596 2019 arbitrium,
630 1946 713 2025 quod
750 1946 864 2009 aminea
895 1942 983 2005 iiber·

58 2032 123 2087 tate
146 2043 271 2086 eervurn
295 2029 414 2107 peooati
437 2028 475 2089 ab
497 2033 565 2108 ipso
590 2029 718 2091 Erasmo
742 2029 860 2092 dieitur.
890 2025 980 2103 Quod

57 2127 128 2169 oum
140 2107 291 2169 Luiherua
313 2109 441 2187 diceret,
463 2109 537 2170 nihil
560 2112 722 2172 absurdius
745 2111 882 2173 auditum
906 2118 981 2190 erat,

57 2190 133 2254 nibil
151 2190 288 2253 inutilius
322 2194 383 2253 boo
416 2193 577 2274 paradoxo
614 2196 766 2274 iuvuigari
797 2195 917 2275 potuit,
950 2200 984 2253 ut

57 2276 153 2338 etiam
177 2272 324 2337 diatribae
347 2277 376 2336 in
400 2296 469 2337 euru
493 2277 593 2337 earibi·
608 2287 774 2358 oporteret.

143 2354 204 2419 Sed
227 2356 306 2419 forta
328 2359 399 2419 mihi
434 2379 525 2421 nemo
560 2361 679 2435 credet,
710 2362 770 2420 iata
792 2357 830 2419 ab
852 2356 983 2419 Eraamo

57 2440 137 2522 diui,
164 2440 285 2521 legatur
315 2442 376 2503 hoo
397 2441 468 2504 looo
504 2442 633 2504 diatriba
655 2449 686 2502 et
708 2442 873 2502 mirabitur.
915 2439 983 2520 Ego

57 2529 163 2586 umen
187 2541 250 2583 uon
284 2524 375 2587 vuido
409 2527 518 2606 miror,
556 2527 606 2606 qui
630 2527 709 2587 enim
732 2526 813 2585 bauo
834 2542 897 2583 rem
921 2542 982 2585 non

58 2605 304 2687 habet'aariam,
334 2626 434 2688 neque
469 2626 582 2670 aauaae
620 2608 777 2688 aliquanto
793 2604 820 2684 1)
844 2605 984 2685 aiiiaitur,

59 2687 115 2752 aad
138 2706 266 2770 prorsus
288 2691 391 2752 auimo
419 2690 570 2754 alienatus
594 2691 696 2752 taedet
717 2690 765 2751 vei
788 2690 895 2769 friget,
935 2688 984 2749 vei

60 2777 207 2845 nauseat,
243 2773 401 2852 quomodo
433 2776 460 2834 ia
481 2794 542 2836 nou
565 2776 679 2853 passim
703 2773 818 2834 diceret
839 2771 981 2851 absurda,

60 2857 182 2937 inepta,
204 2858 391 2936 pugnantia,
421 2857 492 2917 dum
515 2858 598 2918 velut
621 2858 722 2918 ebrius
743 2855 793 2917 vei
816 2855 985 2916 dormitans

62 2956 189 3002 cauum
211 2945 295 3020 agat,
317 2940 456 3020 interque
469 2939 656 3002 sterteudum
668 2945 804 3001 ructuat:
826 2939 891 3013 Eat,
904 2937 985 3019 Nou,

62 3022 134 3084 dum
147 3022 255 3083 variae
277 3041 370 3083 vooea
392 3022 515 3083 auribus
529 3024 593 3084 eiua
607 3023 808 3104 obstrepunt?
830 3020 906 3083 Ideo
919 3021 987 3082 rba-

61 3110 147 3168 torea
170 3106 300 3185 exigunt
327 3105 469 3167 affectum
497 3108 527 3166 iu
551 3113 657 3167 autore
679 3125 854 3184 causarum,
890 3104 986 3164 multo

62 3188 162 3271 magia
186 3187 345 3268 theologia
368 3189 461 3248 talem
485 3190 598 3270 exigit,
623 3190 674 3269 qui
699 3187 838 3268 vigilem,
873 3206 986 3262 aorem,

61 3272 225 3350 intentum,
247 3270 427 3351 prudentem
452 3278 483 3332 et
503 3282 660 3332 strenuum
683 3271 800 3333 reddat.

147 3351 180 3415 si
202 3353 294 3433 igitur
315 3353 443 3415 liberum
465 3354 620 3416 arbitrium
644 3356 720 3416 eitra
731 3353 861 3436 gratiam
875 3351 989 3412 amissa

64 3436 209 3499 libertate
233 3437 354 3512 angitur
375 3438 489 3498 servire
506 3444 647 3519 peceato,
671 3456 729 3498 ueu
751 3444 855 3517 potest
876 3434 989 3496 bouum

63 3520 162 3600 velia,
198 3520 329 3601 optarim
352 3540 411 3601 ego
435 3523 529 3602 seire,
563 3521 645 3601 quod
667 3521 706 3582 eit
733 3518 807 3581 iilud
835 3515 989 3580 studium?

63 3687 489 3701 Μ

137 3786 168 3855 1)
188 3786 219 3842 Iu
238 3784 283 3841 ad.
303 3786 364 3841 Iena
383 3784 545 3855 aliquando.
