2348 4162
273 254 310 313 ad
328 244 362 313 Ϊ).
381 251 525 314 Erasmum
544 252 769 315 Rotarodamum.
920 252 983 324 285

56 427 217 508 seipsum.
262 428 340 490 Nam
364 429 521 509 quomodo
544 430 604 490 boc
626 431 738 493 iustum
760 430 809 512 sit,
833 436 866 491 ut
886 426 983 512 in‘dig-
1049 482 1051 486 Α
1120 416 1123 422 ’

57 529 115 573 nos
137 521 277 591 coronet,
298 513 608 594 incomprehensibile
619 520 666 574 est
686 513 789 595 modo,
813 511 983 575 videbimus

58 601 173 673 antem,
195 613 264 655 cum
281 595 360 665 illuc
382 598 570 678 venerimus,
593 596 644 658 ubi
665 598 724 659 iam
749 616 811 659 non
833 597 983 675 credetur,

58 677 112 739 sed
135 679 274 740 revelata
301 678 379 739 facie
400 679 561 741 videbitur.
605 680 650 740 lta
679 679 835 760 quomodo
858 680 918 741 boc
940 681 983 741 iu·
1019 693 1023 701 ’

58 768 138 822 stum
160 762 216 842 sit,
250 769 283 822 ut
311 763 481 823 immeritos
503 762 646 841 damnet,
675 762 985 845 incomprehensibile

58 850 105 988 pst
128 843 239 941 modo,
274 845 406 907 creditur
428 851 541 926 tamen,
562 845 663 907 donec
684 847 868 909 revelabitur
891 845 983 907 Filius

78 945 202 989 ominis.

142 1010 279 1072 Diatribc
300 1029 375 1072 varo
398 1011 596 1072 similitudine
617 1011 670 1073 illa
696 1012 782 1094 figuli
806 1019 836 1073 et
859 1013 912 1073 luti
935 1031 983 1073 ve

60 1093 222 1154 bemcnter
245 1093 364 1155 offensa
386 1095 523 1155 nonnihil
536 1094 720 1175 indignatur,
744 1115 813 1157 sese
835 1095 914 1157 adeo
937 1115 984 1156 ur·

97 1177 122 1237 ri
145 1177 323 1258 perillam,
346 1176 470 1239 tandem
493 1196 531 1238 eo
554 1177 640 1255 redit,
664 1186 696 1241 ut
719 1178 845 1241 diversis
868 1180 984 1241 locisa

80 1260 218 1341 criptura
237 1261 411 1341 productis,
445 1279 590 1342 quorum·
609 1263 703 1342 aliqui
738 1269 833 1324 totum
866 1263 983 1324 bomini

59 1342 200 1405 videntur
222 1343 368 1422 tribuere,
405 1344 497 1424 aliqui
531 1349 626 1404 totum
649 1346 780 1425 gratiae,
813 1346 985 1407 stomacha-

58 1425 163 1488 bunda
185 1427 369 1508 contendat,
408 1433 555 1507 utrosque
587 1426 700 1490 debere
732 1429 984 1510 interpretatione

57 1529 135 1571 sana
155 1510 287 1591 intelligi
321 1517 351 1571 et
372 1530 434 1572 non
458 1511 637 1591 simpliciter
658 1512 767 1593 accipi.
811 1512 935 1591 Alioqui
958 1513 984 1573 si

58 1610 116 1655 nos
139 1612 304 1673 urgeamus
326 1593 553 1655 similitudinem
576 1594 677 1676 illam,
712 1596 780 1676 ipsa
800 1614 903 1655 rursus
925 1613 983 1656 nos

57 1694 168 1757 urgere
190 1683 298 1757 parata
320 1681 368 1739 est
389 1677 465 1738 locis
488 1677 547 1737 illis
569 1679 757 1758 imperativis
770 1682 801 1737 et
814 1679 981 1739 coniuncti·

58 1761 114 1838 vis,
136 1761 316 1840 praesertim
338 1760 391 1822 illo
413 1758 502 1822 Pauli
519 1757 569 1843 *):
612 1759 644 1823 Si
667 1762 734 1840 quis
757 1760 985 1822 seeeemunda·

57 1843 137 1904 verit
158 1842 197 1903 ab
219 1844 296 1922 istis3
318 1842 368 1903 bic
389 1843 516 1904 Paulum
538 1843 595 1904 sibi
618 1844 878 1906 contradicentem
900 1845 983 1923 facit,

57 1933 89 1987 et
110 1927 218 1987 omnia
239 1925 421 1988 tribuentem
443 1927 578 2007 bomini,
613 1928 672 1988 nisi
704 1935 861 1989 succurrat
892 1929 982 1989 inter·

56 2010 189 2090 prelatio
211 2027 295 2070 sana.
339 2008 371 2071 si
392 2011 485 2091 igitur
505 2011 555 2071 hic
569 2011 780 2093 interpretatio
803 2011 1003 2090 admittitur,·

57 2099 89 2153 ut
111 2093 231 2173 gratiae
251 2092 339 2154 locus
362 2093 566 2175 relinquatur,
602 2113 655 2156 cur
676 2115 738 2157 non
759 2096 859 2176 {etiam
882 2095 984 2156 simili·

56 2175 133 2238 tudo
155 2174 240 2256 figuli
263 2175 405 2238 admittat
415 2177 710 2260 interpretationem,
734 2187 767 2240 ut
788 2177 885 2240 libero
903 2179 982 2241 arbi-

57 2260 119 2321 trio
141 2259 230 2321 locus
253 2259 312 2320 sit?

142 2342 343 2423 Respondeo:
367 2342 436 2403 Mea
458 2341 530 2402 nihil
553 2343 658 2424 refert,
682 2344 816 2427 accipias
839 2345 981 2425 simplici·

55 2432 113 2506 ter,
136 2424 298 2506 dupliciter
335 2425 382 2486 vel
416 2424 637 2507 centupliciter.
682 2426 750 2489 Hoc
773 2425 863 2508 dico,
899 2429 981 2507 quod

55 2511 116 2571 bac
139 2527 216 2570 sana
238 2510 491 2589 interpretatione
511 2509 586 2569 nibil
609 2509 739 2572 efficitur
780 2529 839 2571 neo
872 2510 983 2591 proba·

56 2598 115 2672 tur,
138 2592 221 2674 quod
250 2593 412 2673 quaeritur.
456 2592 581 2653 Probcri
603 2595 682 2654 enim
714 2591 819 2672 debet,
854 2593 981 2654 liberum

56 2676 214 2738 arbitrium
238 2675 311 2736 nibil
334 2694 427 2757 possa
456 2675 535 2736 velle
557 2675 640 2741 boni.
684 2678 725 2737 At
746 2676 800 2737 illo
824 2677 909 2738 loco:
950 2677 981 2740 Si

57 2762 127 2839 quis
149 2778 219 2820 sese
242 2758 455 2820 emundaverit
475 2758 514 2820 ab
535 2759 610 2838 istis,
633 2780 701 2822 cnm
725 2761 764 2821 sit
787 2762 886 2821 oratio
909 2779 980 2821 con·
1068 2776 1073 2785 ·

53 2844 201 2923 iunctiva,
223 2859 324 2922 neque
346 2842 429 2922 nihil,
452 2860 552 2922 neque
565 2843 679 2925 aliquid
702 2843 856 2925 probatur,
872 2845 982 2906 exhor·

55 2933 139 2988 tatur
161 2932 278 2987 tantum
300 2924 420 2990 Paulus.
465 2926 526 2987 Aut
547 2928 572 2986 si
594 2928 750 3008 sequelam
773 2927 981 2990 diatribesad·

56 3010 145 3072 iicias
179 3015 210 3070 et
232 3007 332 3088 dicas,
362 3009 473 3070 frustra
496 3010 688 3092 exhortatur,
723 3013 750 3072 si
788 3029 850 3073 non
880 3018 984 3092 potest

57 3111 129 3155 sese
166 3091 348 3173 emundare,
386 3098 449 3153 tum
484 3092 630 3173 probatur
665 3095 792 3156 liberum
825 3095 981 3156 arbitrium

57 3177 164 3238 omnia
184 3194 277 3257 posse
298 3176 364 3237 sine
386 3178 495 3258 gratia,
518 3185 610 3256 atque
629 3180 672 3239 ita
694 3197 728 3239 aa
751 3180 848 3258 ipsam
870 3179 992 3259 imprna

56 3260 112 3322 bat
133 3257 272 3325 diatriba.

141 3341 367 3423 Exspectamus
403 3343 496 3423 igitur
527 3343 628 3404 adhuc
660 3343 761 3404 locum
793 3343 928 3425 aliquem
964 3362 981 3406 e

56 3425 232 3509 Scriptura,
271 3426 323 3506 qui
346 3426 629 3507 interpretationem
651 3427 741 3487 istam
765 3426 891 3505 doceat,
927 3427 981 3489 fln-

56 3509 203 3589 gentibua
225 3527 293 3571 eam
316 3527 372 3572 suo
395 3508 521 3573 cerebro
543 3528 605 3572 uon
629 3508 796 3591 credimus,
818 3528 876 3572 nos
899 3512 995 3601 anim·

133 3787 161 3857 ⁸)
181 3787 207 3843 2.
224 3785 294 3842 ‘Ilua
314 3787 341 3845 2.
