2348 4162
132 249 197 316 480
408 245 509 321 Capita
526 244 593 308 fidei
612 246 780 309 christianae

134 421 211 498 oito,
239 421 382 500 quiequid
406 418 547 500 lubet1),
582 423 607 481 si
630 422 744 500 eredis,
777 426 877 483 totum
903 420 979 481 nibil
999 425 1049 498 eet,

56 508 70 537 ·
133 502 209 564 lldes
231 503 314 564 delet
337 505 442 564 omnia
463 511 602 585 pennata.
627 505 753 566 Addunt
769 504 830 565 boo
850 505 957 580 etiam,
978 522 1050 583 eum,

134 587 184 665 qui
208 594 279 666 post
300 586 547 648 instifloationem
571 587 697 665 labitur,
727 607 883 668 nunquam
912 605 986 647 vere
1005 586 1050 647 be·

132 669 236 733 baisse
258 671 395 750 spiritum
419 677 451 730 et
472 669 575 732 fldem.
602 670 762 733 Eiusmodi
781 672 862 732 male
883 689 981 731 sanos
1001 670 1048 730 bn

133 752 230 813 mines
254 754 366 814 multos
389 752 508 826 audivi,
544 760 574 815 et
596 773 723 833 vereor,
757 774 796 815 ne
817 755 848 815 in
873 752 1050 835 quibusdam

132 836 234 897 adhue
256 836 317 898 tale
340 836 534 902 daemonium
558 837 661 898 lateat.

216 919 318 995 Quare
339 919 495 979 sciendum
519 928 565 980 est
593 939 630 980 ao
651 919 844 1000 docendum,
872 919 959 1000 quod
980 918 1049 980 fides

95 1060 100 1067 .
133 1010 163 1064 et
185 1002 314 1083 Spiritus
336 1011 461 1062 sanetus
482 1002 575 1084 absit,
610 1005 733 1082 quando
760 1005 790 1064 in
815 1004 980 1063 manifesta
1000 1001 1048 1063 sse·

130 1087 221 1167 gitia,
253 1087 331 1145 siout
359 1085 472 1166 David,
509 1087 538 1145 in
567 1085 765 1166 adulterium,
794 1086 995 1147 homicidium
1022 1090 1049 1145 et

132 1168 352 1248 blasphemiam
376 1168 533 1245 labuntur,
561 1178 773 1249 praeterquam
797 1169 882 1250 quod
908 1168 1048 1248 originale

132 1258 292 1332 pennatum
314 1250 415 1311 sdbno
437 1252 550 1313 habent
579 1260 609 1312 et
637 1255 771 1313 sentiunt
799 1259 830 1313 et
852 1252 1001 1313 adversus
1020 1251 1047 1310 il·

131 1333 185 1396 lud
208 1333 345 1413 quotidie
378 1333 499 1414 agendo
533 1337 752 1414 poenitentiam
783 1343 935 1416 pugnant.
977 1335 1046 1395 Nan

131 1417 260 1497 Spiritus
284 1426 408 1477 sanetus
436 1437 499 1479 non
530 1419 601 1477 sinit
628 1427 788 1498 pennatum
812 1438 961 1479 exeruere
983 1434 1045 1478 snas

133 1502 211 1561 vires
234 1507 265 1560 et
285 1501 485 1580 invalescere,
509 1508 542 1560 nt
564 1503 780 1580 committatur,
804 1501 859 1562 sed
873 1510 999 1563 coornet
1016 1517 1046 1559 ae

130 1582 285 1664 prohibet,
309 1593 341 1645 ut
363 1604 402 1644 ne
424 1593 498 1664 egat
519 1584 600 1663 quod
624 1585 705 1663 vult,
728 1587 753 1645 si
777 1605 850 1645 vero
874 1586 958 1665 agit,
991 1590 1043 1643 tun

130 1667 302 1728 destituitur
324 1667 435 1746 Spiritu
463 1675 570 1727 saneto
602 1677 631 1728 et
653 1667 725 1731 fide.
764 1668 843 1728 Nam
866 1668 899 1728 S.
922 1668 1043 1729 loannes

131 1753 188 1811 ait:
218 1750 277 1826 Qui
300 1771 339 1811 ex
363 1751 428 1810 Deo
451 1757 540 1810 natus
563 1758 625 1828 est,
652 1771 713 1812 non
738 1759 847 1833 peceat
868 1770 929 1811 nee
951 1754 1044 1832 potest

129 1853 270 1914 peceare.
313 1835 354 1894 Et
374 1844 475 1893 temen
505 1833 566 1894 boo
599 1853 721 1914 quoque
748 1854 853 1895 verum
879 1841 943 1910 est,
976 1834 1043 1893 siout

128 1915 209 1977 idem
234 1915 366 1979 Ioannes
390 1921 531 1978 testatur:
565 1917 596 1978 Si
620 1918 747 1977 dicimus
769 1937 827 1978 nos
851 1936 915 1978 non
940 1914 1042 1978 bebere

128 2008 306 2083 peecatum,
350 2002 527 2078 mentimur,
561 2008 592 2061 et
622 2002 734 2062 veritas
768 2001 825 2061 Dei
857 2019 921 2061 non
949 1998 1041 2061 estin

128 2083 227 2149 nobis.

467 2166 513 2226 De
534 2167 714 2247 Evangelia.

209 2332 271 2393 lam
294 2333 459 2393 redibimus
483 2332 520 2393 ad
544 2332 762 2414 Evangelinm,
795 2332 879 2412 quod
904 2352 966 2393 non
989 2349 1040 2391 nno

127 2416 220 2477 modo
255 2417 414 2475 eonsilium
451 2422 482 2475 et
516 2435 606 2495 opem
640 2416 738 2476 adfert
769 2423 878 2476 eontra
911 2422 1040 2496 pennata.

126 2499 225 2580 Supra
256 2498 378 2558 modum
407 2501 486 2559 enim
517 2498 652 2561 liberalis
676 2506 724 2560 est
745 2499 826 2559 Deus
849 2499 881 2558 in
905 2518 963 2559 sua
984 2517 1041 2578 gra·

124 2586 176 2660 tis,
200 2583 297 2662 primo
321 2603 375 2662 per
397 2591 555 2642 externum
586 2584 727 2660 verbnm,
762 2601 823 2661 quo
846 2583 1041 2642 annunciatur

124 2668 265 2727 remissio
299 2674 495 2745 pennatorum
530 2667 560 2724 iu
596 2667 737 2726 universo
771 2664 862 2745 orbe,
902 2664 932 2726 id
967 2660 1039 2744 quod

126 2749 287 2829 Evangelii
312 2752 467 2829 proprium
492 2748 625 2808 ollioium
648 2758 708 2827 est,
737 2748 875 2808 seeundo
899 2768 955 2828 per
977 2748 1040 2826 bap·

125 2835 259 2909 tismum,
282 2834 369 2891 tertio
392 2852 447 2912 per
470 2851 597 2892 coenam
623 2832 762 2906 Domini,
786 2838 896 2910 quarto
920 2851 975 2912 per
995 2847 1040 2911 po·

125 2923 266 2977 testatem
290 2916 420 2975 clavium
448 2925 478 2974 et
502 2934 556 2995 per·
577 2923 712 2975 mutuum
740 2916 831 2974 etiam
855 2913 1037 2993 oolloquinn

125 3006 156 3059 et
177 2998 421 3060 consolationem
444 2999 577 3079 fratrum,
600 2996 705 3060 Mattb.
729 3000 782 3062 18:
815 2996 876 3058 Ubi
900 2997 962 3060 duo
985 2995 1039 3056 fue·

124 3083 183 3142 rint
205 3084 382 3162 congregati
405 3090 462 3146 eto.

469 3249 515 3309 De
536 3247 698 3328 baptismo.

207 3416 380 3496 Baptismus
415 3415 487 3475 nihil
518 3413 599 3475 aliud
623 3419 683 3493 est,
718 3431 810 3490 quam
839 3411 967 3472 verbnm
990 3406 1037 3471 osi

124 3519 191 3560 euni
216 3501 368 3560 mersione
390 3502 420 3558 in
442 3518 553 3578 aquam
577 3500 664 3557 iuxta
686 3495 882 3576 mandatum,
917 3496 984 3575 vel,
1011 3496 1036 3551 nt

125 3670 257 3677 -.-.-.-.

193 3785 221 3855 l)
242 3785 273 3838 In
292 3782 336 3839 ed.
355 3783 438 3854 briga
457 3781 542 3838 iubet.
648 3790 652 3801 “
