2348 4162
192 230 257 299 208
437 229 480 288 De
496 243 579 288 servo
597 230 712 287 arbitrio
730 230 765 287 D.
782 231 818 288 st
835 231 869 289 Β.
928 168 945 193 ι

193 398 247 463 sed
271 399 381 462 oeoidit
401 420 421 462 a
442 400 581 480 primitiis
603 401 744 484 spiritus,
775 398 934 481 quomodo
954 418 1014 462 uos
1036 398 1119 482 lapsi

192 503 356 565 possemus
378 486 407 545 in
430 485 581 565 primitias
618 487 742 566 spiritus
766 487 901 564 ablatas,
933 485 1117 566 praesertim

192 569 253 628 iarn
276 578 424 650 regnante
445 570 476 628 in
499 568 588 629 nobis
610 571 702 649 piena
723 578 878 651 potestate
899 566 1034 649 Bataua,
1063 566 1116 649 qui

193 650 276 711 illum
308 653 375 712 sota
403 654 573 713 tentatione
601 652 737 713 nondum
760 671 895 734 regnans
917 655 950 714 iu
972 670 1012 713 eo
1045 668 1115 732 pro·

193 734 322 795 stravit?
364 734 443 795 Nihil
467 734 573 796 fortius
597 736 704 798 disseri
727 746 833 817 posset
855 746 964 797 eontra
984 733 1115 799 liberum

193 818 360 899 arbitrium,
383 837 474 898 quam
498 820 524 879 si
545 818 633 880 loeus
655 819 924 881 hioEooiesiastioi
941 812 1012 880 dum
1026 816 1113 900 lapsu

192 900 281 963 Adae
304 910 493 977 tractaretur,
515 902 569 963 sed
592 921 674 973 nuno
695 922 757 965 nou
781 911 828 964 est
848 904 953 985 loeus,
981 920 1021 963 ao
1042 899 1115 964 aiibi

192 985 270 1045 forte
293 1005 362 1045 sese
384 1005 432 1046 res
455 985 546 1049 dabit.
590 987 712 1047 Interim
735 988 808 1047 satis
831 997 887 1067 est,
909 994 1113 1051 monstratum

193 1085 272 1145 esse,
294 1067 544 1131 Eooiesiastioum
566 1088 691 1150 prorsus
713 1070 788 1131 nihil
801 1088 856 1151 pro
869 1070 966 1131 libero
987 1068 1111 1130 arbitrio

192 1151 295 1213 disere
317 1152 377 1212 hoo
398 1152 480 1234 ioco,
502 1171 592 1234 quem
615 1159 717 1214 tamen
740 1172 796 1234 pro
817 1152 1040 1235 prinoipalooo
1062 1150 1112 1212 ha·

193 1235 280 1314 baut,
313 1241 406 1313 atque
429 1257 498 1297 eum
521 1237 624 1297 looum
647 1244 678 1298 et
701 1238 831 1299 similes:
854 1236 886 1298 Si
909 1236 1059 1315 volueris,
1081 1231 1112 1295 ei

192 1319 332 1398 audieris,
355 1319 388 1381 Si
410 1319 528 1398 seueris,
551 1339 613 1381 uon
625 1322 799 1403 ostendere,
820 1318 893 1400 quid
905 1320 1037 1401 possint,
1058 1316 1111 1380 ssd

191 1404 264 1483 quid
286 1402 420 1463 debeant
441 1404 591 1467 homines.

275 1487 361 1547 Alius
395 1487 481 1547 ioous
510 1506 529 1547 a
564 1484 692 1547 diatriba
730 1490 838 1547 nostra
875 1483 1039 1547 adducitur
1073 1501 1111 1545 ex

192 1568 289 1631 Gerre.
312 1572 348 1650 4,
385 1567 435 1630 ubi
468 1570 506 1629 ad
531 1569 607 1631 Cain
637 1568 710 1630 dioit
731 1570 895 1630 Dominus:
917 1566 980 1630 auh
1003 1577 1035 1628 te
1056 1568 1110 1629 erit

191 1655 345 1733 appetitus
368 1654 502 1731 peceati,
533 1664 563 1712 et
585 1662 616 1714 tu
639 1653 846 1714 dominaberis
868 1651 960 1715 iilius.
1003 1648 1110 1712 Osteu·

191 1734 271 1796 ditur
292 1736 341 1796 hio
368 1736 430 1814 (ait
450 1734 609 1818 distrios),
632 1738 725 1797 animi
747 1750 848 1797 motus
862 1734 1017 1818 adturpia
1032 1734 1110 1796 viuoi

191 1838 294 1900 posse,
318 1837 375 1878 uso
396 1819 505 1880 afferre
526 1823 741 1881 necessitatem
764 1820 924 1901 peooaudi.

273 1901 350 1962 liiud
364 1901 479 1984 (Animi
494 1912 593 1964 motus
605 1902 644 1962 ad
667 1905 766 1985 turpia
787 1904 868 1963 vinei
881 1904 988 1983 posse)
1009 1917 1110 1980 quam·

191 1984 236 2045 vis
259 1985 403 2066 ambigue
435 1986 548 2047 dietum
571 1987 627 2062 sit,
661 1994 763 2048 tamen
786 1988 815 2047 vi
836 1985 1019 2065 sententiae,
1041 2000 1110 2063 oou7

191 2069 371 2147 sequentiae
394 2077 424 2129 et
446 2089 546 2129 rerum
567 2070 627 2130 huo
649 2072 785 2150 cogitur,
814 2067 897 2149 quod
919 2066 1008 2129 liberi
1030 2064 1107 2127 arbi·

190 2151 238 2211 trii
260 2152 300 2210 sit
321 2153 443 2213 viueere
466 2172 539 2214 suos
562 2164 664 2214 motus
686 2153 725 2213 ad
749 2154 858 2233 turpia,
881 2169 939 2213 neo
954 2160 1056 2212 motus
1068 2147 1108 2211 ilii

108 2243 110 2247 ’
190 2235 405 2295 nenessitatem
442 2236 571 2298 afferant
601 2235 760 2317 peeoaudi.
805 2234 884 2312 Quid
917 2236 1028 2295 iterum
1061 2232 1109 2295 hie

191 2319 346 2396 omittitur,
369 2319 451 2398 quod
475 2319 571 2381 libero
594 2319 719 2381 arbitrio
741 2338 804 2380 nou
827 2316 986 2380 tribuitur?
1030 2312 1108 2393 Quid

190 2419 268 2481 opus
290 2402 416 2482 spiritu?
449 2404 520 2481 quid
544 2402 687 2466 Christo?
721 2403 793 2483 quid
817 2400 903 2464 Deo?
931 2403 957 2461 si
980 2400 1106 2462 liberum

189 2485 345 2546 arbitrium
368 2487 490 2546 vinoere
511 2494 614 2567 potest
635 2487 728 2547 animi
750 2494 851 2548 motus
864 2484 903 2546 ad
916 2483 1037 2565 turpia?
1059 2480 1109 2544 ubi

188 2568 297 2628 iterum
320 2571 425 2650 opinio
458 2570 641 2651 probabilis,
678 2588 758 2649 quae
788 2570 861 2631 dicit
879 2567 1007 2629 liberum
1030 2566 1108 2630 arbi·

188 2652 278 2712 trium
300 2671 358 2712 neo
380 2653 461 2714 veile
483 2653 604 2732 quidem
628 2673 722 2734 posse
735 2651 872 2716 bouum?
893 2652 944 2713 hio
959 2669 1034 2713 vero
1048 2648 1108 2712 rio'·

188 2738 267 2795 toria
289 2736 360 2797 maii
383 2737 521 2797 tribuitur
534 2739 572 2817 ei,
595 2737 677 2817 quod
700 2757 758 2797 neo
781 2738 846 2798 vuit
867 2753 926 2797 neo
948 2744 1037 2818 optat
1059 2737 1108 2799 bo·

188 2837 271 2880 nuru.
329 2818 427 2879 Nimis
461 2821 555 2881 nimia
586 2828 634 2882 est
671 2821 874 2902 incogitantia
913 2819 1065 2882 diatribae
1076 2820 1105 2899 ¹)

188 2911 320 2963 nostrae.

271 2983 347 3044 Rem
369 2982 503 3045 breviter
523 2986 640 3067 accipe,
663 2985 742 3046 siout
763 2985 845 3067 dixi,
877 2983 988 3046 talibus
1021 2985 1107 3050 dictis

188 3065 358 3128 ostenditur
379 3067 511 3149 bomini,
544 3069 617 3148 quid
640 3068 766 3149 debeat,
800 3089 862 3132 uon
896 3068 968 3148 quid
1001 3070 1108 3151 possit.

173 3149 263 3227 *Cain
286 3152 376 3230 igitur
399 3151 521 3229 dieitur,
546 3160 578 3213 ut
600 3153 711 3214 debeat
742 3162 872 3233 peooato
901 3153 1056 3215 dominari
1078 3158 1108 3215 st

187 3236 252 3294 eius
274 3237 441 3315 appetitum
454 3236 510 3296 sub
528 3255 562 3297 se
576 3246 689 3317 tenere,
713 3256 817 3298 verum
840 3239 901 3299 hoo
920 3237 1107 3318 neque-ieoit

187 3336 286 3397 neque
309 3320 423 3398 potuit,
452 3320 565 3380 utiam
589 3322 692 3383 alieno
714 3322 843 3402 imperio
867 3321 1003 3382 Satanae
1024 3339 1106 3402 pres·

186 3420 246 3462 sus.
290 3401 403 3462 Notum
427 3411 473 3462 est
508 3407 604 3483 enim,
626 3404 765 3465 Ebraeos
793 3403 970 3484 frequenter
991 3404 1107 3466 iudiea-

186 3484 249 3545 tivo
283 3484 384 3547 futuro
418 3487 461 3546 uti
488 3505 544 3567 pro
576 3488 774 3569 imperativo,
804 3496 838 3550 ut
869 3489 901 3549 iu
922 3487 1026 3552 Exud.
1046 3484 1103 3556 20:

256 3756 285 3817 1)
306 3755 337 3809 In
356 3755 399 3809 ed.
420 3755 489 3810 Iena
507 3752 650 3813 diatribae.
