2348 4162
273 273 299 314 e.
317 271 383 329 pap.
400 262 429 315 at
446 263 520 328 port
537 256 586 313 inf.
604 263 694 313 const.
712 255 871 313 asserenda.
978 255 1041 321 479

121 429 201 489 enim
223 429 413 509 relinquitur,
436 448 496 509 quo
519 427 632 509 aliquid
654 427 728 489 boni
741 428 878 507 cogitare
889 427 1044 507 possimus

121 511 159 573 ad
182 512 434 573 satisfaciendum
456 531 512 593 pro
535 512 682 592 peccatis,
703 509 758 571 sed
772 517 889 571 tantum
910 510 992 571 nuda
1014 517 1046 570 et
1109 518 1122 545 '

124 602 210 655 oerla
232 595 406 676 desperatio
431 595 468 655 de
491 595 642 672 omnibus,
666 612 745 672 quae
767 612 941 673 possumus,
963 595 1044 674 eogi-

121 684 238 755 lamus,
262 678 414 758 loquimur
436 683 466 738 et
487 679 623 740 iacimus.
668 677 763 737 Simili
785 678 904 738 ratione
928 677 1046 737 confes·

121 763 167 821 sio
190 779 316 842 qunque
339 781 401 823 nou
425 766 529 841 potest
551 781 620 821 esse
642 759 731 839 falsa,
753 762 869 820 incerta
890 768 921 821 et
936 761 1044 840 imper·

120 843 211 905 fecta.
256 843 315 919 Qui
346 847 426 905 enim
459 845 621 906 confitetur
643 843 715 903 nihil
749 845 778 902 in
809 863 842 902 se
865 862 951 923 esse,
986 843 1043 903 nisi

120 934 301 1008 pennatum,
331 930 357 987 is
388 928 601 1007 complectitur
623 928 727 987 omnia
748 933 895 1006 peecata,
929 925 1043 985 nullum

121 1010 258 1071 excludit
284 1031 342 1071 uec
371 1011 567 1075 obliviscitur.
613 1012 752 1089 Denique
785 1028 842 1069 neo
874 1008 1044 1069 satisfactio

121 1101 226 1173 potest
247 1112 316 1153 esse
337 1095 463 1158 ineerta.
507 1094 575 1154 Non
606 1095 687 1153 enirn
721 1100 766 1152 est
796 1112 872 1170 opus
907 1102 1043 1151 nostrum

121 1179 286 1252 incertum,
320 1176 525 1253 immundum,
559 1177 613 1236 sed
648 1185 695 1236 est
721 1178 825 1255 passio
859 1183 891 1236 et
918 1175 1044 1255 sanguis

121 1260 297 1320 innocentis
327 1262 397 1340 agni
422 1260 493 1336 Dei,
516 1261 566 1339 qui
591 1260 671 1319 tollit
692 1267 820 1339 peccata
844 1258 956 1321 mundi.
999 1258 1046 1319 De

121 1342 181 1402 hac
213 1343 402 1421 poenitentia
435 1343 635 1404 concionatur
663 1340 693 1402 S.
720 1343 848 1401 loannes
881 1350 911 1401 et
936 1348 1046 1422 postea

122 1425 261 1486 Christus
283 1427 312 1484 in
336 1425 507 1505 Evangelio
543 1433 574 1485 et
603 1443 660 1485 nos
688 1425 803 1485 itidem.
846 1424 912 1484 Hac
939 1426 1045 1504 poeni·

121 1509 220 1569 tantia
248 1510 401 1569 reiicimus
435 1528 547 1589 popam
581 1515 613 1568 et
646 1507 788 1586 quicquid
816 1527 907 1587 super
940 1514 1046 1567 nostre

122 1610 220 1671 opera
242 1602 448 1651 constructum
480 1598 534 1652 est.
579 1591 727 1652 Consistit
760 1591 839 1649 euim
873 1610 964 1670 super
990 1592 1044 1649 im·

122 1674 238 1734 mundo
262 1682 293 1734 et
315 1676 396 1735 inani
422 1674 633 1753 fundamento,
664 1673 746 1734 bono
770 1691 864 1751 opere
892 1681 944 1733 sut
966 1672 1045 1753 lege,

122 1775 193 1817 oum
217 1768 340 1818 maneat
361 1756 519 1817 infirmitas
542 1760 572 1817 in
596 1757 684 1819 bonis
708 1755 868 1836 operibus,
901 1764 932 1816 et
953 1774 1045 1818 nemo

120 1839 250 1920 impleat
281 1841 380 1920 legem
412 1846 462 1915 (ut
491 1839 627 1900 Christus
662 1841 705 1900 ait
732 1839 858 1901 Ioannis
891 1836 954 1921 7.),
991 1838 1045 1899 sed

122 1942 232 1984 omues
255 1924 526 2003 transgrediantur.
570 1923 671 1999 Quare
694 1922 755 1983 hoc
777 1921 948 1983 aedificium
970 1920 1045 1981 nihil

121 2014 170 2067 est
194 2006 249 2065 uisi
274 2006 466 2067 mendacium
492 2014 522 2066 et
542 2007 732 2086 hypocrisis,
754 2006 844 2065 etiam
868 2024 937 2066 oum
960 2024 1045 2066 sanc

122 2091 272 2150 tissimum
303 2098 333 2149 et
354 2090 589 2170 pulcherrimum
613 2093 668 2151 est.
712 2089 814 2168 Atque
843 2089 920 2149 haec
943 2089 1048 2169 poeni·

122 2173 220 2234 tentia
254 2171 342 2232 durat
375 2172 456 2253 apud
484 2173 674 2234 Christianos
708 2192 804 2252 usque
838 2172 875 2232 ad
906 2180 1047 2251 mortem,

122 2264 241 2337 pugnat
273 2258 353 2331 enim
390 2276 457 2316 cum
493 2256 627 2335 reliquiis
659 2257 779 2336 peccati
813 2256 842 2314 iu
873 2275 964 2316 carne
993 2276 1046 2335 per

121 2358 247 2399 omnem
278 2340 388 2419 vitam,
424 2340 502 2399 sicut
530 2338 561 2407 S,
585 2338 695 2398 Paulus
728 2339 818 2401 Rom.
846 2336 875 2403 7.
908 2347 1046 2416 testatur,

121 2422 293 2501 belligerari
317 2441 351 2482 se
374 2441 441 2481 cum
465 2422 533 2501 lege
558 2422 761 2482 membrorum
784 2439 923 2495 suorum,
953 2421 1047 2500 idque

122 2524 186 2566 non
209 2507 340 2585 propriis
364 2506 486 2583 viribus,
510 2504 564 2565 sed
583 2505 665 2565 dono
683 2503 813 2583 Spiritus
832 2505 939 2583 sancti,
963 2503 1046 2583 quod

121 2589 287 2648 comitetur
309 2589 521 2648 remissionem
544 2591 749 2667 peccatorum.

206 2753 275 2814 Hoo
307 2753 419 2814 donum
449 2761 560 2834 purgat
592 2761 623 2814 et
650 2753 778 2833 expellit
810 2752 945 2832 quotidie
981 2753 1046 2815 reli·

122 2837 211 2917 quiae
234 2839 353 2917 peccati
377 2846 408 2897 et
430 2839 533 2897 nititur
556 2837 710 2897 hominem
733 2839 861 2917 iustum,
884 2856 993 2916 purum
1016 2843 1048 2898 et

121 2927 261 2980 sanctum
285 2919 423 2981 reddere.
469 2921 554 2980 Hane
584 2920 754 2981 doctrinam
782 2922 925 3000 ignorant
954 2939 1048 2999 papa,

121 3003 276 3085 theologi,
299 3005 479 3083 iurisperiti
502 3013 533 3064 et
561 3022 668 3065 omnes
696 3004 846 3065 homines.
889 3003 945 3063 Est
966 3005 1047 3064 euim

123 3086 255 3146 coelitus
280 3106 334 3165 per
355 3086 555 3166 Evangelium
580 3087 715 3147 revelata
745 3094 775 3146 et
796 3094 924 3147 vocatur
944 3087 1048 3147 haere·

122 3169 165 3228 sis
189 3168 229 3231 ab
257 3170 360 3249 impiis
388 3172 511 3230 sanctis.
556 3170 718 3229 Ediverso
741 3171 875 3229 existunt
896 3168 1047 3229 interdum

120 3251 246 3311 fanatici
270 3254 402 3333 spiritus,
426 3254 533 3332 quales
555 3254 686 3314 fortasse
709 3254 767 3312 iam
791 3254 994 3330 inveniuntur,
1018 3259 1048 3312 el

121 3340 263 3414 ternpore
285 3335 443 3397 seditionis
480 3340 552 3397 ante
585 3343 783 3414 conspectum
812 3355 912 3395 meum
945 3336 1047 3415 prodi-

122 3418 207 3494 bant,
232 3419 282 3496 qui
305 3420 439 3479 sentiunt
462 3438 525 3499 eos,
548 3421 600 3498 qui
623 3419 718 3479 semel
741 3418 883 3499 Spiritum
907 3427 1045 3478 sanctum

125 3507 159 3561 et
180 3503 391 3561 remissionem
420 3511 614 3583 peccatorum
652 3510 837 3582 acceperunt
868 3510 918 3561 aut
940 3500 1048 3562 fideles

121 3583 305 3662 firmisunt,
334 3586 358 3645 si
382 3595 490 3665 postea
513 3585 709 3666 delinquant,
745 3595 846 3645 lamen
870 3605 993 3644 manere
1015 3586 1045 3644 in

121 3666 185 3727 lide
207 3675 237 3727 et
258 3675 419 3749 peccatum
442 3669 516 3749 ipsis
539 3689 599 3730 non
623 3669 752 3750 obesse,
780 3670 954 3730 clamitant:
993 3668 1047 3729 Fa·
