2348 4162
70 258 73 262 '
276 254 369 313 adl).
388 256 532 313 Erasmum
550 257 775 315 Rourodamum.
928 255 992 325 263

146 424 211 490 Sed
239 433 271 488 et
292 426 418 488 Paulum
443 425 616 507 videamus,
650 428 701 508 qui
723 428 804 491 huno
826 428 927 489 locum
951 448 991 490 ex

64 510 150 572 blose
173 511 303 571 assumit
323 510 413 572 Rom.
436 513 464 574 9.
508 509 606 585 Quam
618 511 728 570 misere
750 519 909 590 torquetur
930 511 990 574 dia·

64 592 139 655 tribe
163 595 194 653 in
217 611 256 654 eo
278 593 365 672 loco,
394 613 434 653 ne
460 593 596 654 liberum·
612 593 767 655 arbitrium
789 596 923 675 amittat,
959 597 990 655 in

66 695 190 738 omnem
213 676 349 737 habitum
372 696 440 736 sese
464 682 574 738 versat.
617 674 709 738 Nunc
731 676 818 754 dicit,
848 696 917 737 esse
938 698 990 739 ne·

64 761 241 822 cessitatem
277 761 534 838 consequentiae,
575 760 628 820 sed
665 779 727 820 non
763 763 990 842 consequentis,

63 862 142 904 nunc
176 842 350 905 ordinatam
383 862 438 904 seu
471 843 661 904 voluntatem
693 845 786 923 signi,
821 845 869 904 oui
890 846 989 905 resisti

62 932 181 1005 potest,
218 926 408 988 voluntatem
441 927 560 1006 placiti,
593 928 641 986 cui
670 928 769 987 resisti
792 946 853 988 non
878 934 990 1006 potest.

62 1009 150 1072 llunc
183 1009 246 1070 looi
267 1009 392 1071 adducti
424 1029 463 1070 ex
485 1010 581 1070 Paulo
604 1029 666 1070 non
690 1018 837 1089 pugnant,
859 1030 922 1071 non
944 1011 991 1072 lo-

64 1100 195 1174 quantur
227 1092 267 1153 de
288 1093 387 1154 salute
408 1093 554 1169 bominis,
593 1112 674 1152 nnnc
705 1095 911 1173 praescientia
933 1094 992 1154 Dei

63 1177 293 1254 necessitatem,
326 1195 407 1236 nunc
442 1195 504 1236 non
527 1179 617 1255 ponit
637 1179 873 1258 necessitatem,
909 1197 992 1238 nunc

63 1259 221 1342 praevenit
244 1260 343 1338 matie
364 1259 567 1335 voluntatem,
590 1264 623 1318 ut
634 1259 717 1336 velit,
742 1262 905 1322 comitatur
919 1280 990 1321 eun·

62 1351 133 1418 torm
155 1342 212 1404 dat
231 1342 352 1403 felicem
377 1338 530 1418 eventum,
553 1358 636 1402 nunc
657 1345 906 1422 causaprimaria
928 1345 992 1423 agit

63 1428 176 1505 omnia,
198 1445 282 1486 nnnc
304 1426 369 1503 agit
389 1445 444 1504 per
458 1444 567 1486 causes
580 1425 778 1486 secundariae
789 1427 858 1504 ipsa
880 1428 991 1506 quista.

63 1510 129 1573 lstis
152 1514 186 1570 et
207 1508 355 1569 similibus
370 1507 506 1570 ludibriis
519 1508 682 1569 verborum
697 1508 772 1567 nihil
794 1509 874 1587 fecit,
898 1528 991 1588 quam

63 1593 143 1674 qnod
166 1599 288 1671 tempus
310 1590 441 1652 redimat
478 1598 509 1652 et
548 1610 673 1651 causam
695 1592 815 1651 interim
839 1591 928 1653 nobis
951 1611 992 1652 ex

63 1676 161 1739 oculis
183 1677 285 1755 rapiat
312 1674 435 1753 alioque
468 1674 578 1738 trahat.
621 1675 697 1734 Tam
726 1673 867 1749 stupidos
889 1682 920 1736 et
943 1693 990 1735 so·

63 1759 173 1823 cordes
195 1776 253 1819 nos
276 1759 428 1833 aestimet,
451 1758 499 1818 vel
522 1764 585 1818 tam
608 1777 716 1837 parurn
754 1756 835 1819 allici
866 1777 990 1833 causae,

62 1862 152 1923 quam
174 1843 244 1922 ipsa
266 1841 414 1916 allicitur,
457 1847 510 1901 sut
530 1859 617 1901 more
638 1841 813 1917 infantium,
848 1843 915 1921 qui,
939 1841 990 1902 ubi

62 1930 209 1987 metuunt*
224 1925 273 1984 rel
294 1924 420 2000 ludunt,
445 1923 552 1985 oculos
575 1924 716 1985 manibus
740 1925 858 2001 velant,
886 1932 949 1984 tum
972 1943 992 1985 a

60 2011 184 2070 nemine
208 2006 304 2068 rideri
326 2027 395 2067 sese
417 2014 539 2086 putant,
580 2007 662 2086 quod
691 2009 749 2087 ipsi
772 2009 925 2069 neminem
948 2009 990 2067 vi-

61 2093 163 2155 deant.
207 2089 259 2152 Sic
278 2109 470 2170 peromnem
492 2089 770 2165 modumdiatribe,
791 2090 904 2171 radios,
928 2092 990 2152 imo

62 2174 183 2256 fulgura
205 2173 443 2235 clarissimorum
466 2174 627 2236 verborum
661 2194 723 2234 non
751 2174 868 2249 ferens,
903 2174 1013 2252 fingit.

63 2277 131 2320 sese
154 2275 217 2318 non
241 2256 346 2318 videre
369 2255 409 2335 id,
434 2257 517 2335 quod
539 2276 588 2317 res
612 2263 674 2333 est,
696 2276 879 2337 persuasura
900 2257 989 2317 nobis

62 2341 163 2423 simul,
186 2348 220 2400 ut
243 2347 273 2400 et
293 2340 351 2420 ipsi
375 2340 472 2400 oculis
495 2339 605 2401 velatis
630 2359 693 2401 uon
717 2340 885 2401 videamus.
929 2338 989 2400 Sed

62 2424 141 2486 haec
176 2424 283 2485 omnia
315 2430 385 2483 sunt
413 2424 501 2502 sigua
523 2423 657 2483 convicti
689 2424 781 2484 animi
804 2429 834 2483 et
855 2423 990 2483 invictas

62 2507 184 2570 veritati
205 2506 382 2567 reluctantis
405 2512 528 2569 temere.

146 2589 341 2669 Figmentum
370 2588 444 2649 illud
478 2588 516 2649 ds
538 2589 724 2648 necessitate
749 2588 990 2666 consequentiae

63 2681 93 2736 et
122 2673 343 2753 consequentis
371 2673 510 2752 superius
541 2671 730 2732 contutatum
759 2677 815 2733 est.
868 2671 990 2749 Fingat,

63 2757 210 2838 refingat,
244 2754 416 2833 cavilletur,
439 2754 634 2815 recavilletnr
661 2752 805 2832 diatribe,
841 2759 989 2832 quantum

63 2840 163 2916 volet,
185 2840 210 2900 si
233 2838 399 2919 praescivit
420 2838 519 2917 Deus,
556 2833 661 2898 ludam
690 2837 757 2899 fore
789 2838 989 2917 proditorem,
1027 2886 1029 2891 ,

18 2950 22 2955 ·
64 2922 241 2985 necessario
263 2920 354 2982 ludas
377 2919 471 2982 debat
493 2921 647 3001 proditor,
676 2941 735 2981 neo
756 2927 822 2981 erat
842 2923 874 2981 in
898 2940 989 2981 manu

63 3005 158 3068 ludae
179 3012 234 3066 aut
255 3004 344 3065 ullius
367 3010 542 3082 creaturae,
575 3005 664 3064 aliter
686 3006 787 3064 facere
809 3012 862 3064 aut
883 3005 1003 3077 volun,

64 3096 157 3150 tatem
181 3095 309 3162 mutare,
334 3087 406 3147 licet
428 3086 458 3148 id
480 3088 588 3148 fecerit
609 3087 742 3148 volendo
765 3106 827 3147 non
853 3094 990 3164 coactus,

64 3172 118 3233 sed
141 3170 222 3232 velle
248 3170 323 3231 illud
358 3177 423 3230 erat
444 3189 522 3251 opus
545 3171 617 3247 Dei,
653 3169 735 3249 quod
767 3172 991 3250 omnipotentia

64 3275 121 3317 sua
143 3253 290 3315 movebat
307 3253 351 3333 1),
374 3255 452 3315 sicut
474 3262 505 3314 et
526 3253 722 3324 omniaelia.
766 3251 832 3314 stat
850 3255 930 3312 enim
946 3254 989 3313 in-

65 3340 148 3402 victa
170 3343 201 3398 et
222 3336 349 3398 evidens
371 3338 532 3412 sententia,
555 3336 639 3397 Dens
661 3355 723 3396 non
748 3337 908 3409 mentitur,
931 3354 990 3395 neo

65 3421 189 3486 fallitur.
231 3418 305 3482 Non
327 3427 398 3483 sunt
418 3420 468 3480 bic
490 3419 622 3481 obscura
644 3416 738 3481 verbe
764 3419 814 3480 vel
835 3417 989 3497 ambigua,

139 3686 166 3752 l)
186 3685 218 3738 In
241 3684 285 3739 ed.
304 3685 379 3742 len:
409 3701 480 3755 opus
499 3685 584 3753 illius,
614 3683 689 3755 quod
719 3683 920 3752 omnipotentia
938 3698 991 3738 sua

68 3753 198 3826 movebat
215 3754 302 3813 Deus.
