2348 4162
208 240 271 307 306
454 240 888 299 Desemoarbitriolmtl.

207 412 279 476 Non
325 420 373 474 est
415 413 504 474 nobis
545 422 683 494 potestas
733 414 922 475 obtinendas
963 418 1130 490 creaturus,

208 506 239 559 et
281 506 419 577 potestas
463 499 520 557 erit
563 496 722 558 obtinendi
754 497 922 559 creatoris?
975 496 1057 573 Quid
1089 500 1132 557 in·

208 580 363 642 sanimns?
403 580 539 640 Pertinet
570 582 663 660 igitur
703 580 734 640 id
774 581 871 641 mutto
913 582 1050 641 maxime
1093 580 1131 640 ad

208 672 351 741 eventus,
385 662 467 743 quod
502 663 596 723 homo
629 664 669 723 ad
703 664 819 724 bonum
855 665 904 725 ret
938 663 979 724 sd
1017 663 1131 724 malum

208 750 328 824 nititur,
358 748 429 825 quis
456 746 617 825 utrobique
660 747 758 807 mutto
799 750 898 828 magis
929 747 1061 826 fallitur,
1102 752 1132 807 et

209 833 307 891 minus
347 830 493 890 libertatis
522 829 629 905 habet,
664 849 756 909 quam
792 831 864 891 dum
886 828 993 891 nititur
1013 829 1055 890 sd
1077 848 1131 911 pe-

208 916 340 992 cuniam,
363 913 411 972 vel
422 913 562 993 glorium,
586 912 635 972 vel
649 914 850 994 voluptatem.
892 912 994 987 Quam
1004 913 1131 993 pulchre

208 1000 300 1077 igitur
321 998 420 1057 evasit
440 996 518 1056 bsee
538 997 658 1075 glossa,
690 1016 770 1075 quse
807 998 976 1057 libertatern
998 996 1130 1057 hominis

208 1081 353 1161 negotiu
377 1079 511 1159 parvulis
534 1086 565 1138 et
586 1082 697 1141 creatis
718 1080 896 1157 eventibus,
921 1090 953 1140 et
972 1079 1130 1160 pruediest

208 1183 276 1223 eam
310 1164 341 1222 in
364 1164 491 1221 summis
521 1169 552 1221 et
574 1162 685 1223 divinis
706 1162 884 1243 eventibus,
917 1181 956 1223 ae
981 1165 1008 1222 si
1030 1162 1129 1223 dieas:

208 1245 327 1306 Codrus
350 1264 412 1306 uon
445 1253 549 1325 potest
571 1253 714 1307 staterem
738 1246 932 1327 persolvere,
954 1254 1060 1326 potest
1081 1264 1129 1306 su-

208 1338 269 1390 tem
292 1328 409 1389 infinita
442 1328 537 1389 millia
565 1348 726 1391 aureorum
748 1330 934 1411 persolvere.
978 1328 1018 1389 m
1040 1330 1129 1389 miror

208 1413 373 1488 diatriben,
407 1430 486 1491 quse
512 1411 588 1472 iilud
617 1414 676 1472 vio
656 1413 775 1495 glephi,
814 1415 918 1475 omnia
953 1412 1128 1473 neeessario

208 1494 289 1573 fleri,
323 1496 403 1556 adeo
424 1508 588 1575 persecuta
609 1497 757 1557 haetenus
799 1516 881 1556 nune
901 1497 1036 1576 ipsamet
1058 1513 1127 1556 eon·

208 1580 299 1657 sedit,
321 1588 433 1639 events
455 1598 524 1639 esse
546 1583 720 1641 necessaria
741 1579 841 1641 nobis.

290 1662 410 1723 Deinde
433 1663 458 1721 si
480 1663 614 1724 maxime
636 1671 781 1743 torqueas
788 1711 797 1741 ,
818 1665 861 1723 art
872 1660 916 1743 ¹),
939 1660 980 1721 od
1002 1660 1126 1723 liberum

208 1746 374 1826 arbitrium,
397 1764 489 1805 nemo
511 1764 574 1805 non
596 1746 719 1825 fatetur,
740 1746 857 1826 absque
878 1747 979 1825 gratie
1001 1744 1061 1806 Dei
1081 1764 1127 1805 ne·

208 1832 321 1890 minem
342 1847 437 1909 posse
457 1836 574 1889 rectum
597 1831 678 1890 vitae
701 1848 821 1891 cursum
844 1834 960 1907 tenere,
981 1828 1127 1889 nibilomi-

208 1932 265 1973 nus
298 1919 401 1973 tumen
436 1913 556 1972 interim
590 1915 756 1974 annitimur
788 1922 820 1973 et
845 1913 904 1992 ipsi
927 1930 985 1991 pro
1007 1912 1126 1989 viribus,

209 1997 281 2075 quie
313 2014 436 2055 oramus
464 1994 618 2074 quotidie:
651 1997 756 2077 Dirige
778 1997 910 2056 Domine
934 1996 1018 2055 Deus
1047 2012 1126 2055 meus

207 2081 240 2139 in
263 2086 431 2158 conspeetu
452 2086 507 2138 tuo
529 2081 609 2138 viam
631 2098 752 2159 meam,
786 2080 839 2161 qui
873 2079 950 2158 petit
972 2078 1126 2157 auxilium,

208 2182 269 2222 non
293 2162 419 2242 deponit
440 2169 594 2225 conatum

289 2243 373 2307 Nihil
406 2252 492 2325 putat
515 2246 644 2306 diatribe
666 2246 794 2321 referre,
830 2244 903 2324 qnid
932 2244 1124 2325 respondeat,

208 2331 301 2390 modo
323 2347 385 2390 non
408 2335 511 2390 taceat
533 2336 563 2390 et
584 2328 699 2408 aliquid
722 2329 813 2407 dieat,
835 2335 898 2388 tum
919 2329 996 2388 sutis
1018 2328 1124 2389 t'sotum

208 2413 272 2473 vult
293 2413 399 2489 videri,
421 2412 500 2472 adeo
513 2411 890 2474 confiditsutoritstesuo.
933 2410 1124 2472 Probandum

208 2496 273 2573 tuit,
295 2514 334 2555 sn
358 2514 415 2555 nos
437 2495 550 2557 viribus
562 2498 676 2556 nostris
686 2498 829 2572 nitamur,
852 2502 882 2555 et
903 2494 1026 2574 probat,
1050 2490 1124 2575 quod

208 2598 300 2639 orons
322 2578 436 2658 aliquid
450 2586 587 2641 conetur.
630 2576 780 2661 Obsecro,
803 2599 842 2638 an
866 2596 923 2638 noa
945 2576 1076 2639 irridet?
1090 2594 1123 2637 sn

207 2662 379 2723 ludificatur
406 2661 570 2742 Papistas?
613 2662 672 2739 Qut
702 2670 784 2741 oret,
816 2664 922 2742 spiritu
951 2668 1039 2740 orat,
1068 2662 1124 2720 imo

207 2747 329 2825 spiritus
349 2748 416 2825 ipse
437 2748 467 2805 in
490 2745 579 2807 nobis
602 2755 679 2825 orat,
701 2747 791 2808 Rom.
815 2748 845 2810 8.
888 2744 1057 2821 Quomodo
1078 2743 1124 2824 igi·

208 2838 255 2887 tur
276 2848 331 2908 per
368 2836 511 2890 conatum
534 2828 664 2909 Spiritus
695 2830 793 2890 saneti
821 2827 970 2908 probatur
990 2834 1124 2907 potestas

208 2910 294 2972 tiberi
316 2910 453 2970 arbitrii?
495 2914 543 2972 An
567 2913 675 2973 eadem
697 2932 746 2973 res
760 2920 806 2973 est
822 2911 949 2971 liberum
972 2911 1123 2972 arbitrium

208 3002 239 3054 et
260 2993 388 3073 Spiritus
410 3002 535 3055 sanetus
557 2996 638 3076 apud
652 2995 825 3056 distriben?
867 2996 915 3054 An
937 2993 1124 3074 disputamus

208 3095 297 3155 nune,
321 3076 392 3155 quid
414 3077 544 3158 Spiritus
566 3078 687 3159 possit?
725 3079 881 3158 Relinquit
911 3079 1005 3158 igitur
1028 3077 1123 3139 loonm

207 3161 297 3219 istum
320 3160 492 3221 Hieremiae
513 3162 586 3222 mihi
607 3163 755 3223 intectum
772 3160 900 3223 distribe
921 3164 1017 3240 atque
1038 3161 1124 3221 invio·

207 3250 281 3319 tum,
304 3244 465 3342 solumque
486 3244 516 3304 id
539 3248 584 3305 sui
608 3247 716 3326 cepitis
740 3244 827 3306 affert
848 3245 1023 3324 glossema:
1064 3243 1124 3304 Nos

207 3330 298 3388 etism
321 3329 484 3388 annitimur
513 3329 635 3390 viribus
678 3329 718 3391 Et
739 3328 810 3391 huie
832 3334 960 3408 cogetur
980 3327 1124 3391 liutherus

207 3411 342 3495 eredere,
365 3410 458 3472 modo
481 3412 562 3476 velit

289 3459 367 3557 Item
392 3493 465 3555 ittud
479 3495 623 3559 Proverb
648 3498 699 3561 te:
724 3496 865 3558 Hominis
882 3500 931 3556 est
942 3510 1124 3576 prosperare

66 3708 163 3916 ἱ
280 3776 307 3837 1)
327 3773 357 3827 tn
377 3770 418 3825 od.
434 3771 488 3823 ten.
507 3769 552 3824 hio
570 3770 596 3823 in
616 3768 742 3839 margine
759 3767 872 3837 tegitur:
892 3767 1041 3824 Erasmus
