2348 4162
127 250 194 317 310
374 251 417 305 lle
433 264 517 304 cerro
534 247 650 303 arbitrio
670 247 704 301 l).
724 248 760 302 ll.
777 246 810 302 1.

128 425 250 486 interim
289 439 363 483 vero
392 440 518 502 protana
547 439 657 481 secura
690 428 720 481 et
753 420 832 481 nihil
851 422 994 502 cogitaua
1013 419 1051 481 tle

128 510 197 589 ipso
219 514 315 586 textu,
337 505 377 565 de
398 501 598 584 aequantibus
620 512 651 564 et
671 503 945 584 praecedentibus,
974 502 1052 564 uutle

128 589 264 672 petenda
295 601 342 650 eat
373 589 588 668 intelligentia.
636 587 740 648 Taceo
765 585 860 663 illut,
891 587 975 666 quod
1009 592 1052 649 tol

129 674 230 735 verhia
263 682 295 734 et
328 671 481 751 exemplis
514 671 641 751 prohat,
674 670 859 731 vocabulum
890 670 955 731 hoc
974 670 1052 730 Nihil

129 776 223 838 pocae
243 756 304 818 hoc
337 756 410 817 loco
431 756 531 834 accipi
553 773 610 834 pro
644 754 768 815 modico
802 766 833 814 et
864 754 1052 834 imperfecto

129 842 217 921 quasi
238 858 296 899 noa
318 839 358 900 de
379 856 474 918 poaae
495 837 706 917 disputemus,
738 856 808 898 cum
835 836 899 898 hoc
924 837 1052 917 prohuu·

129 924 201 986 dum
224 924 324 997 luerit,
345 941 385 983 au
407 921 519 981 debeat
540 922 586 980 aio
606 922 723 1000 accipi,
754 930 789 981 ut
820 928 888 981 tota
909 922 969 981 iata
991 940 1051 981 ma·

130 1007 245 1088 gnifica
278 1006 489 1084 interpretatio
522 1003 597 1063 nihil
619 1003 753 1079 efficiat,
785 1005 812 1063 ai
846 1003 919 1082 quid
953 1002 1052 1081 efficit,

131 1110 224 1171 qnam
246 1088 330 1168 quod
351 1090 486 1147 incertus
507 1086 562 1146 flat
581 1086 671 1147 locua
687 1088 748 1147 iate
767 1087 915 1148 lohanuia
937 1095 969 1146 ct
989 1106 1052 1147 am-

130 1174 251 1252 biguus.
293 1171 359 1231 h'cc
379 1171 441 1231 hoc
456 1172 583 1245 mirum,
614 1189 685 1230 com
706 1170 769 1231 hoc
786 1171 877 1230 unice
897 1178 973 1250 agat
994 1169 1053 1230 dia-

130 1255 225 1329 tribe‚
259 1268 293 1313 ut
312 1254 487 1334 Scripturae
508 1254 566 1313 Dei
595 1255 658 1313 aiut
678 1253 792 1333 ubique
812 1252 998 1332 ambiguae,
1018 1272 1053 1313 nc

130 1339 191 1399 illia
211 1346 342 1418 cogatur
362 1339 422 1415 uti,
454 1338 636 1397 autoritates
670 1355 746 1397 vero
776 1344 916 1397 veterum
944 1344 1052 1411 certae,

131 1428 165 1482 ut
185 1421 245 1481 illia
267 1420 359 1481 liceat
379 1419 481 1493 abuti,
503 1421 580 1478 mira
602 1439 678 1481 aane
698 1419 864 1499 religione,
894 1428 929 1478 ut
964 1418 1052 1479 verba

131 1506 188 1565 Dei
209 1505 271 1565 aiut
290 1503 420 1565 inutilia.
441 1503 600 1563 hominurn
624 1502 718 1563 verba
740 1504 802 1563 aiut
821 1504 919 1564 utilia.

214 1586 276 1648 Sed
308 1586 371 1647 hoc
389 1586 626 1665 pulcherrimum
648 1595 697 1646 eat
717 1586 840 1661 ridere,
861 1604 957 1666 quam
979 1585 1052 1646 hena

130 1671 189 1731 aihi
209 1672 269 1750 ipai
290 1678 420 1745 constet,
440 1668 523 1729 Nihil
543 1686 601 1748 pro
622 1669 748 1729 modico
769 1670 868 1749 accipi
884 1674 1007 1749 poteat3
1026 1676 1052 1729 et

132 1757 163 1814 iu
186 1773 226 1814 eo
259 1772 353 1813 aenan
382 1750 562 1833 (iuquitltl
589 1753 781 1813 veriaaimum
803 1760 868 1821 eat,
904 1771 967 1813 noa
992 1754 1052 1812 aina

132 1837 255 1898 Christo
276 1836 352 1896 nihil
373 1855 467 1916 poaae
488 1834 605 1915 iacere,
637 1836 773 1915 loquitur
793 1836 876 1896 euim
898 1834 940 1896 (lo
959 1835 1052 1896 fructu

131 1910 339 1999 Euangeliou,
376 1920 428 1997 qui
461 1937 524 1978 non
553 1920 703 1999 contingit
729 1920 790 1978 niai
810 1918 1052 1980 manentibuaiu

133 2004 204 2078 vite,
227 2003 280 2080 qui
301 2008 349 2062 eat
371 2002 509 2062 Chriatua
530 2010 591 2062 etc.

213 2084 273 2144 Hic
291 2086 426 2164 ipsamet
445 2083 609 2145 confitetur
624 2083 754 2144 fructum
779 2102 844 2145 uon
864 2087 1052 2167 contingere,

131 2169 190 2228 niai
213 2165 411 2229 manentibus
432 2168 463 2227 in
486 2169 564 2247 rite,
596 2177 628 2227 et
659 2167 721 2227 hoc
751 2167 826 2227 facit
860 2169 892 2228 in
930 2188 971 2229 ea
990 2171 1051 2249 ipaa

131 2250 297 2311 commoda
317 2252 580 2330 interpretatione.
602 2249 796 2330 quaprohat,
816 2248 904 2312 Nihil
924 2251 957 2312 id
980 2270 1051 2327 coac,

131 2333 215 2413 quod
247 2333 402 2394 modicum
437 2346 468 2393 et
493 2334 716 2414 imperfectum.
761 2332 823 2394 Sed
849 2334 932 2396 forte
954 2346 987 2396 et
1007 2333 1051 2395 all

132 2417 267 2478 verbium
288 2417 360 2478 h'on
387 2426 511 2496 oportet
539 2417 633 2478 etiam
661 2416 826 2478 commode
851 2417 1051 2498 interpretari,

131 2509 164 2561 ut
193 2499 346 2581 significet
375 2500 506 2560 fructum
534 2499 755 2580 Evangelicnm
789 2510 878 2561 extra
903 2501 1051 2563 Ghriatm

130 2584 235 2663 aliquo
258 2582 353 2643 modo
380 2602 434 2642 aen
468 2582 624 2645 modicum
654 2591 685 2643 et
705 2584 916 2663 imperfectum
939 2586 1050 2646 coutin-

130 2686 214 2747 gere,
236 2678 269 2725 ut
289 2664 503 2746 praedicemus
524 2667 637 2746 impios
658 2668 725 2726 aine
748 2664 891 2747 Christo,
913 2670 969 2747 qui
989 2686 1050 2747 rag·

130 2761 224 2809 nante
245 2749 362 2809 Satana
390 2752 421 2809 in
443 2750 518 2828 ipsis
540 2764 570 2808 et
593 2764 701 2810 contra
721 2750 876 2811 Christum
899 2760 1051 2832 pugnante

130 2851 225 2911 pocae
246 2831 361 2911 aliquid
382 2831 534 2892 fructuum
555 2834 638 2893 ritae
658 2842 834 2913 precatore,
855 2833 918 2894 hoc
939 2842 1005 2909 eat,
1021 2838 1050 2892 ut

130 2914 237 2975 hostes
259 2914 370 2975 Christi
403 2934 460 2994 pro
489 2915 610 2976 Chriato
644 2917 776 2995 laciaut3
813 2915 869 2977 aed
903 2919 1050 2978 mittamua

131 2999 202 3057 iata.

212 3079 271 3140 Hic
291 3099 351 3160 ego
373 3080 478 3141 doceri
505 3081 597 3142 velim
619 3081 760 3159 modurn,
794 3100 858 3161 quo
893 3082 1049 3144 haereticis

131 3171 223 3242 queat
245 3165 356 3242 resisti,
378 3165 430 3244 qui
442 3164 555 3244 ubique
575 3167 607 3225 in
619 3165 782 3245 Scripturia
803 3164 864 3225 hac
882 3165 953 3246 lege
974 3164 1048 3227 uauri

131 3246 212 3306 Nihil
233 3254 265 3307 ct
285 3247 356 3307 h'ou
388 3266 445 3327 pro
472 3248 653 3328 imperfecto
686 3250 829 3328 accipere
855 3249 1047 3323 contendant,

132 3340 164 3388 ut
185 3331 251 3390 aine
273 3328 468 3409 ipaol'actum
481 3338 529 3391 cat
539 3332 627 3412 nihil,
648 3331 678 3392 id
700 3344 757 3408 cat,
780 3331 948 3397 modicum.
971 3332 1048 3392 Dixit

130 3412 1047 3580 tattt⁰a¹ltt⁶⁶1ttt=tttittettritta:

404 3548 411 3559 ·
708 3545 717 3577 r

204 3756 230 3817 1)
248 3751 281 3805 lu
298 3752 343 3807 etl.
362 3755 420 3810 Icu.
441 3752 487 3810 hic
504 3754 533 3809 in
548 3754 673 3825 margine
691 3755 806 3826 legitur:
823 3757 965 3811 Eraamua
