2348 4162
274 258 312 315 ud
328 259 363 317 D.
383 259 527 316 Erasmum
544 259 770 317 Roterouanum.
928 259 991 326 159

63 430 201 492 humens
223 429 333 491 virtute
354 429 440 509 loqui
453 430 576 510 vellent,
600 436 630 491 et
651 431 709 492 soli
723 430 790 492 Deo
810 431 991 512 relinquere,

63 512 178 575 deinde
201 533 241 575 cx
263 513 422 575 hominum
445 532 499 574 ore
522 519 554 574 et
581 533 724 575 sermone
751 514 782 574 id
813 517 911 596 ipsum
935 516 990 577 tol-

61 598 156 677 lere,
195 605 339 676 tanquam
372 616 491 657 sacrum
516 616 553 657 ac
575 598 752 659 venerabile
785 616 899 659 nomen
921 600 990 661 Deo

63 699 122 742 sno
145 698 294 744 asserere.
348 682 449 759 Atque
471 681 496 739 si
530 683 655 741 omnino
686 681 820 760 aliquem
854 683 913 742 vim
937 684 992 743 tri-

64 764 197 825 buerent
217 763 404 839 hominibus,
426 762 487 824 elio
505 762 666 842 vocabulo,
689 782 780 843 quern
803 762 930 825 liberum
943 785 991 826 ιιι-

63 846 188 909 bitrium
213 847 361 909 docerent
380 845 618 925 nominandam,
641 849 819 928 praesertim
842 866 911 908 cum
934 868 990 911 no·

63 930 111 993 bis
136 932 295 1012 cognitum
317 936 574 1011 perspectumque
596 932 645 1012 sit,
668 932 778 992 misere
799 931 863 992 fulli
885 950 922 992 oc
943 951 988 993 se·

64 1013 138 1075 duci
160 1033 198 1075 eo
221 1013 374 1076 vocabulo
389 1013 548 1094 populum,
572 1019 606 1074 ιιι
626 1015 677 1094 qui
695 1015 788 1095 longe
810 1015 892 1075 alind
907 1014 991 1075 audit

63 1105 97 1159 et
118 1098 254 1178 concipit
274 1116 313 1159 eo
337 1096 507 1177 vocabulo,
530 1115 623 1176 quam
646 1098 783 1179 theologi
805 1099 939 1159 sentiunt
961 1105 991 1159 sl

63 1181 233 1261 disputent.
270 1181 326 1242 Est
347 1183 428 1241 enim
450 1179 615 1260 magnifico
636 1181 726 1241 nimis
748 1187 778 1241 et
801 1182 991 1262 amplissima

63 1264 220 1346 pleneque
242 1284 306 1326 vox
327 1260 552 1343 liberiurbitrii,
574 1281 636 1342 quu
657 1264 789 1345 populus
812 1276 899 1346 putat
921 1284 990 1327 eom

63 1349 128 1408 vim
151 1346 318 1428 significari
343 1348 441 1428 (sicut
464 1355 495 1408 et
516 1349 562 1407 vis
584 1354 615 1408 et
630 1356 739 1408 nutura
760 1348 903 1409 vocabuli
926 1349 992 1410 exi-

62 1432 140 1512 git),
162 1450 243 1511 quse
263 1431 360 1493 libere
381 1431 505 1511 possit
496 1450 529 1490 ιιι
546 1436 707 1511 utrumque
728 1451 762 1491 se
785 1439 912 1510 vertere,
934 1450 989 1493 ne·

63 1533 124 1595 que
158 1534 197 1576 eu
219 1516 264 1576 vis
297 1514 350 1575 ulli
385 1512 476 1574 cedat
509 1513 558 1574 vel
590 1514 727 1575 subiecta
748 1516 795 1578 sit.
850 1515 989 1591 Quodsi

63 1599 168 1678 sciret,
189 1598 251 1660 hoc
274 1616 363 1658 secus
384 1596 509 1676 habere,
533 1602 564 1657 et
586 1597 772 1658 modiculam
794 1597 989 1658 scintillulam

64 1682 117 1742 vix
149 1701 187 1742 ea
208 1681 395 1762 significari,
433 1698 565 1759 eamque
585 1699 711 1760 prorsus
742 1680 933 1741 inefficacem
956 1699 990 1742 se

63 1765 142 1847 solu,
167 1769 322 1845 captivam
345 1770 376 1824 et
399 1782 519 1824 servem
542 1762 666 1843 diaboli,
689 1764 807 1842 mirum,
830 1765 929 1825 sinon
947 1764 989 1825 lu·

63 1847 207 1930 pidursnt
229 1866 301 1926 nos,
331 1853 475 1926 tunquam
497 1847 639 1908 illusores
672 1855 703 1908 et
720 1847 933 1928 ¹deceptores,
956 1853 990 1907 ιιι

64 1933 114 2012 qui
137 1931 221 1992 aliud
247 1949 392 1992 sonemus
415 1929 560 2010 aliudque
581 1931 674 2011 longe
686 1929 904 2011 significemus,
925 1933 988 1993 imo

63 2014 196 2076 necdum
219 2021 341 2076 constet
368 2019 421 2075 sut
444 2015 630 2092 conveniet,
663 2014 735 2094 quid
770 2014 988 2096 significemus.

65 2097 124 2174 Qui
146 2100 229 2160 enirn
258 2097 433 2178 Sophistioe
458 2097 593 2176 loquitur
618 2098 677 2176 (eit
707 2096 869 2179 Sapiens),
891 2097 988 2160 odibi·

64 2181 99 2243 lis
122 2191 181 2260 est,
204 2183 339 2243 maxime
361 2182 386 2241 si
408 2179 438 2240 id
461 2183 492 2240 in
514 2181 605 2242 rebus
626 2182 748 2261 pietatis
770 2181 851 2261 f,eeit
875 2182 926 2243 ubi
949 2181 988 2243 de

65 2265 165 2327 solute
188 2271 315 2326 aeterne
336 2265 504 2345 periculum
528 2270 584 2328 est

147 2349 224 2410 Cum
233 2366 321 2430 ergo
344 2347 601 2428 significationem
625 2352 656 2407 et
677 2366 740 2407 uem
759 2346 902 2410 vocabuli
925 2354 986 2409 turn

63 2433 191 2512 gloriosi
214 2432 415 2509 amiserimus,
437 2432 500 2492 imo
512 2449 667 2527 nunquam
680 2429 875 2492 habuerimus
888 2427 988 2514 (quod

64 2515 223 2598 Pelagiuni
245 2515 431 2594 voluerunt,
465 2515 524 2574 et'
516 2515 575 2605 ipsi
605 2513 665 2574 hcc
688 2513 840 2575 vocabulo
874 2513 990 2596 illusi),

64 2598 137 2679 quid
172 2600 266 2659 inune
288 2561 472 2659 vocubulirm
497 2598 565 2658 tum
582 2597 781 2676 pertinaciter
810 2598 988 2678 retinemus,

62 2683 91 2743 in
113 2674 285 2780 periculum
308 2689 339 2742 et
359 2682 533 2742 illusionem
555 2680 653 2740 fidelis
684 2679 812 2760 populi?
840 2698 903 2741 non
926 2681 988 2741 ulia

62 2767 226 2848 sapientis,
249 2784 341 2845 quum
362 2783 445 2825 nuno
466 2764 566 2845 Reges
589 2771 619 2823 et
640 2763 833 2844 Principes
825 2783 931 2826 rnenes
953 2765 987 2825 ti·
1074 2814 1087 2839 ,

61 2849 144 2912 tulos
174 2867 339 2928 regnorum
366 2857 397 2909 et
425 2849 585 2928 regionum
620 2865 743 2927 quoque
774 2847 824 2908 vel
855 2850 989 2909 retinent

62 2932 110 2994 vol
134 2931 195 2994 sibi
227 2931 393 2993 vendicant
414 2949 452 2991 sc
473 2932 613 3010 iactent,
642 2951 711 2992 eum
731 2932 851 2992 interim
886 2950 987 3013 paene

62 3015 196 3077 mendici
219 3017 279 3077 sint
291 3062 301 3097 ,
323 3034 362 3076 sc
383 3014 456 3075 nihil
480 3016 578 3075 minus
602 3034 692 3094 quum
716 3033 869 3096 carogna
891 3024 920 3077 et
942 3034 988 3077 rc·

60 3102 173 3181 giones
195 3098 318 3160 hubent.
362 3099 475 3159 Verum
497 3098 557 3159 hoc
579 3097 758 3178 tolerabile,
790 3098 914 3177 quondo
935 3118 987 3161 ne-

62 3184 179 3244 minem
200 3181 311 3242 fallunt
333 3189 385 3243 eut
402 3181 519 3263 ludunt,
543 3181 597 3242 sed
621 3200 655 3242 se
668 3184 753 3262 ipsos
777 3184 912 3244 vanitate
933 3202 988 3263 pe·

60 3272 161 3345 scunt,
184 3264 270 3326 nullo
283 3285 360 3327 sune
381 3265 476 3327 lucrc.
509 3264 552 3326 At
573 3265 621 3326 hio
642 3265 811 3347 periculum
825 3266 932 3328 salutis
955 3274 985 3327 et

59 3350 163 3412 illusio
185 3351 405 3409 nocentissimo
427 3355 482 3414 est

145 3432 223 3508 Quis
251 3452 314 3493 non
345 3432 468 3511 rideat,
502 3432 551 3493 vel
573 3431 646 3493 odio
678 3433 780 3513 potius
807 3407 949 3493 lrabeat
940 3451 984 3492 ιιι-

60 3517 279 3614 tcmpestivum
302 3516 387 3576 illum
416 3516 637 3577 vocabulorum
670 3517 900 3591 innovatorem,
934 3516 986 3594 qui
1028 3567 1030 3575 ,

61 3607 172 3662 contre
195 3601 331 3661 omnium
364 3620 452 3660 usum
474 3597 620 3662 inducere
650 3605 747 3660 tentet
767 3618 836 3660 euru
860 3598 985 3660 modum

60 3683 220 3765 loquendi,
242 3689 276 3745 ιιι
297 3683 469 3744 mendicum
491 3690 583 3744 vocet
606 3683 794 3764 opulentum,
816 3702 878 3743 non
902 3682 985 3762 quod

60 3767 176 3849 siquid
199 3787 293 3848 opum
313 3767 437 3847 hebeat,
460 3766 515 3830 sed
536 3766 615 3828 forte
642 3787 697 3828 rex
719 3765 828 3846 aliquis
847 3766 891 3827 illi
913 3760 1000 3828 sues'
