2348 4162
202 214 263 282 136
451 215 494 270 De
511 229 594 269 servo
612 212 727 269 arbitrio
745 213 780 268 D.
799 213 834 268 Μ.
851 214 883 269 L.

200 385 265 447 fleri
285 384 325 445 sit
346 383 501 462 mutabile,
526 382 720 443 nihilominus
743 400 802 462 ego
824 382 878 444 ille
899 382 1083 463 oontingens
1095 389 1127 442 et

199 466 365 547 mutabilis,
387 468 513 547 quinon
537 485 603 525 sum
616 465 699 526 Deus
712 467 914 546 necessarius,
937 465 988 529 flo.
1022 465 1126 542 Quare

199 550 321 611 illorum
344 549 531 628 ludibrium,
559 549 743 609 necessitate
772 549 1037 629 consequentiae,
1069 548 1125 608 sed

201 651 264 694 non
287 634 472 693 necessitate
490 633 708 710 oonsequentis
720 633 825 692 omnia
845 631 920 708 fleri,
942 631 1017 711 nihil
1039 630 1123 692 aliud

200 715 296 775 habet
317 734 409 794 quem
432 714 511 776 hoo:
554 714 667 776 Omnia
695 714 816 793 quidem
840 716 1015 776 necessario
1037 712 1125 791 flunt,

199 799 254 859 sed
277 799 324 860 sio
343 799 426 859 iaetu
448 816 509 857 non
532 803 603 857 sunt
623 798 756 877 ipsemet
768 798 860 860 Deua.
893 795 1024 873 Quodl)
1049 815 1124 858 vero

200 900 279 961 opus
302 888 370 942 erat
391 881 453 941 hoo
475 880 565 942 nobis
587 879 712 941 dioera?
735 882 822 961 quasi
844 880 1040 941 metuendum
1062 879 1125 940 iue-

198 965 248 1041 rit,
271 971 304 1024 ut
324 963 422 1024 saetae
444 983 493 1024 rea
516 982 724 1024 assereremus
748 964 846 1024 Deum
869 982 954 1043 esse,
976 963 1026 1024 vel
1050 962 1124 1023 divi·

200 1065 270 1107 nam
294 1052 325 1107 et
345 1047 552 1107 neeessariam
575 1052 715 1106 naturam
734 1046 855 1109 habere.
897 1046 987 1107 Adeo
1010 1051 1073 1106 stat
1094 1054 1125 1105 et

198 1136 360 1209 permanet
379 1129 494 1190 inviota
505 1130 667 1204 sententia,
691 1131 794 1190 omnia
813 1130 997 1190 nenessitate
1009 1126 1123 1208 fieri2).

198 1211 265 1272 Neo
300 1219 346 1272 est
377 1211 428 1272 hio
461 1211 522 1272 ulla
558 1212 727 1273 obscuritas
760 1218 812 1273 aut
851 1211 1043 1292 ambiguitas.
1086 1208 1122 1272 In

199 1294 293 1355 Esaia
315 1293 402 1356 dioit:
437 1293 607 1356 Consilium
642 1314 742 1355 meum
765 1295 879 1373 stabit,
913 1303 944 1355 et
979 1294 1124 1354 voluntas

199 1396 269 1438 mea
289 1376 352 1440 flet.
397 1377 472 1454 Quis
495 1379 575 1438 enim
598 1396 675 1457 puer
697 1396 757 1438 non
781 1378 943 1456 intelligit,
974 1376 1047 1455 quid
1071 1396 1125 1436 ve·

199 1460 255 1520 lint
271 1461 349 1521 hseo
362 1458 524 1538 voeabula,
549 1460 727 1540 Consilium,
750 1461 903 1538 voluntas,
924 1459 987 1540 fiet,
1010 1458 1125 1523 stabilil

282 1542 344 1605 Sed
368 1562 421 1603 our
442 1543 532 1604 nobis
554 1542 733 1603 Christianis
749 1543 801 1604 illa
823 1551 893 1603 sunt
914 1542 1067 1620 abstrusa,
1091 1549 1125 1603 ut

198 1625 402 1707 irreligiosum
426 1632 458 1687 et
479 1627 633 1687 euriosum
655 1644 693 1687 ao
714 1646 826 1687 vanum
850 1628 898 1705 sit,
922 1625 976 1686 illa
990 1630 1123 1686 tractore

197 1714 229 1769 et
249 1727 363 1785 nosse,
395 1727 463 1769 eum
487 1708 561 1770 talia
582 1708 713 1789 gentiles
736 1715 849 1789 poetae
883 1715 913 1769 et
934 1710 1035 1788 ipsum
1059 1708 1124 1769 vul-

218 1811 253 1851 us
275 1811 332 1851 usu
355 1793 606 1853 eommunissimo
629 1798 709 1852 terat
729 1793 758 1851 iu
782 1792 856 1853 ore?
889 1790 1018 1866 Quoties
1040 1810 1121 1852 unus

196 1811 339 1955 l'irgilius
362 1874 457 1934 sutum
481 1872 656 1938 memorati
687 1874 778 1935 Oerta
799 1880 882 1935 stent
903 1874 1008 1934 omnia
1029 1874 1121 1954 lege,

195 1957 287 2019 item:
315 1955 438 2017 Statana
466 1958 575 2035 cuique
597 1956 680 2035 dies3
702 1958 791 2018 item:
814 1957 845 2018 Si
868 1965 898 2018 te
907 1957 971 2017 fata
985 1965 1123 2036 vortant,

195 2040 284 2098 item:
306 2038 338 2100 Si
361 2056 422 2119 qua
442 2039 507 2100 fata
528 2059 640 2120 aspera
660 2059 794 2120 rumpas.
837 2039 919 2100 Nihil
948 2040 1001 2100 ille
1023 2046 1121 2120 poeta

195 2121 277 2207 alinrl
299 2120 395 2198 fauit,
429 2141 520 2202 quam
544 2131 576 2183 ut
602 2124 631 2182 in
655 2121 748 2184 Trois
769 2128 890 2183 vaststa
922 2128 953 2183 et
975 2122 1120 2184 Romano

196 2205 324 2283 imperio
338 2205 516 2267 suscitando
538 2205 633 2265 fatum
648 2204 717 2285 plus
738 2205 850 2283 valere,
873 2224 963 2284 quam
978 2208 1118 2266 omnium

194 2285 352 2347 hominum
374 2288 474 2349 studia
496 2286 664 2367 significet,
686 2294 779 2367 atque
800 2288 879 2355 adeo
903 2290 1118 2349 necessitatem

196 2374 227 2429 et
247 2368 338 2430 rebus
360 2377 392 2431 et
413 2370 587 2432 hominibus
609 2370 820 2450 imponere³).
870 2370 1012 2448 Denique
1033 2371 1119 2432 Deos

197 2471 271 2513 suos
293 2452 484 2513 immortales
506 2453 570 2514 lato
593 2453 724 2533 subiicit,
747 2455 982 2515 euineoeseario
1006 2454 1120 2531 aedunt

194 2536 313 2616 etipse
335 2536 449 2617 Iupiter
471 2543 502 2597 et
521 2534 610 2598 Iuno.
644 2535 719 2597 lnde
740 2535 896 2597 fluxerunt
917 2537 1029 2597 Paroas
1050 2537 1118 2597 illas

195 2624 266 2697 tres,
288 2618 503 2694 immutabiles,
525 2618 747 2699 implacabiles,
770 2620 997 2684 irrevooabiles.

276 2698 444 2763 Senserunt
465 2701 509 2761 illi
531 2703 687 2781 sapientes
710 2703 781 2776 viri,
813 2703 843 2762 id
865 2702 947 2781 quod
977 2720 1027 2762 res
1049 2703 1118 2784 ipsa

193 2802 261 2843 oum
285 2785 475 2863 experientia
497 2784 617 2864 probat,
640 2785 715 2845 nulli
729 2784 887 2845 hominum
904 2802 1039 2864 unquam
1062 2805 1118 2846 sua

193 2864 323 2926 oonsilia
344 2867 555 2947 processisse,
579 2867 633 2929 sed
656 2866 797 2928 omnibus
820 2868 897 2947 alio,
919 2887 1011 2948 quam
1034 2871 1116 2949 eogi-

192 2950 304 3024 tarunt,
326 2968 390 3009 rem
413 2949 572 3012 aeoidisse.
620 2949 653 3012 si
673 2950 826 3032 Pergama
848 2953 1021 3032 potuissent
1043 2950 1117 3011 dex·

192 3037 240 3091 tra
262 3030 395 3112 delendi,
418 3033 511 3093 etiam
533 3032 594 3093 hae
616 3033 742 3095 defensa
761 3034 911 3110 luissent,
935 3035 979 3094 ait
1001 3034 1116 3096 Hector

194 3112 322 3192 Virgilii.
372 3114 447 3176 lnde
475 3115 719 3196 vulgatissimum
755 3116 880 3178 verbum
910 3118 946 3177 ‘in
977 3118 1114 3178 omnium

192 3212 263 3260 ore:
286 3195 376 3272 Quod
399 3197 482 3259 Deus
506 3198 584 3276 vult,
616 3198 686 3277 flet,
718 3200 805 3260 item:
845 3199 876 3261 Si
912 3200 998 3261 volet
1018 3200 1113 3277 Deus,

310 3381 609 3391 ·--—-—--—-—--

262 3495 294 3564 1)
315 3497 345 3550 ln
365 3494 409 3551 ed.
429 3496 498 3552 len:
518 3497 593 3565 quid.
629 3499 661 3563 2)
686 3496 768 3552 Ibin:
787 3498 880 3553 omnia
897 3498 1043 3553 voluntate
1062 3498 1114 3555 Dei

188 3564 366 3631 immutabili,
405 3567 461 3623 uod
479 3566 520 3621 illi
538 3569 731 3625 neeessitatem
759 3570 975 3640 consequentiae
1001 3576 1113 3638 vooant,

188 3631 277 3751 lieri..-
293 3583 455 3779 3913)me
473 3637 574 3695 desunt
596 3639 699 3696 verba:
722 3645 807 3711 atque
825 3642 899 3697 adeo
917 3641 1111 3698 naoemitatsm
