2348 4162
311 202 349 259 ad
367 203 401 257 D.
420 205 564 261 Erasmum
583 206 807 263 Rotsrodamum.
962 207 1025 274 119

101 368 173 425 ceat
194 358 278 424 intus
301 362 400 445 (quac
423 367 569 448 cogitatio
599 367 670 428 mibi
692 369 878 450 imposuit),
914 377 1025 451 tamen,

101 466 173 507 cum
196 445 275 507 liber
295 449 334 507 sit
354 448 407 509 ille
430 452 552 530 spiritus
589 469 626 510 ac
658 452 770 532 spiret,
799 471 861 513 non
889 451 940 516 ubi
968 472 1025 514 nos

101 530 257 604 volumus,
280 530 334 591 sed
358 531 407 592 ubi
429 533 495 612 ipsc
518 531 592 612 vult,
615 533 765 593 servanda
794 535 891 595 fuerat
920 535 1027 615 regula

101 613 156 673 illa
178 611 281 673 Pauli:
304 610 389 673 Iusta
412 623 602 695 opportune,
628 617 825 696 importune,
854 636 916 678 nou
946 619 1035 677 enim*

102 696 228 772 scimus,
251 714 312 781 qua
333 696 410 758 bora
431 697 573 759 domiuus
596 704 740 758 venturus
763 701 816 759 sits
847 699 933 780 Esto,
956 702 1027 778 sint,

103 780 158 858 qni
178 778 355 858 magistrum
379 782 516 860 spiritum
529 782 676 842 hactenus
698 782 824 848 inmeis
837 782 931 843 literis
953 801 1028 843 non·

104 861 178 922 dum
201 870 365 924 senserunt
386 872 416 923 ct
436 883 491 942 per
513 863 661 924 diatribcn
684 865 767 925 illam
791 867 851 924 sint
873 867 1026 943 prostrati,

103 945 185 1005 iortc
206 944 343 1006 nondum
360 952 496 1006 -vcnerat
516 947 592 1009 hora
615 966 742 1027 eorum,
773 956 803 1007 et
825 949 891 1026 quis
914 948 980 1029 scit,
1003 948 1028 1006 si

104 1027 184 1090 deus
213 1029 304 1087 ctiam
327 1034 356 1087 te
378 1029 500 1088 visitare
523 1028 716 1110 dignabitur,
745 1032 860 1110 optime
890 1028 1029 1107 Erasme,

104 1129 161 1190 per
185 1129 234 1169 me
257 1112 400 1172 miserum
425 1119 456 1172 et
467 1111 576 1193 fragile
600 1114 757 1172 vasculum
774 1131 871 1191 suum,
895 1118 928 1173 ut
949 1112 1028 1173 felici

105 1196 184 1254 bora
206 1189 306 1275 (quod
329 1191 368 1254 e‘x
392 1194 485 1255 cordo
506 1214 584 1276 rogo
608 1202 725 1275 patrem
753 1195 1028 1256 misericordiarum
1080 1194 1083 1199 ’

105 1294 162 1356 per
183 1274 336 1350 Christum
360 1276 515 1337 dominum
538 1282 693 1353 nostrum)
719 1279 779 1338 boc
807 1278 909 1339 libello
938 1276 976 1338 ad
1000 1285 1030 1337 tc

104 1359 229 1418 veniam
274 1366 304 1420 et
332 1362 520 1421 carissimum
543 1361 664 1420 fratrem
700 1361 897 1422 lucrifaciam.
952 1360 1029 1421 Nam

105 1443 165 1501 etsi
188 1442 278 1502 mcle'
295 1450 326 1502 tu
349 1445 442 1503 sentis
466 1451 496 1503 et
518 1443 624 1504 scribis
646 1442 802 1504 delibero
825 1443 961 1521 arbitrio,
984 1448 1031 1503 ta·

105 1543 178 1587 men
201 1544 220 1584 a
242 1544 291 1585 me
312 1525 365 1586 tibi
389 1536 590 1604 non‘parvao
613 1525 761 1587 debentur
781 1527 917 1606 gratiae,
948 1523 1030 1605 quod
1128 1586 1132 1592 ,

106 1607 180 1666 mibi
203 1626 304 1667 meam
326 1610 509 1669 sententiam
542 1607 699 1669 reddidisti
733 1609 827 1687 longe
854 1608 1031 1686 firmiorem,

106 1709 177 1750 cum
202 1689 335 1750 viderem
360 1710 501 1760 caussam
524 1691 609 1751 liberi
633 1691 747 1751 arbitrii
769 1709 788 1750 a
809 1689 862 1750 tali
885 1696 1032 1769 tantoque

107 1769 236 1854 ingenio
259 1775 385 1834 summis
408 1774 523 1834 viribus
543 1775 602 1854 agi,
626 1781 657 1834 ct
679 1772 757 1835 adeo
769 1773 843 1833 nihil
865 1773 982 1854 peragi,
1000 1781 1033 1831 ut

108 1858 197 1936 peius
220 1856 333 1918 habeat
354 1875 444 1934 quam
468 1861 583 1936 antea,
615 1856 698 1936 quod
721 1854 855 1925 evidens⁸
878 1862 925 1916 cst
947 1874 1033 1935 argu·

108 1944 257 2013 mentum,
278 1939 415 2014 liberum„
429 1938 585 2000 arbitrium
609 1959 678 2000 esse
701 1959 816 1999 merum
829 1938 1033 2009 mendacium,

109 2020 193 2100 quod
217 2023 361 2102 exemplo
385 2023 519 2083 mulieris
543 2022 621 2083 illius
641 2022 859 2103 Evangelicae,
882 2041 943 2102 quo
966 2020 1034 2100 plus

108 2123 128 2164 a
150 2104 278 2165 medicis
301 2111 430 2183 curatur,
455 2125 493 2166 eo
515 2107 602 2184 peius
625 2105 734 2183 habet3
768 2105 921 2165 cumulata
942 2105 1034 2185 igitur

106 2185 254 2250 reddetur
273 2187 328 2249 tibi
350 2207 371 2255 a
392 2208 441 2248 me
462 2189 575 2268 gratia,
607 2189 632 2247 si
664 2207 719 2268 per
741 2206 790 2247 mc
817 2189 941 2251 certior,
967 2185 1034 2263 flas,

94 2273 188 2330 siout
209 2288 270 2349 ego
292 2290 347 2351 per
370 2276 400 2331 te
428 2271 558 2349 firmior,
587 2290 689 2330 verum
724 2278 887 2350 utrumque
919 2269 1033 2330 donum

110 2358 159 2414 cst
179 2354 313 2435 spiritus,
336 2371 396 2414 uon
421 2373 498 2433 opus
520 2351 611 2413 officii
636 2354 741 2414 nostri.
776 2351 878 2428 Quare
901 2351 1034 2431 orandus

110 2441 159 2497 est
181 2437 288 2512 Deus,
323 2443 356 2496 ut
379 2436 452 2496 mihi
475 2455 531 2517 os,
565 2435 721 2496 tibi-vero
745 2442 776 2495 ct
808 2434 949 2495 omnibus
982 2452 1036 2493 cor

114 2521 243 2599 aperiat,
265 2521 365 2598 sitque
387 2521 454 2599 ipse
467 2519 612 2599 magister
634 2514 738 2578 coram
760 2519 789 2577 in
803 2517 904 2577 medio
928 2517 1034 2595 nostri,

110 2602 164 2680 qui
192 2603 225 2662 iu
257 2601 348 2663 nobis
372 2602 514 2681 loquatur
543 2608 574 2661 et
602 2601 715 2662 audiat.
765 2600 844 2659 Ate
867 2616 961 2672 vero,
995 2599 1035 2656 mi

110 2685 250 2765 Erasme,
273 2686 357 2744 sinas
377 2685 438 2746 hoo
461 2705 509 2745 me
520 2684 694 2763 impetrare,
718 2688 751 2741 ut
772 2683 850 2740 sicut
871 2699 930 2761 ego
954 2687 1036 2739 tuam

111 2768 178 2828 fero
199 2768 232 2827 iu
252 2767 301 2827 bis
322 2767 412 2828 rebus
435 2766 659 2846 ignorantiam,
680 2766 724 2825 ita
746 2770 778 2824 tu
800 2764 933 2824 vicissim
951 2763 1036 2822 laras
1127 2829 1129 2832 Α

13 2867 18 2872 ’
113 2869 214 2910 meam
243 2849 411 2912 infantiam.
465 2851 534 2910 Nou
573 2850 633 2908 uni.
658 2846 711 2908 dat
739 2855 848 2907 cuncta
877 2845 952 2906 deus
980 2863 1038 2903 nec
1102 2923 1105 2930 Ι

111 2933 220 2993 omnia
241 2952 405 3011 possumus
428 2951 547 3009 omnes,
571 2951 634 3010 seu,
658 2936 690 2990 ut
712 2930 823 2991 Paulus
851 2931 909 3008 ait,
940 2928 1036 2989 distri·

112 3015 257 3075 butiones
279 3015 429 3077 donorum
454 3023 533 3091 sunt,
556 3014 636 3074 idem
659 3020 760 3073 autem
779 3014 911 3092 spiritus.
956 3010 1037 3072 Reli-

113 3117 209 3177 quum
231 3099 400 3179 igiturest,
424 3108 456 3157 ut
478 3099 561 3159 dona
578 3103 698 3156 mutuas
721 3115 831 3176 operas
853 3094 985 3172 tradant,
1008 3101 1039 3153 et

116 3180 196 3241 alter
217 3199 276 3242 suo
305 3182 387 3243 dono
418 3181 541 3242 alterius
564 3198 641 3240 onus
675 3187 706 3238 et
734 3179 893 3258 penuriam
927 3180 1038 3257 portat,

114 3263 161 3324 sio
184 3264 379 3344 implebimus
402 3265 502 3344 legem
526 3263 647 3324 Christi.
743 3335 745 3340 ³

200 3348 354 3427 Principio
377 3347 479 3427 aliqua
506 3347 610 3426 capita
636 3343 833 3424 praefationis
870 3346 941 3401 tuae
972 3358 1038 3420 per-

117 3445 240 3496 currere
274 3429 367 3510 volo,
404 3429 512 3509 quibus
541 3448 601 3489 non
632 3427 703 3486 nibil
732 3442 872 3486 naussum
904 3427 1039 3482 nostram

115 3532 230 3595 gravas
252 3523 284 3574 et
305 3521 387 3573 tuam
423 3513 565 3575 adornas.
611 3511 711 3570 Primo
735 3508 820 3588 illud,
844 3505 1040 3586 quodetiam

118 3597 187 3660 aliis
210 3596 319 3657 libellis
341 3597 546 3675 pervicaciam
570 3591 726 3654 asserendi
754 3593 785 3652 in
808 3610 857 3650 me
879 3588 1041 3669 reprehen-

117 3681 176 3757 dis,
199 3686 230 3740 et
251 3681 280 3739 in
302 3679 364 3742 hoc
384 3679 488 3740 libello
512 3679 611 3756 dicis,
641 3684 670 3736 te
699 3674 778 3735 adeo
800 3692 863 3734 non
897 3671 1042 3733 delectari
