2348 4162
126 245 191 316 524
420 247 617 307 mutones
634 248 669 306 l).
685 249 721 306 n.
739 250 770 306 L.

190 419 366 483 Venerabili
376 421 407 484 in
419 421 542 484 Christo
554 422 640 500 Viro,
651 421 788 485 Domino
800 418 935 484 Iohanni
946 419 1049 484 Pone

128 525 217 584 rano,
239 504 515 586 Wittenbergensia
537 505 859 587 euslesiasllpisnopn
881 512 915 567 st
935 503 1049 567 Pastori

127 587 306 650 fidelissimo
329 594 360 649 et
373 588 592 667 sinuerissimu,
614 609 671 650 suu
693 591 724 650 in
744 589 873 651 dominu
884 586 1049 671 llaiuri*).

212 753 349 816 Gratiam
372 761 405 816 et
424 773 532 835 passm
555 756 584 815 in
608 755 730 817 Christo
742 754 826 835 Isau,
848 755 989 817 Domino
1000 773 1047 815 no·

128 845 204 915 stro,
225 839 278 917 qui
302 838 400 898 fantus
421 845 470 898 est
490 857 616 916 servus,
638 859 699 900 nun
724 838 971 900 niruumnisionis
993 844 1049 898 tau·

130 927 204 996 tum,
225 920 280 982 ssd
303 922 397 982 totins
415 920 530 1001 muudi,
554 922 691 996 honest,
713 930 852 983 nostrum
871 920 903 1004 ¹)
919 922 1048 983 omnium

130 1005 368 1066 miserrimorum
389 1012 599 1085 peecatorum,
621 1023 676 1086 per
697 1005 883 1067 ineffabilem
903 1023 993 1065 suam
1008 1021 1049 1064 na·

128 1088 260 1151 ritatem.
304 1087 509 1148 Vehementer
531 1087 605 1149 mihi
626 1089 739 1170 planet,
760 1089 816 1148 Vir
828 1088 960 1168 optime,
982 1106 1049 1148 nnn·

128 1170 229 1231 silium
252 1176 336 1230 tunm
372 1167 475 1250 (quod
507 1173 582 1231 satis
604 1171 691 1233 tarde
712 1173 842 1247 ressivi)
866 1170 907 1233 de
929 1169 1050 1232 edendis

130 1252 214 1314 libris
236 1253 354 1333 aliquot
377 1253 438 1314 divi
452 1253 625 1334 Athanasii,
647 1261 723 1335 pute
743 1254 958 1329 ds'l'riuitate‚
978 1255 1051 1314 intsr

131 1354 211 1416 quos
243 1337 320 1398 mira
352 1336 511 1416 voluptate
543 1356 593 1399 me
625 1338 728 1399 elleuit
759 1337 904 1417 dialogus
926 1336 981 1398 ille
1001 1354 1050 1397 neu

129 1418 312 1501 disputatio,
339 1438 430 1499 quam
453 1439 558 1482 eoram
580 1420 679 1501 probo
701 1419 802 1482 iudine
823 1420 881 1481 sub
903 1419 1051 1482 Constan-

130 1502 237 1579 tiuo²)
274 1521 387 1582 magno
422 1503 502 1565 iuter
537 1505 637 1584 ipsum
660 1505 862 1565 Athanasium
896 1510 928 1564 et
950 1504 1050 1565 Arium

128 1585 264 1646 habitam
286 1586 381 1646 luisse
403 1593 535 1650 onustat.
576 1587 832 1648 Renrsaviteuim
854 1606 905 1647 me
922 1584 1052 1647 iuunnda

130 1670 295 1746 memoris,
317 1688 410 1748 quum
433 1669 629 1748 recordarer,
659 1678 775 1751 quantu
796 1669 869 1730 fldsi
892 1669 1005 1732 ardore
1023 1674 1052 1729 st

57 1784 63 1791 ,
130 1752 237 1813 lavore
270 1751 454 1816 adulescens
490 1773 561 1814 sum
594 1753 752 1834 dialogum
778 1752 925 1835 legissem
958 1753 1052 1833 primu

130 1854 213 1896 anuo
236 1836 437 1899 monachatus
459 1838 519 1896 mei
527 1884 537 1917 ,
571 1854 640 1898 eum
663 1835 824 1899 urtordtas
852 1835 1052 1917 paedagogus

132 1937 217 1979 meus
240 1919 445 1997 monasticus,
468 1920 515 1980 vir
537 1938 612 1980 saue
633 1921 787 2001 optimus,
810 1927 841 1979 et
862 1919 982 1999 sbsqus
1003 1917 1051 1978 du·

131 2001 182 2064 bio
221 2000 277 2063 suh
312 2000 459 2062 damnato
491 2002 613 2064 nueullo
634 2021 725 2064 verus
747 2002 949 2082 nhristiauus,
984 1999 1053 2063 mihi

133 2102 202 2144 eum
225 2103 280 2144 sua
303 2103 394 2145 mann
416 2084 603 2166 desuriptum
625 2085 760 2147 dedisset
781 2085 960 2166 legendum.
995 2081 1052 2145 sat

131 2166 210 2227 haee
231 2168 351 2249 privata
372 2168 514 2247 voluptas
536 2175 568 2229 et
588 2169 703 2230 utilitas
724 2169 781 2229 luit
792 2167 837 2250 ⁸).

215 2250 321 2311 Altera
343 2269 417 2312 vern
439 2251 536 2312 multo
558 2253 661 2332 potior
682 2250 788 2330 est4),
810 2251 895 2330 quud
918 2251 1052 2332 spiritum

133 2333 247 2396 christi
268 2332 360 2395 viden
382 2335 412 2394 in
437 2341 469 2395 te
490 2341 521 2394 et
542 2354 597 2413 per
618 2340 648 2395 te
670 2334 730 2397 hoe
751 2335 881 2398 sollieite
904 2353 999 2415 agere
1012 2335 1052 2409 θ),

132 2424 166 2477 ut
199 2418 257 2477 iste
290 2417 434 2478 articulus
470 2416 510 2477 de
531 2417 679 2478 Trinitats
711 2438 804 2499 purus
828 2426 860 2479 et
880 2419 1004 2497 integer
1024 2417 1051 2477 in

133 2500 266 2560 ecelesia
287 2499 344 2560 Dei
374 2506 512 2560 servetur
540 2510 571 2560 et
593 2500 789 2575 defendatur,
822 2519 879 2582 pro
911 2519 973 2580 qun
996 2518 1052 2559 ser·

133 2583 234 2643 vando
257 2584 303 2642 vir
323 2582 375 2643 ille
398 2584 607 2644 sanctissimus
620 2585 807 2645 Athanasius
829 2602 892 2643 nou
906 2583 1052 2644 dubitarit

132 2666 162 2725 iu
185 2685 219 2726 se
243 2666 401 2745 derivare,
438 2667 581 2746 quicquid
608 2667 750 2728 furiarum
784 2668 902 2727 eratin
926 2666 1051 2738 inferno,

132 2748 247 2810 mundo
270 2754 388 2810 eltuto
412 2750 541 2830 imperio
564 2749 689 2811 diaboli.
733 2749 837 2810 Fidele
859 2768 936 2830 ergo
959 2756 991 2809 et
1010 2767 1051 2807 sa·

132 2832 230 2894 lutare
251 2838 346 2909 tuum,
370 2834 487 2912 optime
509 2833 688 2914 Pommane,
711 2832 873 2894 eonsilium
898 2840 962 2912 est,
996 2831 1051 2891 hos

132 2922 238 2977 nostru
260 2915 467 2997 perditissimo
488 2915 607 2997 aenuln,
628 2919 661 2977 in
684 2935 745 2995 qun
768 2915 925 2977 sumsere
948 2930 1051 2977 omues

205 3180 235 3246 *)
253 3181 311 3237 Nos
321 3186 425 3238 textum
435 3182 606 3239 reddidimus
619 3182 768 3237 meandum
780 3179 902 3237 thlttaii
911 3180 990 3235 libr:
1002 3179 1050 3235 Un-

135 3251 288 3324 gedruukts
307 3253 401 3309 Briefs
419 3253 501 3309 Luth.
518 3255 551 3310 T.
571 3256 610 3309 lll
628 3269 654 3323 p.
676 3255 741 3321 181,
761 3253 823 3308 soll.
843 3269 905 3308 sum
925 3249 1051 3309 dewettii
1073 3262 1080 3275 ·

134 3325 177 3380 ed.
197 3326 268 3395 Epp.
287 3324 363 3381 Lutlr.
384 3326 417 3382 T.
429 3327 477 3392 IV,
495 3328 563 3392 4273
582 3327 611 3381 in
627 3326 748 3396 linguam
781 3325 951 3380 ermauinaun
966 3328 1051 3378 trans

133 3396 192 3451 lata
209 3395 280 3453 huss
306 3396 444 3466 praefatio
472 3398 610 3453 iuvenitur
637 3397 664 3451 iu
683 3343 802 3454 Walolii
820 3396 865 3452 ed.
884 3395 955 3465 opp.
975 3390 1049 3450 Luth.

134 3469 204 3533 le,
224 3470 290 3535 298,
319 3475 348 3524 et
370 3469 398 3523 ln
417 3468 461 3525 ed.
482 3470 544 3538 Lipa
574 3469 644 3538 Opp.
666 3469 743 3525 Lnth.
763 3469 850 3535 XXII,
870 3485 898 3539 p.
920 3469 980 3533 105.
1000 3467 1050 3534 Ap·

134 3538 216 3609 pend.
246 3570 277 3580 -·
325 3543 352 3609 1)
373 3539 505 3596 Schtttzs:
534 3547 705 3612 nostrorum3
743 3540 887 3596 deWetts:
921 3546 1049 3594 nostrum.

134 3612 166 3681 2)
192 3610 335 3667 deWetts:
371 3627 474 3683 magno
503 3611 695 3668 Constantino.
750 3614 778 3681 3)
804 3611 928 3666 Ibidem:
966 3607 1049 3665 tuerit

133 3684 163 3751 4)
182 3681 300 3739 Ibidem:
319 3683 415 3740 Altera
431 3699 500 3740 vero
520 3685 593 3740 ratio
604 3684 689 3739 multo
700 3683 793 3754 potior
811 3690 864 3739 est.
883 3683 917 3757 5)
938 3681 1049 3738 Ibidem

131 3770 183 3827 par
202 3759 230 3811 te
247 3755 394 3811 sollicitum
414 3771 508 3827 agere
805 3778 808 3785 ·
