2348 4162
337 262 373 318 ad
392 264 426 318 D.
445 266 594 320 Erasmum.
607 266 831 322 Roterodamum.
983 268 1046 333 325

84 446 88 451 ·
122 427 148 487 l.
178 423 317 491 Corinth.
345 427 373 485 1.
410 422 493 482 disat
543 442 610 482 earn
650 424 731 483 viam
764 444 834 485 esse
868 426 1045 488 scandalum

122 506 245 568 ludaeis
269 514 300 568 et
321 506 482 568 stultitiam
506 505 658 586 gentibus.

207 590 284 651 (lum
312 595 413 652 autem
443 588 575 650 ludaeos
597 595 629 649 et
649 595 756 670 gentes
784 591 851 651 sine
873 591 1047 652 discrimine
1075 640 1078 645 r

122 673 275 754 appellet,
299 682 328 735 et
350 672 480 734 ludaeos
503 691 540 732 aa
562 680 670 754 gentes
703 675 886 753 praecipuos
915 676 1047 756 populos

122 756 179 817 sub
203 756 293 818 ooelo
317 775 385 818 esse
408 762 524 816 sertum
547 757 600 830 sit,
623 755 713 815 simul
737 764 850 817 eertum
879 767 945 832 est,
974 758 1047 819 libe·
1113 798 1116 803 ι

122 860 188 900 rum
212 840 368 902 arbitrium
393 858 463 899 esse
485 838 558 898 nihil
581 838 678 919 aliud,
702 859 792 918 quam
821 859 971 900 summum
994 842 1046 900 bo-

123 930 200 983 stem
224 924 357 984 iustitiae
379 929 410 983 et
432 922 537 982 salutis
560 921 725 1001 humanae,
748 922 894 983 sumberi
917 942 978 983 non
994 944 1047 1004 po·

122 1007 222 1081 tuerit,
245 1007 318 1084 quin
340 1005 465 1085 aliquod
487 1006 566 1065 inter
588 1004 721 1067 Iudaeos
744 1013 775 1065 et
797 1013 905 1085 gentes
928 1027 1048 1067 summa
1154 1056 1158 1063 .

123 1091 150 1149 vi
175 1087 263 1149 liberi
284 1089 400 1151 arbitrii
422 1090 540 1169 egerint
561 1095 593 1148 et
614 1089 716 1148 eonati
739 1089 808 1165 sint,
831 1097 861 1149 et
884 1097 984 1151 tamen
1008 1109 1047 1150 eo

123 1173 190 1251 ipso
214 1191 277 1233 non
300 1173 358 1232 nisi
381 1171 494 1234 bellum
518 1178 626 1232 eontra
652 1173 780 1251 gratiam
804 1175 964 1252 gesserint.
1002 1174 1047 1233 Tu

123 1274 204 1315 nune
227 1256 305 1315 vade
329 1261 359 1315 et
381 1255 450 1331 dio,
486 1253 567 1333 quod
590 1253 717 1314 liberum
743 1255 897 1316 arbitrium
921 1263 1049 1317 sonetur

123 1337 159 1399 ad
184 1337 311 1418 bonum,
335 1339 382 1398 oui
405 1339 474 1418 ipsa
496 1337 616 1397 bonitas
639 1344 671 1397 et
688 1339 801 1397 institia
823 1339 1002 1399 scandalum
1018 1345 1049 1399 et

123 1420 252 1483 stultitia
274 1428 354 1484 sunt.
397 1419 574 1499 Neo-potes
596 1420 720 1498 disere,
749 1421 826 1480 haee
856 1421 894 1482 ad
918 1422 1047 1501 aliquos,

124 1524 198 1579 non,
220 1503 260 1564 ad
282 1523 390 1565 omnes
420 1504 583 1582 pertinere.
638 1502 750 1562 Paulus
779 1504 845 1563 sine
874 1504 1048 1565 discrimine
1125 1552 1128 1557 .

124 1587 262 1668 loquitur
283 1586 322 1656 de
345 1587 505 1665 omnibus,
539 1604 606 1646 oum
631 1585 718 1645 dioit:
748 1585 898 1647 Gentibus
924 1588 1050 1648 stultitia

124 1678 152 1731 et
172 1668 297 1732 Iudaeis
320 1669 512 1746 scandalum,
534 1687 592 1729 nea
605 1668 685 1728 ullos
708 1671 823 1749 exeipit
844 1671 900 1730 nisi
923 1670 1048 1730 ereden-

124 1760 179 1815 tes.
223 1752 325 1817 Nobis
349 1752 495 1834 (inquit),
520 1751 551 1811 id
580 1757 628 1811 est
648 1754 767 1812 voeatis
796 1759 827 1812 et
849 1754 973 1829 sanetis,
1002 1760 1048 1813 est

124 1839 217 1897 virtus
240 1843 272 1896 et
293 1837 446 1916 sapientia
468 1836 534 1897 Dei.
584 1834 654 1895 Non
684 1834 757 1895 dioit
778 1835 929 1915 aliquibus
952 1838 1047 1916 genti·

124 1919 202 1997 bus,
226 1916 377 1998 aliquibus
399 1918 535 1999 ludaeis,
565 1917 619 1978 sed
652 1918 828 1998 simpliciter
849 1919 991 1999 gentibus
1018 1924 1049 1980 et
1167 1924 1170 1931 '

122 2003 243 2064 ludaeis
266 1999 411 2083 (inquit),
434 2003 483 2081 qni
506 2020 569 2061 non
592 2006 662 2061 sunt
684 2020 723 2061 ex
750 2000 858 2081 nobis,
889 2003 1048 2063 manifeste
1159 2026 1162 2033 ·

123 2086 288 2166 partitione
315 2104 462 2165 separans
491 2084 652 2145 eredentes
675 2083 714 2145 ab
737 2084 925 2164 incredulis,
963 2085 1047 2146 nullo
1085 2126 1088 2131 -

123 2169 231 2230 relioto
257 2168 368 2232 medio.
415 2165 483 2229 Nos
507 2176 607 2229 autem
631 2168 822 2247 disputamus
845 2168 884 2228 de
907 2169 1048 2248 gentibus

124 2252 352 2330 eitragratiam
380 2250 563 2332 egentibus,
593 2251 638 2311 hie
669 2251 743 2310 dioit
763 2252 875 2311 Paulus
904 2253 1047 2312 iustitiam

123 2335 181 2397 Dei
205 2353 275 2395 esse
297 2334 477 2410 stultitiam,
500 2351 591 2412 quam
620 2332 784 2394 abhorrent
793 2381 803 2414 ,
826 2340 918 2414 atque
953 2336 978 2394 is
1003 2343 1050 2393 est
1107 2389 1111 2397 .

123 2418 174 2478 ille
197 2416 359 2477 laudabilis
382 2424 510 2477 conatus
535 2415 619 2477 liberi
642 2414 758 2477 arbitrii
780 2417 818 2476 ad
842 2416 965 2479 bonum.

208 2499 328 2561 Deinde
363 2500 452 2579 vide,
482 2519 521 2559 an
544 2518 604 2560 non
639 2519 775 2559 summos
809 2498 949 2559 homines
972 2501 1049 2561 inter

125 2583 265 2644 Graecos
288 2583 419 2662 ipsemet
441 2581 589 2659 addnoat,
619 2581 669 2641 ubi
692 2581 778 2662 dioit,
807 2601 862 2641 eos
882 2583 1049 2643 infatuatos

125 2685 195 2727 esse
217 2675 249 2726 et
271 2684 325 2726 sor
345 2685 450 2726 eorum
466 2665 732 2744 obscuratum,qui
746 2666 948 2744 sapientiores
971 2668 1049 2725 inter

126 2767 180 2810 eos
202 2749 332 2825 fuerunt,
353 2750 425 2809 item
449 2767 546 2808 vanos
568 2748 666 2809 laotos
683 2747 873 2829 dialogismis
896 2749 969 2829 suis,
992 2749 1052 2809 boo

126 2838 173 2892 est
196 2833 260 2891 suis
282 2833 398 2911 argutis
422 2818 690 2911 disbutationibus.

209 2914 371 2994 Obsecro,
401 2934 439 2975 an
463 2915 512 2974 hio
541 2934 604 2975 non
627 2915 725 2992 tangit
747 2934 899 2975 summum
921 2913 995 2974 illud
1018 2921 1048 2975 et

126 2999 424 3078 praestantissimum
446 2999 476 3057 in
501 2997 628 3058 Graecis
645 2998 830 3076 bominibus,
845 2998 922 3058 dum
946 3017 1050 3059 eorum

127 3080 330 3161 dialogismos
353 3080 474 3160 tangit?
517 3080 623 3157 Hae1)
649 3083 728 3140 enim
748 3092 818 3140 sunt
839 3101 944 3141 eornm
968 3101 1051 3140 sum·
1166 3114 1169 3121 ·

127 3184 198 3225 mae
219 3170 250 3225 et
272 3163 407 3243 optimae
429 3165 632 3244 cogitationes
655 3170 686 3223 et
703 3165 874 3243 opiniones,
897 3183 973 3242 quas
997 3184 1051 3245 pro

127 3246 229 3308 solida
250 3248 401 3327 sapientia
423 3247 602 3310 babuerunt.
640 3248 681 3310 At
702 3246 783 3306 hane
805 3248 998 3325 sapientiam,
1021 3255 1052 3305 ut

127 3330 202 3392 alibi
222 3330 369 3407 stultam,
396 3332 440 3390 ita
463 3329 514 3390 hio
536 3350 647 3390 vanam
671 3349 739 3389 esse
760 3331 791 3389 in
815 3330 873 3389 illis
897 3329 985 3402 dioit,
1022 3337 1051 3388 et

127 3433 166 3474 eo
190 3432 385 3494 progressam
410 3408 505 3474 multa
527 3413 688 3482 sonando,
717 3418 751 3472 ut
779 3413 865 3492 peior
894 3411 1000 3487 fieret,
1023 3419 1054 3471 et

128 3496 253 3556 tandem
277 3496 370 3557 eorde
393 3497 557 3557 obscurato
581 3497 663 3557 idola
685 3497 838 3576 oolerent,
868 3502 898 3556 et
925 3513 1052 3574 sequen-

184 3720 187 3727 Ι
203 3762 235 3832 1)
255 3758 286 3817 In
304 3762 350 3818 ed.
369 3763 439 3819 1525
460 3767 490 3817 et
508 3761 553 3841 ed,
570 3760 637 3817 lens·
656 3761 693 3816 hi.
779 3816 782 3821 ,
