2348 4162
128 221 191 287 544
417 221 610 280 Praefatioucs
627 223 662 279 D.
680 223 715 277 li.
735 223 766 278 L.

21 404 25 409 '
128 401 289 476 paccatum
310 393 376 458 luit.
431 395 531 455 'lestis
553 401 601 456 est
621 413 690 454 mea
716 400 748 455 et
768 394 934 456 multorum
955 393 1046 456 bono·

130 498 195 539 rum
218 479 376 540 bominum
392 480 591 557 conscientia,
613 497 693 557 quae
714 479 781 538 istis
793 477 1045 539 abominabilibus

128 564 273 622 monstris
303 562 479 623 horribilem
511 564 541 622 in
576 561 699 622 modam
734 563 859 641 captiva
892 563 963 642 init,
996 560 1045 622 sed

129 644 250 706 Obristo
263 647 370 726 gratia,
394 647 577 705 suavissimo
594 645 790 724 redemptori,
812 647 864 723 qui
878 664 937 706 nos
950 645 1045 705 denno

129 728 289 788 suscitavit
308 747 412 791 secum
435 749 454 788 a
477 728 603 791 mortuis
625 727 822 806 ostenditque
842 728 933 789 nobis
956 728 1045 788 lecha·

126 811 237 874 tlotem
259 809 375 871 diffusis
398 811 566 871 visceribus
587 818 726 891 ruptum,
752 810 924 871 foetentem
946 819 978 872 et
997 831 1043 872 ex·

128 895 326 972 sacrabilem,
347 894 479 972 ideoque
501 912 583 953 nunc
607 901 837 972 contemptum,
871 893 1043 955 derelictum

129 983 160 1038 et
181 979 317 1038 omnium
330 976 413 1055 risui,
436 977 566 1037 ludibrio
580 985 611 1036 et
623 974 713 1036 sibilo
728 979 918 1056 expositum,
941 979 1043 1058 Amen,

129 1062 239 1123 Amen.
283 1060 429 1137 Domine,
451 1063 531 1119 iusta
552 1067 584 1119 et
604 1078 677 1119 vera
698 1067 770 1119 suut
790 1059 906 1120 iudicia
929 1068 998 1139 tua,
1016 1067 1045 1119 tu

128 1145 228 1222 igitur,
252 1143 392 1222 Domine,
413 1142 551 1202 servabis
574 1160 631 1202 nos
653 1151 684 1202 et
705 1142 862 1202 custodies
886 1161 945 1204 nos
967 1161 1043 1223 age·

128 1228 289 1287 seratione
316 1225 424 1286 bacin
447 1232 623 1302 aeternum,
652 1225 725 1303 quia
752 1226 839 1304 impii
868 1227 900 1285 iu
924 1227 1045 1287 circuitu

127 1308 339 1385 ambulabant,
363 1309 433 1368 dum
456 1308 581 1368 exaltati
608 1307 729 1368 fuerunt
751 1308 890 1369 vilissimi
919 1308 1044 1370 tiliorum

126 1391 295 1473 homiuum,
318 1392 440 1453 Psalmo
462 1390 518 1453 XI.
541 1391 648 1451 Amen.

511 1655 549 1717 s.
572 1656 663 1721 1538.

112 1819 432 1907 .22)Praeiutio*)
445 1820 480 1886 D.
494 1819 705 1886 M.Lutheri
726 1821 764 1880 in
781 1819 943 1883 Centum
966 1822 1042 1883 (lra-

126 1907 280 1967 vamina
301 1905 478 1965 nationis
501 1901 769 1984 Germanicae,
793 1905 845 1982 qui
869 1904 948 1965 liber
968 1923 1041 1966 anno

126 1989 207 2054 1538
229 1989 286 2049 sub
307 1987 367 2048 hac
387 1987 585 2066 inscriptione
606 1988 636 2047 in
661 1986 758 2046 lucem
781 1986 915 2066 prodiit:

250 2071 376 2150 Legatio
408 2068 535 2130 Adriani
567 2070 669 2150 Papae
701 2066 745 2130 VI
778 2068 817 2129 ad
853 2069 1041 2131 Conuentum

166 2151 465 2232 Nurembergensem
499 2154 588 2213 Auno
623 2149 800 2218 urbm
827 2152 934 2215 Missa.
990 2153 1041 2213 Re

167 2239 310 2316 sponsio,
338 2238 464 2296 nomine
486 2235 658 2299 Caesareae
680 2237 848 2295 Maiestatis
870 2234 1040 2317 Principum

166 2328 198 2381 et
218 2338 378 2400 procerum
400 2319 527 2379 reddita.
572 2317 758 2379 Grauamina
780 2328 904 2379 centum
927 2339 947 2380 a
970 2320 1040 2380 Pou-

168 2403 297 2463 tifloibus
320 2401 501 2481 significata,
525 2401 714 2482 Principibus
737 2407 768 2462 et
790 2403 910 2481 imperii
935 2402 1038 2464 ordini·

167 2488 222 2549 bus
246 2487 370 2546 ulterius
393 2504 455 2545 uon
484 2483 653 2546 toleranda.
707 2483 787 2560 Quid
810 2486 872 2544 sint
895 2487 1039 2563 Aunatae,

166 2575 198 2630 et
235 2569 303 2648 q.¹)
355 2566 540 2628 incredibilis
604 2585 724 2637 summa
771 2571 973 2647 pecuniarum
1009 2587 1039 2628 ex

167 2652 241 2713 orbe
265 2652 447 2729 Christiano,
471 2651 600 2710 Romam
615 2652 760 2726 mittatur,
782 2657 813 2709 et
835 2651 1037 2732 profundatur.

166 2735 274 2796 Denuo
298 2754 437 2795 recusum
461 2736 552 2794 Anno
575 2728 826 2797 M.b.xxx·vn1.
853 2735 1038 2796 Wittember·

166 2838 225 2899 gae
250 2824 337 2892 (cum
358 2816 548 2899 praefatione
570 2823 602 2876 et
622 2818 745 2898 epilogo
768 2816 807 2878 Μ.
830 2816 986 2893 Lutlreri).
1011 2816 1037 2876 lu

166 2903 240 2962 fine:
274 2901 459 2980 Impressum
489 2898 704 2979 Vitembergae
732 2918 786 2979 per
814 2900 965 2961 loannem
988 2900 1037 2960 Fri·

165 2985 312 3046 schemut.
335 2985 364 3045 4.
388 2981 443 3065 (ci.
467 2979 598 3044 Schutue
620 2981 675 3064 llI,
699 3003 728 3062 p.
752 2983 820 3046 341.
857 2992 890 3043 et
913 2982 1034 3046 Walcbii

165 3066 280 3129 Introd.
303 3069 334 3126 in
355 3065 390 3129 Τ.
413 3065 482 3127 XIV
507 3062 588 3146 Opp.
611 3066 698 3126 Luth.
720 3067 791 3146 44).

145 3235 290 3294 Martinus
309 3232 456 3294 Lutberus
479 3232 531 3312 pio
554 3231 659 3293 lectori
682 3233 810 3292 salutem
835 3232 1021 3296 inDominc.

205 3387 301 3447 Recte
323 3374 460 3446 fucere'nt
482 3402 552 3444 meo
576 3383 777 3446 saneiudicio
794 3392 826 3446 et
848 3386 1037 3447 consilioue·

193 3540 223 3608 ¹¹³)
244 3540 349 3594 Tantus
367 3537 501 3607 repetitus
526 3542 621 3592 estex
639 3533 838 3605 supplemento
867 3538 1037 3606 epistolam

122 3613 157 3668 11.
176 3611 288 3668 Lutheri
307 3610 350 3666 ed.
378 3625 396 3664 a
423 3608 540 3664 Buddeo
563 3624 590 3677 p.
609 3611 669 3675 315,
691 3607 858 3678 germanice
877 3606 1036 3665 reddituris

122 3682 238 3738 Walchii
256 3683 299 3739 ed.
320 3681 389 3751 Opp.
410 3679 486 3734 Luth.
506 3681 539 3735 Τ.
559 3681 624 3738 XIV
634 3698 660 3750 p.
681 3681 743 3748 402,
761 3685 790 3734 et
808 3679 836 3733 iu
856 3680 900 3736 ed.
925 3681 994 3751 Lips.
1010 3677 1036 3731 Τ.

120 3756 207 3812 XXII.
229 3756 304 3826 App.
324 3772 349 3824 p.
370 3754 431 3809 140.
469 3754 497 3819 1)
515 3751 532 3804 i.
552 3767 576 3808 e.
596 3767 687 3822 quam.
