2348 4162
203 259 267 327 224
361 288 364 293 ·
450 258 493 317 De
512 276 594 317 servo
612 260 726 316 arbitrio
745 261 780 316 D.
798 259 834 315 tt.
852 260 883 317 L.

207 431 245 492 ad
274 450 349 509 nos,
383 439 416 491 ut
436 430 595 491 audiamus
628 438 660 493 et
681 451 776 513 opere
808 429 1042 513 compleamus?
1075 428 1133 491 ssd

205 516 293 574 iuxta
315 524 361 574 est
385 513 474 574 valde
496 533 607 593 sermo,
630 517 660 574 in
683 534 737 576 ore
759 523 812 576 tuo
836 521 867 575 et
888 515 982 575 eorde
1003 521 1076 594 tuo,
1098 522 1133 574 ut

205 598 300 657 fanias
322 597 417 661 illum.
457 596 527 658 Hoe
547 597 618 658 loeo
640 598 798 658 contendit
820 597 948 659 diatriba
970 597 1132 675 deelarari,

205 698 268 740 non
290 680 389 743 solum
411 681 441 740 in
464 681 553 742 nobis
576 682 676 758 sitnm,
700 681 783 761 quod
806 682 1000 761 praeripitur,
1022 698 1132 740 verum

205 764 296 823 etiam
320 766 349 823 in
372 763 500 843 proelivi
521 783 606 844 esse,
630 764 690 825 hoe
711 769 773 845 est,
806 764 913 844 fusile,
946 764 996 825 vel
1018 761 1132 823 saltem

204 864 267 907 non
289 845 423 908 dillleile.

288 927 409 989 Gratias
436 930 555 1009 agimus
587 929 625 989 de
654 937 738 990 tanta
771 928 959 1008 eruditione;
986 930 1012 993 si
1035 931 1129 1010 igitur

205 1012 307 1074 Moses
330 1019 390 1072 tam
415 1012 496 1072 elare
518 1013 717 1092 pronunciat,
740 1031 804 1073 non
828 1011 921 1073 modo
944 1031 1013 1073 esse
1035 1013 1131 1073 laeul·

205 1101 298 1155 tatem
320 1096 350 1154 in
373 1094 477 1174 nobis,
506 1094 560 1154 sed
583 1097 675 1155 etiam
696 1095 873 1156 sanititatem
896 1095 1039 1157 servandi
1062 1114 1132 1157 om·

205 1179 255 1239 nia
277 1176 431 1257 mandata,
455 1196 508 1237 eur
531 1185 649 1238 tantum
672 1177 838 1239 sudamus?
862 1176 923 1239 Our
945 1196 1007 1239 non
1024 1180 1132 1239 statim

204 1260 284 1319 hune
306 1260 408 1320 loeurn
432 1258 641 1339 produximus,
663 1267 694 1321 et
715 1261 843 1323 liberum
865 1260 1020 1321 arbitrium
1043 1279 1130 1322 asse-

204 1344 318 1403 ruimus
341 1343 437 1403 libero
463 1343 595 1423 eampo?
617 1342 697 1418 Quid
720 1346 780 1404 iam
805 1343 948 1405 Christo?
970 1343 1042 1422 quid
1066 1346 1130 1425 spi·

203 1428 261 1485 ritu
284 1426 384 1505 opus?
405 1426 580 1486 Invenimus
594 1428 654 1486 iam
667 1426 779 1505 loeum,
803 1428 856 1506 qui
870 1426 1012 1488 omnibus
1025 1428 1131 1497 usob·

204 1514 309 1587 struat,
332 1516 363 1568 st
384 1509 466 1568 elare
488 1527 549 1569 non
573 1509 665 1569 modo
678 1508 846 1570 libertatem
860 1510 975 1571 arbitrii
998 1518 1130 1591 asserat,

203 1592 258 1652 sed
280 1592 401 1652 fenilem
430 1610 553 1671 quoque
582 1592 796 1653 mandatorum
819 1592 1047 1653 observantiam
1072 1592 1129 1655 do·

203 1683 279 1735 eeat.
303 1675 401 1750 Quam
423 1675 688 1755 stultusChristns,
712 1677 762 1753 qni
777 1677 869 1736 etiarn
884 1675 953 1736 fuso
976 1677 1130 1757 sanguine

96 1756 100 1763 '
203 1761 339 1838 spiritum
362 1758 445 1817 illum
470 1777 531 1818 non
554 1760 760 1818 necessarium
784 1757 873 1819 nobis
895 1761 977 1838 emit,
1000 1764 1034 1818 nt
1055 1760 1129 1820 faoi·

203 1842 248 1901 les
271 1839 462 1901 efficeremur
482 1843 513 1900 in
535 1842 694 1901 servandis
716 1843 903 1921 praeceptis,
936 1841 1042 1919 quales
1065 1843 1128 1903 iam

203 1944 243 1983 ex
265 1932 373 1984 natura
395 1944 516 2002 sumus,
546 1926 618 2003 quin
642 1930 672 1984 et
693 1926 760 2004 ipsa
788 1924 916 1985 diatriba
937 1942 1008 1985 suas
1031 1942 1129 1986 voees

202 2014 349 2083 reeuntet,
372 2007 480 2084 quibus
503 2006 588 2087 dixit,
611 2007 737 2068 liberum
761 2007 916 2068 arbitrium
939 2008 1006 2068 sine
1026 2008 1130 2088 gratia

202 2090 276 2149 nihil
300 2108 393 2169 posse
414 2091 493 2150 velle
516 2090 600 2167 boni,
623 2090 704 2150 dieat
727 2109 800 2152 vero
820 2109 915 2170 nuno,
938 2090 1070 2151 liberum
1083 2110 1129 2152 ar·

203 2173 321 2234 bitrium
346 2190 414 2233 esse
436 2178 539 2234 tentae
561 2174 696 2251 virtutis,
720 2180 753 2234 nt
778 2192 840 2234 non
864 2173 956 2234 modo
978 2173 1053 2235 velit
1075 2174 1128 2235 bo·

202 2276 285 2335 num,
308 2255 362 2316 sed
381 2258 472 2316 etiam
494 2256 576 2316 faoili
598 2274 693 2335 opera
714 2263 816 2317 servet
837 2276 956 2317 summa
977 2264 1008 2317 et
1021 2258 1130 2318 omnia

203 2339 356 2400 mandata.
379 2338 458 2399 Vide
481 2357 612 2418 quaeso,
637 2340 708 2418 quid
731 2339 844 2400 effioiat
864 2341 983 2401 animus
1006 2339 1128 2401 alienus

201 2443 221 2484 a
242 2442 351 2500 eausa,
382 2441 473 2501 quam
502 2441 564 2482 non
592 2429 785 2503 potestesse
808 2440 869 2484 non
892 2422 1031 2503 prodere.
1077 2425 1127 2485 An

201 2506 301 2566 adhue
323 2524 400 2586 opus
424 2513 471 2565 est
492 2505 648 2567 eonlutare
662 2505 833 2567 diatriben?
856 2508 918 2566 Aut
939 2507 1007 2585 quis
1025 2506 1126 2586 magis

201 2608 270 2650 eam
292 2589 449 2649 confutare
472 2596 573 2669 queat,
596 2608 688 2668 qnam
710 2591 778 2670 ipsa
793 2608 827 2649 se
849 2590 946 2669 ipsam
964 2587 1127 2650 confutat?

200 2671 287 2733 Haeo
308 2672 425 2733 seilieet
446 2683 492 2731 est
521 2671 618 2732 bestia
638 2672 706 2751 illa,
741 2691 820 2751 quae
842 2675 997 2754 seipsam
1019 2690 1126 2734 eome-

202 2755 265 2833 dit,
293 2774 384 2834 quam
408 2774 513 2815 verum
534 2764 596 2834 est,
628 2755 809 2816 mendaeem
840 2765 985 2836 oportere
1007 2774 1126 2817 memo·

199 2856 265 2899 rem
288 2857 365 2901 esse.

283 2921 348 2981 Nos
372 2920 409 2979 ds
423 2921 491 2981 loeo
504 2921 564 2981 isto
576 2921 605 2980 in
616 2921 860 2982 Deuteronomio
876 2914 1020 3001 diximus,
1043 2940 1126 2982 nuno

201 3004 332 3065 breviter
353 3022 490 3082 agemus,
513 3010 546 3063 ut
568 3005 689 3065 saeluso
712 3003 818 3079 Paulo,
841 3006 891 3083 qui
904 3005 994 3071 Rom.
1010 3006 1051 3071 10
1072 3024 1125 3085 po·

200 3094 299 3146 tenter
321 3086 403 3145 huno
436 3087 537 3146 looum
575 3095 698 3167 traetat,
731 3087 926 3150 disseramus.
970 3086 1055 3148 Nihil
1075 3088 1124 3149 bie

200 3189 324 3249 prorsus
348 3169 432 3230 vides
455 3169 513 3231 diei
542 3170 594 3230 erit
617 3171 678 3231 ulla
700 3171 820 3251 syllaba
842 3171 945 3231 sonari
968 3169 1008 3231 de
1029 3170 1123 3232 fadili-

199 3261 270 3331 tate,
294 3252 482 3332 difficultate,
502 3254 641 3333 potentia
662 3254 711 3314 vel
732 3254 913 3334 impotentia
935 3253 1023 3314 liberi
1046 3253 1121 3315 arbi·

198 3336 248 3396 trii
271 3336 318 3396 vel
341 3336 485 3416 hominis,
508 3336 547 3396 ad
570 3336 754 3398 servandum
776 3336 827 3397 vel
849 3356 911 3398 non
927 3335 1120 3413 servandum,

199 3419 257 3479 nisi
280 3419 362 3498 quod
384 3420 414 3497 ii,
436 3422 487 3499 qni
510 3420 642 3499 aequalis
657 3427 688 3481 et
700 3420 937 3501 cogitationibus
948 3420 1013 3481 suis
1023 3420 1119 3500 Serip-

198 3509 281 3561 turos
305 3508 445 3583 captant,
480 3502 536 3562 sibi
568 3504 642 3582 ipsis
665 3522 718 3563 eas
741 3504 887 3564 obscuras
909 3510 940 3563 et
961 3504 1118 3583 ambiguas

198 3585 323 3660 laniunt,
345 3594 378 3644 ut
398 3588 443 3645 sie
464 3585 622 3664 quodlibet
642 3605 684 3647 ex
706 3586 750 3647 eis
773 3587 896 3647 laoiant.
940 3584 974 3647 si
995 3602 1117 3667 nonpo-

198 3673 244 3728 tes
268 3668 384 3741 oeulos,
407 3687 496 3728 aures
519 3668 774 3749 saltemadverte,
798 3669 846 3730 vel
862 3669 1005 3731 manibus
1020 3669 1117 3751 palpa

198 3748 300 3813 Moses
325 3753 410 3812 dioit:
433 3753 503 3813 Non
527 3759 574 3813 est
594 3773 686 3834 supra
709 3761 748 3833 te,
770 3773 829 3815 neo
851 3752 959 3834 proeul
974 3755 1115 3834 posituro,
