2348 4162
123 249 170 324 30
419 249 580 325 Exemplum
598 251 760 324 theologiae*

211 414 323 476 Verum
355 414 434 476 ultra
461 433 522 476 non
553 415 714 496 profieient
741 416 804 492 (ait
829 415 859 479 8.
881 416 995 477 Paulus
1021 416 1050 480 2.

126 497 259 561 Timoth.
283 496 344 579 3.),
366 505 529 578 postquam
544 517 650 560 eorum
673 500 851 580 insipientia
874 506 949 562 nota
970 499 1052 561 faeta

128 589 175 642 ast
209 583 325 642 eunetis
365 582 549 647 hominibus.
593 581 661 658 Quo
702 585 877 646 testimonio
922 581 1050 663 Spiritus

127 670 240 725 noster
261 664 389 745 Spiritus
423 667 608 726 certissimus
638 665 688 745 fit,
720 667 860 747 Papistas
894 677 962 726 eunt
993 684 1050 727 suo

128 748 213 827 Papa
233 747 312 808 ultra
344 767 405 809 non
428 748 495 808 iore
516 748 641 825 salines,
675 768 774 828 neque
801 749 957 810 habituros
982 767 1052 810 esse

39 842 42 847 '
127 849 315 892 suoaessum.
364 830 396 892 ld
432 830 513 910 quod
551 832 639 891 simul
670 851 719 892 res
752 834 819 912 ipsa
854 834 1050 894 consentiens

128 915 250 992 elamat,
274 920 305 975 et
325 915 478 996 praetioae
502 933 619 994 eorum,
642 933 717 994 quas
740 916 801 976 hoo
817 915 922 976 seaulo
939 914 1051 976 multas

128 1004 159 1058 et
190 1016 317 1076 magnas
351 1004 560 1074 tentaverunt,
599 1005 629 1059 et
656 1004 758 1059 tamen
792 1017 896 1064 omnes
930 1017 1050 1059 summa

127 1099 249 1161 semper
271 1099 339 1139 aum
362 1082 531 1159 ignominia
552 1082 651 1141 irritas
679 1088 710 1141 et
738 1083 859 1143 inutiles
890 1101 959 1143 esse
980 1100 1050 1141 eeu·

127 1170 247 1242 serunt,
276 1171 457 1223 neo-tamen
487 1164 636 1224 desistunt
670 1165 774 1224 furiosi
810 1184 907 1227 novas
930 1183 1051 1245 semper

127 1254 259 1325 tentare,
295 1247 427 1324 scilieet,
460 1254 492 1307 ut
514 1247 599 1308 Pauli
629 1247 869 1327 praedictionem
899 1249 990 1328 plene
1020 1255 1052 1308 et

127 1331 304 1409 imperfecte
318 1330 467 1410 impleant
488 1339 518 1390 et
540 1348 578 1391 eo
601 1331 730 1391 oslerius
752 1331 855 1411 (sieuti
877 1328 1048 1413 merentur)

55 1456 58 1464 ,
126 1418 265 1494 pereant
516 1435 518 1440 ⁸

487 1493 686 1574 Sequitur.
763 1534 766 1539 ·
870 1505 872 1509 ’
912 1541 916 1548 .

209 1577 468 1658 Praesenspnella
480 1597 763 1675 spernensrsgnum
777 1560 890 1657 mundi,
903 1577 1049 1659 exemplo

128 1661 162 1723 B
186 1662 318 1742 Virginis
343 1660 441 1741 (quae
463 1664 560 1742 primo
583 1662 765 1741 virginitatis
787 1669 892 1723 votum
920 1659 1049 1744 emisit),

128 1745 217 1806 offert
244 1764 278 1805 se
310 1746 413 1805 anima
443 1749 474 1804 et
503 1763 632 1825 corpore
655 1752 717 1808 eto:
753 1744 865 1805 Iterum
889 1746 1051 1806 continues

128 1835 160 1888 et
186 1847 286 1888 meras
313 1827 401 1888 audis
423 1826 666 1910 blasphemias
658 1847 688 1888 ιιι
717 1826 809 1888 fldem
833 1835 864 1889 et
885 1828 1049 1904 Christum,

5 1896 31 1919 ⁸
127 1910 209 1990 quod
239 1910 395 1991 virginitas
426 1902 535 1970 offerat
556 1929 666 1990 eorpus
690 1917 721 1971 et
743 1913 892 1990 animam,
924 1910 1051 1990 soilieet,

127 1995 214 2074 quasi
243 1993 343 2054 nullus
367 1993 556 2077 Christianus
583 2012 694 2074 eorpus
724 2002 755 2054 et
785 1995 918 2054 animam
942 1958 1052 2056 offeral

119 2085 158 2138 -et
181 2077 325 2137 mundum
348 2082 487 2156 spernat,
521 2095 560 2136 ne
590 2085 703 2157 martyr
733 2077 871 2156 quidem,
906 2076 961 2138 sed
993 2077 1052 2139 soli

125 2159 228 2222 Nonni
266 2168 296 2220 et
327 2160 458 2221 Nonnae
479 2158 610 2220 offerunt
631 2178 700 2220 sese
724 2166 821 2240 totos,
851 2167 882 2222 et
903 2167 1052 2240 spernunt

125 2262 228 2323 regna
253 2243 366 2306 mundi.
422 2241 522 2304 Ceteri
554 2242 733 2324 Christiani,
776 2207 847 2322 quia
884 2260 962 2304 non
977 2251 1051 2304 sunt

126 2325 228 2386 Nouni
262 2334 292 2387 et
311 2325 456 2404 Nonnae,
493 2327 615 2406 rapiunt
643 2327 744 2407 potius
775 2327 842 2388 Deo
875 2345 988 2407 eorpus
1021 2334 1051 2387 et

83 2470 87 2479 .
127 2411 271 2489 animam,
295 2416 326 2469 et
346 2408 475 2490 diligunt
494 2427 531 2470 ao
553 2408 671 2489 eligunt
694 2410 849 2475 mundum.

207 2493 303 2572 Igitur
331 2492 571 2554 obscuraverunt
605 2493 651 2552 his
679 2491 877 2572 blasphemiis
907 2491 1049 2572 saerilegi

126 2576 174 2637 isti
199 2575 336 2655 theologi
358 2576 487 2656 gloriam
511 2574 581 2636 fidei
613 2582 643 2636 et
664 2575 830 2654 eeclesiae,
864 2584 896 2636 ιιι
917 2574 1050 2636 ecelesia

125 2678 249 2740 prorsus
272 2660 382 2720 nullius
405 2668 487 2720 esset
508 2660 648 2739 pretiiiu
668 2657 1047 2738 comparutioneReligio·

84 2793 86 2798 .
126 2761 239 2808 sorum,
282 2743 322 2802 Et
349 2751 431 2803 eerte
453 2743 498 2803 sie
519 2741 701 2817 desumunt,
735 2749 768 2802 ut
795 2743 845 2802 hie
867 2740 971 2819 audis,
996 2742 1049 2805 ‚sio

126 2827 217 2886 etiam
241 2828 394 2902 vixerunt,
429 2832 459 2886 et
487 2821 594 2886 ornnes
621 2824 761 2885 homines
794 2825 840 2885 his
874 2825 1048 2906 praestigiis

127 2909 392 2988 dementaverunt,
430 2927 498 2968 oum
528 2914 629 2967 tamen
662 2927 770 2969 revera
800 2925 860 2972 uon
891 2916 1050 3006 spernant,

125 2991 180 3054 sed
212 2954 392 3071 possideaul
418 2992 520 3072 potius
550 2990 693 3051 mundum
733 3010 801 3052 oum
836 2993 919 3054 omni
950 2990 1049 3072 glorie

128 3084 159 3135 et
181 3075 339 3155 opulentia
362 3094 425 3139 sua

207 3157 330 3219 Seilieet
362 3175 518 3237 pannosus
554 3156 710 3218 mendicus
746 3157 861 3238 spernit
894 3160 924 3218 in
953 3157 1048 3220 domo

70 3253 85 3320 j
124 3247 253 3324 paterna
275 3241 403 3301 furfures
425 3247 455 3300 et
476 3236 617 3321 siliquas,
652 3241 818 3302 nuditatem
846 3250 874 3301 et
897 3258 1048 3302 summam

126 3326 262 3386 omnium
284 3343 384 3385 rerum
398 3324 567 3403 penuriam,
588 3324 665 3404 sugit
681 3343 754 3385 sero
769 3325 798 3383 in
819 3326 1049 3403 monasterium,

126 3417 156 3468 et
178 3407 211 3468 lit
233 3408 339 3468 alienis
363 3407 471 3487 opibus
494 3407 610 3468 Doator
632 3413 685 3468 aut
705 3405 825 3480 Abbas‚
850 3407 941 3468 etlam
964 3406 1047 3467 Prin·

126 3491 244 3571 aipibus
267 3490 457 3570 adorandus,
486 3497 516 3551 et
542 3489 661 3571 puella,
688 3490 718 3550 in
743 3488 870 3551 mundo·
885 3488 1075 3551 tutotuto·-

127 3576 210 3635 oeria
231 3573 282 3655 (ut
298 3571 424 3656 dieitur)
444 3572 566 3650 aneilla,
587 3579 641 3632 aut
659 3572 801 3634 fameliea
818 3571 1050 3634 materfamilias

126 3657 160 3717 fit
191 3660 221 3717 in
240 3659 441 3721 monasterio
474 3653 641 3718 Abbatissa
673 3660 711 3718 et
743 3656 879 3737 gloriosa
912 3654 1049 3735 domina,

126 3743 217 3803 etiam
240 3742 353 3822 reginis
376 3740 478 3802 mundi
503 3737 703 3815 venerabilis„
