<?xml version="1.0" encoding="UTF-8"?>
<!DOCTYPE html PUBLIC "-//W3C//DTD XHTML 1.0 Transitional//EN"
    "http://www.w3.org/TR/xhtml1/DTD/xhtml1-transitional.dtd">
<html xmlns="http://www.w3.org/1999/xhtml" xml:lang="en" lang="en">
 <head>
  <title>
</title>
<meta http-equiv="Content-Type" content="text/html;charset=utf-8" />
  <meta name='ocr-system' content='tesseract 3.04.00' />
  <meta name='ocr-capabilities' content='ocr_page ocr_carea ocr_par ocr_line ocrx_word'/>
</head>
<body>
  <div class='ocr_page' id='page_1' title='image "./dmartinilutheri02luthgoog_0349.png"; bbox 0 0 2348 4162; ppageno 0'>
   <div class='ocr_carea' id='block_1_1' title="bbox 206 250 885 321">
    <p class='ocr_par' dir='ltr' id='par_1_1' title="bbox 206 250 885 321">
     <span class='ocr_line' id='line_1_1' title="bbox 206 250 885 321; baseline -0.015 0"><span class='ocrx_word' id='word_1_1' title='bbox 206 252 271 321; x_wconf 79' lang='lat'>336</span> <span class='ocrx_word' id='word_1_2' title='bbox 329 289 338 307; x_wconf 78' lang='lat'>,-</span> <span class='ocrx_word' id='word_1_3' title='bbox 451 255 494 312; x_wconf 90' lang='lat' dir='ltr'>De</span> <span class='ocrx_word' id='word_1_4' title='bbox 511 271 593 313; x_wconf 84' lang='lat' dir='ltr'>servo</span> <span class='ocrx_word' id='word_1_5' title='bbox 612 255 726 313; x_wconf 87' lang='lat' dir='ltr'>arbitrio</span> <span class='ocrx_word' id='word_1_6' title='bbox 744 256 780 310; x_wconf 92' lang='lat' dir='ltr'>D.</span> <span class='ocrx_word' id='word_1_7' title='bbox 800 250 835 311; x_wconf 85' lang='lat' dir='ltr'>bi.</span> <span class='ocrx_word' id='word_1_8' title='bbox 854 257 885 311; x_wconf 86' lang='lat' dir='ltr'>L.</span> 
     </span>
    </p>
   </div>
   <div class='ocr_carea' id='block_1_2' title="bbox 89 424 1168 3511">
    <p class='ocr_par' dir='ltr' id='par_1_2' title="bbox 207 424 1135 843">
     <span class='ocr_line' id='line_1_2' title="bbox 209 424 1131 507; baseline 0.001 -22"><span class='ocrx_word' id='word_1_9' title='bbox 209 434 276 487; x_wconf 88' lang='lat' dir='ltr'>mos</span> <span class='ocrx_word' id='word_1_10' title='bbox 304 430 336 486; x_wconf 91' lang='lat' dir='ltr'>et</span> <span class='ocrx_word' id='word_1_11' title='bbox 363 424 605 487; x_wconf 78' lang='lat' dir='ltr'>studiosissimos</span> <span class='ocrx_word' id='word_1_12' title='bbox 647 424 740 487; x_wconf 89' lang='lat' dir='ltr'>habet</span> <span class='ocrx_word' id='word_1_13' title='bbox 768 425 903 488; x_wconf 88' lang='lat' dir='ltr'>iustitiae</span> <span class='ocrx_word' id='word_1_14' title='bbox 936 432 968 489; x_wconf 88' lang='lat' dir='ltr'>et</span> <span class='ocrx_word' id='word_1_15' title='bbox 996 426 1131 507; x_wconf 86' lang='lat' dir='ltr'>pietatis,</span> 
     </span>
     <span class='ocr_line' id='line_1_3' title="bbox 207 507 1133 591; baseline 0 -21"><span class='ocrx_word' id='word_1_16' title='bbox 207 510 351 570; x_wconf 86' lang='lat' dir='ltr'>iustitiam</span> <span class='ocrx_word' id='word_1_17' title='bbox 376 509 442 590; x_wconf 90' lang='lat' dir='ltr'>Dei,</span> <span class='ocrx_word' id='word_1_18' title='bbox 465 509 636 591; x_wconf 74' lang='lat' dir='ltr'>Evangelio</span> <span class='ocrx_word' id='word_1_19' title='bbox 659 507 887 591; x_wconf 77' lang='lat' dir='ltr'>praedicatam,</span> <span class='ocrx_word' id='word_1_20' title='bbox 915 518 946 572; x_wconf 93' lang='lat' dir='ltr'>et</span> <span class='ocrx_word' id='word_1_21' title='bbox 968 509 1133 591; x_wconf 75' lang='lat' dir='ltr'>haeresim,</span> 
     </span>
     <span class='ocr_line' id='line_1_4' title="bbox 209 592 1134 673; baseline 0.001 -21"><span class='ocrx_word' id='word_1_22' title='bbox 209 612 358 670; x_wconf 90' lang='lat' dir='ltr'>errorem,</span> <span class='ocrx_word' id='word_1_23' title='bbox 379 612 417 655; x_wconf 88' lang='lat' dir='ltr'>ae</span> <span class='ocrx_word' id='word_1_24' title='bbox 438 595 579 673; x_wconf 85' lang='lat' dir='ltr'>pessimis</span> <span class='ocrx_word' id='word_1_25' title='bbox 603 593 671 655; x_wconf 86' lang='lat' dir='ltr'>aliis</span> <span class='ocrx_word' id='word_1_26' title='bbox 692 592 866 653; x_wconf 85' lang='lat' dir='ltr'>nominibus</span> <span class='ocrx_word' id='word_1_27' title='bbox 898 594 1047 671; x_wconf 89' lang='lat' dir='ltr'>infamet,</span> <span class='ocrx_word' id='word_1_28' title='bbox 1076 612 1134 654; x_wconf 87' lang='lat' dir='ltr'>sna</span> 
     </span>
     <span class='ocr_line' id='line_1_5' title="bbox 208 677 1135 759; baseline 0 -22"><span class='ocrx_word' id='word_1_29' title='bbox 208 695 281 737; x_wconf 91' lang='lat' dir='ltr'>vero</span> <span class='ocrx_word' id='word_1_30' title='bbox 304 694 399 756; x_wconf 92' lang='lat' dir='ltr'>opera</span> <span class='ocrx_word' id='word_1_31' title='bbox 420 683 451 738; x_wconf 89' lang='lat' dir='ltr'>et</span> <span class='ocrx_word' id='word_1_32' title='bbox 463 677 602 759; x_wconf 86' lang='lat' dir='ltr'>oonsilia,</span> <span class='ocrx_word' id='word_1_33' title='bbox 626 695 705 757; x_wconf 91' lang='lat' dir='ltr'>quae</span> <span class='ocrx_word' id='word_1_34' title='bbox 726 695 798 737; x_wconf 84' lang='lat' dir='ltr'>rere</span> <span class='ocrx_word' id='word_1_35' title='bbox 810 685 971 756; x_wconf 87' lang='lat' dir='ltr'>peooatum</span> <span class='ocrx_word' id='word_1_36' title='bbox 995 685 1027 738; x_wconf 89' lang='lat' dir='ltr'>et</span> <span class='ocrx_word' id='word_1_37' title='bbox 1049 694 1135 739; x_wconf 89' lang='lat' dir='ltr'>error</span> 
     </span>
     <span class='ocr_line' id='line_1_6' title="bbox 208 759 1132 843; baseline 0.005 -24"><span class='ocrx_word' id='word_1_38' title='bbox 208 766 293 838; x_wconf 87' lang='lat' dir='ltr'>sunt,</span> <span class='ocrx_word' id='word_1_39' title='bbox 322 778 378 838; x_wconf 92' lang='lat' dir='ltr'>pro</span> <span class='ocrx_word' id='word_1_40' title='bbox 400 761 515 821; x_wconf 89' lang='lat' dir='ltr'>iustitia</span> <span class='ocrx_word' id='word_1_41' title='bbox 542 767 572 821; x_wconf 89' lang='lat' dir='ltr'>et</span> <span class='ocrx_word' id='word_1_42' title='bbox 599 761 751 842; x_wconf 91' lang='lat' dir='ltr'>sapientia</span> <span class='ocrx_word' id='word_1_43' title='bbox 771 760 864 821; x_wconf 90' lang='lat' dir='ltr'>iaotet</span> <span class='ocrx_word' id='word_1_44' title='bbox 891 770 923 822; x_wconf 88' lang='lat' dir='ltr'>et</span> <span class='ocrx_word' id='word_1_45' title='bbox 943 759 1132 843; x_wconf 60' lang='lat' dir='ltr'>vestirem).</span> 
     </span>
    </p>

    <p class='ocr_par' dir='ltr' id='par_1_3' title="bbox 179 842 1134 1157">
     <span class='ocr_line' id='line_1_7' title="bbox 179 842 1134 924; baseline 0.002 -21"><span class='ocrx_word' id='word_1_46' title='bbox 179 912 182 917; x_wconf 47' lang='grc'><strong>,</strong></span> <span class='ocrx_word' id='word_1_47' title='bbox 208 842 345 904; x_wconf 88' lang='lat' dir='ltr'>Obstruit</span> <span class='ocrx_word' id='word_1_48' title='bbox 376 845 467 924; x_wconf 87' lang='lat' dir='ltr'>igitur</span> <span class='ocrx_word' id='word_1_49' title='bbox 488 844 546 904; x_wconf 88' lang='lat' dir='ltr'>hae</span> <span class='ocrx_word' id='word_1_50' title='bbox 569 862 645 905; x_wconf 91' lang='lat' dir='ltr'>voee</span> <span class='ocrx_word' id='word_1_51' title='bbox 674 843 785 904; x_wconf 89' lang='lat' dir='ltr'>Paulus</span> <span class='ocrx_word' id='word_1_52' title='bbox 818 863 853 905; x_wconf 91' lang='lat' dir='ltr'>os</span> <span class='ocrx_word' id='word_1_53' title='bbox 875 844 973 906; x_wconf 86' lang='lat' dir='ltr'>libero</span> <span class='ocrx_word' id='word_1_54' title='bbox 995 844 1134 921; x_wconf 89' lang='lat' dir='ltr'>arbitrio,</span> 
     </span>
     <span class='ocr_line' id='line_1_8' title="bbox 208 926 1133 1008; baseline -0.001 -21"><span class='ocrx_word' id='word_1_55' title='bbox 208 927 279 987; x_wconf 94' lang='lat' dir='ltr'>dum</span> <span class='ocrx_word' id='word_1_56' title='bbox 302 944 357 1008; x_wconf 91' lang='lat' dir='ltr'>per</span> <span class='ocrx_word' id='word_1_57' title='bbox 378 927 479 1007; x_wconf 90' lang='lat' dir='ltr'>legem</span> <span class='ocrx_word' id='word_1_58' title='bbox 501 926 717 1008; x_wconf 90' lang='lat' dir='ltr'>illipeooatum</span> <span class='ocrx_word' id='word_1_59' title='bbox 740 927 861 988; x_wconf 91' lang='lat' dir='ltr'>ostendi</span> <span class='ocrx_word' id='word_1_60' title='bbox 884 928 985 1007; x_wconf 84' lang='lat' dir='ltr'>donet,</span> <span class='ocrx_word' id='word_1_61' title='bbox 1009 946 1066 988; x_wconf 89' lang='lat' dir='ltr'>oen</span> <span class='ocrx_word' id='word_1_62' title='bbox 1091 927 1133 1008; x_wconf 90' lang='lat' dir='ltr'>ig·</span> 
     </span>
     <span class='ocr_line' id='line_1_9' title="bbox 209 1010 1133 1091; baseline 0 -20"><span class='ocrx_word' id='word_1_63' title='bbox 209 1029 284 1072; x_wconf 90' lang='lat' dir='ltr'>naro</span> <span class='ocrx_word' id='word_1_64' title='bbox 307 1013 426 1091; x_wconf 90' lang='lat' dir='ltr'>peooati</span> <span class='ocrx_word' id='word_1_65' title='bbox 454 1011 502 1070; x_wconf 92' lang='lat' dir='ltr'>sui</span> <span class='ocrx_word' id='word_1_66' title='bbox 514 1057 524 1089; x_wconf 86' lang='lat'>,</span> <span class='ocrx_word' id='word_1_67' title='bbox 556 1017 674 1071; x_wconf 90' lang='lat' dir='ltr'>tantum</span> <span class='ocrx_word' id='word_1_68' title='bbox 697 1010 810 1088; x_wconf 87' lang='lat' dir='ltr'>abest,</span> <span class='ocrx_word' id='word_1_69' title='bbox 843 1017 875 1072; x_wconf 91' lang='lat' dir='ltr'>ut</span> <span class='ocrx_word' id='word_1_70' title='bbox 896 1010 990 1072; x_wconf 85' lang='lat' dir='ltr'>ullam</span> <span class='ocrx_word' id='word_1_71' title='bbox 1019 1012 1049 1072; x_wconf 91' lang='lat' dir='ltr'>ei</span> <span class='ocrx_word' id='word_1_72' title='bbox 1071 1012 1133 1071; x_wconf 88' lang='lat' dir='ltr'>vim</span> 
     </span>
     <span class='ocr_line' id='line_1_10' title="bbox 208 1093 722 1157; baseline 0.008 -4"><span class='ocrx_word' id='word_1_73' title='bbox 208 1094 359 1156; x_wconf 90' lang='lat' dir='ltr'>oouaedat</span> <span class='ocrx_word' id='word_1_74' title='bbox 380 1093 512 1154; x_wconf 92' lang='lat' dir='ltr'>oouaudi</span> <span class='ocrx_word' id='word_1_75' title='bbox 535 1093 574 1154; x_wconf 93' lang='lat' dir='ltr'>ad</span> <span class='ocrx_word' id='word_1_76' title='bbox 597 1093 722 1157; x_wconf 89' lang='lat' dir='ltr'>bonum.</span> 
     </span>
    </p>

    <p class='ocr_par' dir='ltr' id='par_1_4' title="bbox 187 1176 1133 1761">
     <span class='ocr_line' id='line_1_11' title="bbox 290 1176 1133 1258; baseline 0.001 -21"><span class='ocrx_word' id='word_1_77' title='bbox 290 1179 391 1258; x_wconf 86' lang='lat' dir='ltr'>Atque</span> <span class='ocrx_word' id='word_1_78' title='bbox 414 1176 465 1237; x_wconf 89' lang='lat' dir='ltr'>hio</span> <span class='ocrx_word' id='word_1_79' title='bbox 486 1176 616 1238; x_wconf 89' lang='lat' dir='ltr'>solvitur</span> <span class='ocrx_word' id='word_1_80' title='bbox 636 1177 688 1238; x_wconf 87' lang='lat' dir='ltr'>iila</span> <span class='ocrx_word' id='word_1_81' title='bbox 711 1177 851 1257; x_wconf 90' lang='lat' dir='ltr'>quaestio</span> <span class='ocrx_word' id='word_1_82' title='bbox 884 1176 1057 1256; x_wconf 89' lang='lat' dir='ltr'>diatribes,</span> <span class='ocrx_word' id='word_1_83' title='bbox 1089 1184 1133 1238; x_wconf 90' lang='lat' dir='ltr'>to·</span> 
     </span>
     <span class='ocr_line' id='line_1_12' title="bbox 208 1259 1133 1341; baseline 0 -22"><span class='ocrx_word' id='word_1_84' title='bbox 208 1263 264 1321; x_wconf 86' lang='lat' dir='ltr'>ties</span> <span class='ocrx_word' id='word_1_85' title='bbox 287 1269 353 1322; x_wconf 90' lang='lat' dir='ltr'>toto</span> <span class='ocrx_word' id='word_1_86' title='bbox 376 1259 481 1321; x_wconf 86' lang='lat' dir='ltr'>libello</span> <span class='ocrx_word' id='word_1_87' title='bbox 504 1263 650 1341; x_wconf 89' lang='lat' dir='ltr'>repetita:</span> <span class='ocrx_word' id='word_1_88' title='bbox 677 1260 710 1322; x_wconf 82' lang='lat' dir='ltr'>Si</span> <span class='ocrx_word' id='word_1_89' title='bbox 743 1259 817 1320; x_wconf 87' lang='lat' dir='ltr'>nibil</span> <span class='ocrx_word' id='word_1_90' title='bbox 837 1279 1025 1341; x_wconf 84' lang='lat' dir='ltr'>possumus,</span> <span class='ocrx_word' id='word_1_91' title='bbox 1058 1260 1133 1340; x_wconf 90' lang='lat' dir='ltr'>quid</span> 
     </span>
     <span class='ocr_line' id='line_1_13' title="bbox 207 1344 1132 1426; baseline 0.002 -23"><span class='ocrx_word' id='word_1_92' title='bbox 207 1344 322 1405; x_wconf 86' lang='lat' dir='ltr'>saoiunt</span> <span class='ocrx_word' id='word_1_93' title='bbox 344 1350 390 1406; x_wconf 91' lang='lat' dir='ltr'>tot</span> <span class='ocrx_word' id='word_1_94' title='bbox 411 1344 507 1425; x_wconf 89' lang='lat' dir='ltr'>leges,</span> <span class='ocrx_word' id='word_1_95' title='bbox 532 1353 577 1405; x_wconf 91' lang='lat' dir='ltr'>tot</span> <span class='ocrx_word' id='word_1_96' title='bbox 599 1350 774 1426; x_wconf 86' lang='lat' dir='ltr'>praeoepta,</span> <span class='ocrx_word' id='word_1_97' title='bbox 799 1351 846 1405; x_wconf 90' lang='lat' dir='ltr'>tot</span> <span class='ocrx_word' id='word_1_98' title='bbox 857 1346 968 1424; x_wconf 92' lang='lat' dir='ltr'>minae,</span> <span class='ocrx_word' id='word_1_99' title='bbox 991 1349 1040 1405; x_wconf 89' lang='lat' dir='ltr'>tot</span> <span class='ocrx_word' id='word_1_100' title='bbox 1062 1363 1132 1424; x_wconf 93' lang='lat' dir='ltr'>pro·</span> 
     </span>
     <span class='ocr_line' id='line_1_14' title="bbox 208 1426 1132 1508; baseline 0.001 -22"><span class='ocrx_word' id='word_1_101' title='bbox 208 1426 392 1489; x_wconf 84' lang='lat' dir='ltr'>missiones?</span> <span class='ocrx_word' id='word_1_102' title='bbox 419 1427 611 1508; x_wconf 83' lang='lat' dir='ltr'>&#39;Respondet</span> <span class='ocrx_word' id='word_1_103' title='bbox 631 1427 682 1488; x_wconf 92' lang='lat' dir='ltr'>hio</span> <span class='ocrx_word' id='word_1_104' title='bbox 703 1426 832 1488; x_wconf 88' lang='lat' dir='ltr'>Paulus:</span> <span class='ocrx_word' id='word_1_105' title='bbox 854 1426 913 1488; x_wconf 90' lang='lat' dir='ltr'>Per</span> <span class='ocrx_word' id='word_1_106' title='bbox 934 1426 1039 1507; x_wconf 86' lang='lat' dir='ltr'>legem</span> <span class='ocrx_word' id='word_1_107' title='bbox 1061 1445 1132 1507; x_wconf 89' lang='lat' dir='ltr'>eog-</span> 
     </span>
     <span class='ocr_line' id='line_1_15' title="bbox 207 1509 1132 1591; baseline 0.001 -21"><span class='ocrx_word' id='word_1_108' title='bbox 207 1511 282 1571; x_wconf 92' lang='lat' dir='ltr'>nitio</span> <span class='ocrx_word' id='word_1_109' title='bbox 305 1511 434 1591; x_wconf 82' lang='lat' dir='ltr'>peceati.</span> <span class='ocrx_word' id='word_1_110' title='bbox 477 1510 584 1591; x_wconf 89' lang='lat' dir='ltr'>Longe</span> <span class='ocrx_word' id='word_1_111' title='bbox 606 1511 692 1572; x_wconf 90' lang='lat' dir='ltr'>aliter</span> <span class='ocrx_word' id='word_1_112' title='bbox 704 1509 871 1590; x_wconf 87' lang='lat' dir='ltr'>respondet</span> <span class='ocrx_word' id='word_1_113' title='bbox 892 1510 935 1571; x_wconf 90' lang='lat' dir='ltr'>ad·</span> <span class='ocrx_word' id='word_1_114' title='bbox 943 1530 1015 1571; x_wconf 87' lang='lat' dir='ltr'>eam</span> <span class='ocrx_word' id='word_1_115' title='bbox 1039 1528 1132 1589; x_wconf 90' lang='lat' dir='ltr'>quae-</span> 
     </span>
     <span class='ocr_line' id='line_1_16' title="bbox 207 1593 1131 1674; baseline 0 -20"><span class='ocrx_word' id='word_1_116' title='bbox 207 1594 350 1673; x_wconf 90' lang='lat' dir='ltr'>stionem,</span> <span class='ocrx_word' id='word_1_117' title='bbox 373 1612 464 1674; x_wconf 86' lang='lat' dir='ltr'>quam</span> <span class='ocrx_word' id='word_1_118' title='bbox 486 1594 581 1655; x_wconf 94' lang='lat' dir='ltr'>homo</span> <span class='ocrx_word' id='word_1_119' title='bbox 628 1600 680 1655; x_wconf 90' lang='lat' dir='ltr'>aut</span> <span class='ocrx_word' id='word_1_120' title='bbox 706 1593 834 1655; x_wconf 92' lang='lat' dir='ltr'>liberum</span> <span class='ocrx_word' id='word_1_121' title='bbox 869 1593 1026 1655; x_wconf 83' lang='lat' dir='ltr'>arbitrium</span> <span class='ocrx_word' id='word_1_122' title='bbox 1049 1594 1131 1674; x_wconf 89' lang='lat' dir='ltr'>eogi-</span> 
     </span>
     <span class='ocr_line' id='line_1_17' title="bbox 187 1676 1131 1761; baseline -0.001 -24"><span class='ocrx_word' id='word_1_123' title='bbox 187 1687 260 1742; x_wconf 75' lang='lat' dir='ltr'>-tat</span> <span class='ocrx_word' id='word_1_124' title='bbox 303 1677 373 1737; x_wconf 89' lang='lat' dir='ltr'>Non</span> <span class='ocrx_word' id='word_1_125' title='bbox 397 1676 475 1761; x_wconf 87' lang='lat' dir='ltr'>(ait)</span> <span class='ocrx_word' id='word_1_126' title='bbox 500 1678 647 1758; x_wconf 88' lang='lat' dir='ltr'>probatur</span> <span class='ocrx_word' id='word_1_127' title='bbox 666 1677 794 1738; x_wconf 91' lang='lat' dir='ltr'>liberum</span> <span class='ocrx_word' id='word_1_128' title='bbox 818 1676 975 1738; x_wconf 86' lang='lat' dir='ltr'>arbitrium</span> <span class='ocrx_word' id='word_1_129' title='bbox 1015 1696 1073 1757; x_wconf 90' lang='lat' dir='ltr'>per</span> <span class='ocrx_word' id='word_1_130' title='bbox 1092 1677 1131 1737; x_wconf 91' lang='lat' dir='ltr'>le·</span> 
     </span>
    </p>

    <p class='ocr_par' dir='ltr' id='par_1_5' title="bbox 130 1761 1132 2089">
     <span class='ocr_line' id='line_1_18' title="bbox 130 1761 1132 1842; baseline -0.001 -21"><span class='ocrx_word' id='word_1_131' title='bbox 130 1766 132 1772; x_wconf 89' lang='lat'>&#39;</span> <span class='ocrx_word' id='word_1_132' title='bbox 207 1779 287 1842; x_wconf 85' lang='lat' dir='ltr'>gem,</span> <span class='ocrx_word' id='word_1_133' title='bbox 310 1780 372 1821; x_wconf 92' lang='lat' dir='ltr'>non</span> <span class='ocrx_word' id='word_1_134' title='bbox 395 1768 582 1842; x_wconf 80' lang='lat' dir='ltr'>oooperetur</span> <span class='ocrx_word' id='word_1_135' title='bbox 602 1761 641 1821; x_wconf 90' lang='lat' dir='ltr'>ed</span> <span class='ocrx_word' id='word_1_136' title='bbox 665 1761 833 1839; x_wconf 85' lang='lat' dir='ltr'>iustitiam,</span> <span class='ocrx_word' id='word_1_137' title='bbox 872 1780 934 1822; x_wconf 93' lang='lat' dir='ltr'>non</span> <span class='ocrx_word' id='word_1_138' title='bbox 964 1761 1048 1821; x_wconf 90' lang='lat' dir='ltr'>enim</span> <span class='ocrx_word' id='word_1_139' title='bbox 1080 1780 1132 1841; x_wconf 89' lang='lat' dir='ltr'>per</span> 
     </span>
     <span class='ocr_line' id='line_1_19' title="bbox 207 1843 1132 1924; baseline -0.001 -20"><span class='ocrx_word' id='word_1_140' title='bbox 207 1848 306 1924; x_wconf 85' lang='lat' dir='ltr'>legem</span> <span class='ocrx_word' id='word_1_141' title='bbox 330 1845 464 1920; x_wconf 89' lang='lat' dir='ltr'>iustitia,</span> <span class='ocrx_word' id='word_1_142' title='bbox 502 1843 557 1904; x_wconf 92' lang='lat' dir='ltr'>sed</span> <span class='ocrx_word' id='word_1_143' title='bbox 579 1845 716 1924; x_wconf 82' lang='lat' dir='ltr'>cognitio</span> <span class='ocrx_word' id='word_1_144' title='bbox 738 1844 866 1924; x_wconf 88' lang='lat' dir='ltr'>peaoati.</span> <span class='ocrx_word' id='word_1_145' title='bbox 920 1844 950 1905; x_wconf 93' lang='lat' dir='ltr'>Is</span> <span class='ocrx_word' id='word_1_146' title='bbox 980 1846 1065 1905; x_wconf 88' lang='lat' dir='ltr'>enim</span> <span class='ocrx_word' id='word_1_147' title='bbox 1087 1851 1132 1904; x_wconf 88' lang='lat' dir='ltr'>est</span> 
     </span>
     <span class='ocr_line' id='line_1_20' title="bbox 207 1926 1132 2008; baseline -0.001 -21"><span class='ocrx_word' id='word_1_148' title='bbox 207 1928 338 2006; x_wconf 85' lang='lat' dir='ltr'>fruetus,</span> <span class='ocrx_word' id='word_1_149' title='bbox 359 1926 389 1987; x_wconf 94' lang='lat' dir='ltr'>id</span> <span class='ocrx_word' id='word_1_150' title='bbox 412 1945 508 2007; x_wconf 92' lang='lat' dir='ltr'>opus,</span> <span class='ocrx_word' id='word_1_151' title='bbox 530 1926 561 1987; x_wconf 95' lang='lat' dir='ltr'>id</span> <span class='ocrx_word' id='word_1_152' title='bbox 584 1927 717 1988; x_wconf 89' lang='lat' dir='ltr'>oifioium</span> <span class='ocrx_word' id='word_1_153' title='bbox 741 1927 833 2007; x_wconf 90' lang='lat' dir='ltr'>legis,</span> <span class='ocrx_word' id='word_1_154' title='bbox 856 1927 940 2006; x_wconf 92' lang='lat' dir='ltr'>quod</span> <span class='ocrx_word' id='word_1_155' title='bbox 962 1928 1081 2008; x_wconf 87' lang='lat' dir='ltr'>ignaris</span> <span class='ocrx_word' id='word_1_156' title='bbox 1103 1936 1132 1987; x_wconf 86' lang='lat' dir='ltr'>et</span> 
     </span>
     <span class='ocr_line' id='line_1_21' title="bbox 207 2009 1130 2089; baseline 0.001 -19"><span class='ocrx_word' id='word_1_157' title='bbox 207 2012 308 2071; x_wconf 84' lang='lat' dir='ltr'>caeeis</span> <span class='ocrx_word' id='word_1_158' title='bbox 330 2011 382 2070; x_wconf 87' lang='lat' dir='ltr'>iux</span> <span class='ocrx_word' id='word_1_159' title='bbox 395 2017 452 2089; x_wconf 87' lang='lat' dir='ltr'>est,</span> <span class='ocrx_word' id='word_1_160' title='bbox 475 2009 530 2070; x_wconf 89' lang='lat' dir='ltr'>sed</span> <span class='ocrx_word' id='word_1_161' title='bbox 544 2010 612 2071; x_wconf 89' lang='lat' dir='ltr'>talis</span> <span class='ocrx_word' id='word_1_162' title='bbox 633 2011 698 2088; x_wconf 87' lang='lat' dir='ltr'>lux,</span> <span class='ocrx_word' id='word_1_163' title='bbox 721 2009 957 2089; x_wconf 86' lang='lat' dir='ltr'>quaeestendet</span> <span class='ocrx_word' id='word_1_164' title='bbox 979 2010 1130 2088; x_wconf 88' lang='lat' dir='ltr'>morbum,</span> 
     </span>
    </p>

    <p class='ocr_par' dir='ltr' id='par_1_6' title="bbox 89 2092 1131 3073">
     <span class='ocr_line' id='line_1_22' title="bbox 89 2092 1129 2177; baseline -0.001 -23"><span class='ocrx_word' id='word_1_165' title='bbox 89 2160 93 2167; x_wconf 50' lang='grc'>,</span> <span class='ocrx_word' id='word_1_166' title='bbox 207 2100 378 2174; x_wconf 80' lang='lat' dir='ltr'>peceatum,</span> <span class='ocrx_word' id='word_1_167' title='bbox 402 2093 524 2173; x_wconf 89' lang='lat' dir='ltr'>malum,</span> <span class='ocrx_word' id='word_1_168' title='bbox 547 2100 687 2169; x_wconf 89' lang='lat' dir='ltr'>mortem,</span> <span class='ocrx_word' id='word_1_169' title='bbox 709 2094 870 2172; x_wconf 81' lang='lat' dir='ltr'>infernum,</span> <span class='ocrx_word' id='word_1_170' title='bbox 892 2094 968 2155; x_wconf 89' lang='lat' dir='ltr'>iram</span> <span class='ocrx_word' id='word_1_171' title='bbox 985 2093 1057 2177; x_wconf 89' lang='lat' dir='ltr'>Dei,</span> <span class='ocrx_word' id='word_1_172' title='bbox 1078 2092 1129 2155; x_wconf 86' lang='lat' dir='ltr'>sed</span> 
     </span>
     <span class='ocr_line' id='line_1_23' title="bbox 207 2176 1131 2256; baseline 0 -19"><span class='ocrx_word' id='word_1_173' title='bbox 207 2197 269 2238; x_wconf 91' lang='lat' dir='ltr'>nou</span> <span class='ocrx_word' id='word_1_174' title='bbox 291 2179 389 2256; x_wconf 89' lang='lat' dir='ltr'>iuvat,</span> <span class='ocrx_word' id='word_1_175' title='bbox 408 2195 466 2237; x_wconf 89' lang='lat' dir='ltr'>neo</span> <span class='ocrx_word' id='word_1_176' title='bbox 488 2176 594 2238; x_wconf 90' lang='lat' dir='ltr'>liberat</span> <span class='ocrx_word' id='word_1_177' title='bbox 616 2177 655 2238; x_wconf 90' lang='lat' dir='ltr'>ab</span> <span class='ocrx_word' id='word_1_178' title='bbox 677 2179 757 2256; x_wconf 86' lang='lat' dir='ltr'>istis,</span> <span class='ocrx_word' id='word_1_179' title='bbox 791 2177 964 2239; x_wconf 87' lang='lat' dir='ltr'>ostendisse</span> <span class='ocrx_word' id='word_1_180' title='bbox 987 2186 1131 2240; x_wconf 85' lang='lat' dir='ltr'>eonteuta</span> 
     </span>
     <span class='ocr_line' id='line_1_24' title="bbox 207 2260 1128 2342; baseline 0 -22"><span class='ocrx_word' id='word_1_181' title='bbox 207 2268 263 2325; x_wconf 89' lang='lat' dir='ltr'>est.</span> <span class='ocrx_word' id='word_1_182' title='bbox 305 2261 381 2321; x_wconf 78' lang='lat' dir='ltr'>Tum</span> <span class='ocrx_word' id='word_1_183' title='bbox 414 2260 509 2321; x_wconf 89' lang='lat' dir='ltr'>homo</span> <span class='ocrx_word' id='word_1_184' title='bbox 543 2262 668 2341; x_wconf 89' lang='lat' dir='ltr'>eognito</span> <span class='ocrx_word' id='word_1_185' title='bbox 696 2261 804 2322; x_wconf 90' lang='lat' dir='ltr'>morbo</span> <span class='ocrx_word' id='word_1_186' title='bbox 838 2263 958 2342; x_wconf 87' lang='lat' dir='ltr'>peooati</span> <span class='ocrx_word' id='word_1_187' title='bbox 987 2263 1128 2337; x_wconf 88' lang='lat' dir='ltr'>tristatur,</span> 
     </span>
     <span class='ocr_line' id='line_1_25' title="bbox 206 2343 1128 2424; baseline -0.001 -20"><span class='ocrx_word' id='word_1_188' title='bbox 206 2343 360 2424; x_wconf 79' lang='lat' dir='ltr'>affligitur,</span> <span class='ocrx_word' id='word_1_189' title='bbox 382 2345 444 2404; x_wconf 91' lang='lat' dir='ltr'>imo</span> <span class='ocrx_word' id='word_1_190' title='bbox 468 2344 618 2424; x_wconf 88' lang='lat' dir='ltr'>desperat,</span> <span class='ocrx_word' id='word_1_191' title='bbox 642 2345 693 2405; x_wconf 87' lang='lat' dir='ltr'>lex</span> <span class='ocrx_word' id='word_1_192' title='bbox 711 2362 772 2407; x_wconf 91' lang='lat' dir='ltr'>non</span> <span class='ocrx_word' id='word_1_193' title='bbox 794 2345 888 2422; x_wconf 90' lang='lat' dir='ltr'>iuvat,</span> <span class='ocrx_word' id='word_1_194' title='bbox 912 2345 1010 2407; x_wconf 92' lang='lat' dir='ltr'>multo</span> <span class='ocrx_word' id='word_1_195' title='bbox 1033 2346 1128 2405; x_wconf 89' lang='lat' dir='ltr'>minus</span> 
     </span>
     <span class='ocr_line' id='line_1_26' title="bbox 206 2428 1128 2510; baseline -0.001 -23"><span class='ocrx_word' id='word_1_196' title='bbox 206 2431 272 2508; x_wconf 91' lang='lat' dir='ltr'>ipse</span> <span class='ocrx_word' id='word_1_197' title='bbox 304 2448 337 2488; x_wconf 91' lang='lat' dir='ltr'>se</span> <span class='ocrx_word' id='word_1_198' title='bbox 358 2429 464 2488; x_wconf 90' lang='lat' dir='ltr'>iuvare</span> <span class='ocrx_word' id='word_1_199' title='bbox 486 2434 597 2508; x_wconf 84' lang='lat' dir='ltr'>potest.</span> <span class='ocrx_word' id='word_1_200' title='bbox 654 2428 724 2489; x_wconf 81' lang='lat' dir='ltr'>Alia</span> <span class='ocrx_word' id='word_1_201' title='bbox 760 2447 833 2489; x_wconf 86' lang='lat' dir='ltr'>vero</span> <span class='ocrx_word' id='word_1_202' title='bbox 864 2429 934 2489; x_wconf 85' lang='lat' dir='ltr'>tuoe</span> <span class='ocrx_word' id='word_1_203' title='bbox 962 2446 1044 2510; x_wconf 88' lang='lat' dir='ltr'>opus</span> <span class='ocrx_word' id='word_1_204' title='bbox 1078 2434 1128 2505; x_wconf 83' lang='lat' dir='ltr'>art,</span> 
     </span>
     <span class='ocr_line' id='line_1_27' title="bbox 207 2510 1125 2592; baseline -0.002 -21"><span class='ocrx_word' id='word_1_205' title='bbox 207 2530 287 2591; x_wconf 88' lang='lat' dir='ltr'>quae</span> <span class='ocrx_word' id='word_1_206' title='bbox 310 2510 452 2572; x_wconf 85' lang='lat' dir='ltr'>ostendat</span> <span class='ocrx_word' id='word_1_207' title='bbox 473 2511 652 2574; x_wconf 89' lang='lat' dir='ltr'>remedium.</span> <span class='ocrx_word' id='word_1_208' title='bbox 690 2511 776 2572; x_wconf 89' lang='lat' dir='ltr'>Haeo</span> <span class='ocrx_word' id='word_1_209' title='bbox 798 2517 845 2572; x_wconf 90' lang='lat' dir='ltr'>est</span> <span class='ocrx_word' id='word_1_210' title='bbox 867 2530 930 2571; x_wconf 88' lang='lat' dir='ltr'>vox</span> <span class='ocrx_word' id='word_1_211' title='bbox 952 2511 1125 2592; x_wconf 80' lang='lat' dir='ltr'>Evangelii,</span> 
     </span>
     <span class='ocr_line' id='line_1_28' title="bbox 207 2593 1124 2657; baseline 0 -2"><span class='ocrx_word' id='word_1_212' title='bbox 207 2595 372 2655; x_wconf 90' lang='lat' dir='ltr'>ostendens</span> <span class='ocrx_word' id='word_1_213' title='bbox 399 2593 551 2655; x_wconf 79' lang='lat' dir='ltr'>Christum</span> <span class='ocrx_word' id='word_1_214' title='bbox 580 2594 773 2655; x_wconf 86' lang='lat' dir='ltr'>liberatorem</span> <span class='ocrx_word' id='word_1_215' title='bbox 803 2594 842 2656; x_wconf 86' lang='lat' dir='ltr'>ab</span> <span class='ocrx_word' id='word_1_216' title='bbox 877 2595 944 2655; x_wconf 90' lang='lat' dir='ltr'>istis</span> <span class='ocrx_word' id='word_1_217' title='bbox 979 2595 1124 2657; x_wconf 87' lang='lat' dir='ltr'>omuibus.</span> 
     </span>
     <span class='ocr_line' id='line_1_29' title="bbox 207 2677 1124 2759; baseline -0.001 -21"><span class='ocrx_word' id='word_1_218' title='bbox 207 2679 295 2738; x_wconf 90' lang='lat' dir='ltr'>Hune</span> <span class='ocrx_word' id='word_1_219' title='bbox 316 2697 378 2738; x_wconf 91' lang='lat' dir='ltr'>non</span> <span class='ocrx_word' id='word_1_220' title='bbox 403 2677 538 2739; x_wconf 87' lang='lat' dir='ltr'>ostendit</span> <span class='ocrx_word' id='word_1_221' title='bbox 558 2679 636 2738; x_wconf 90' lang='lat' dir='ltr'>ratio</span> <span class='ocrx_word' id='word_1_222' title='bbox 660 2683 713 2738; x_wconf 90' lang='lat' dir='ltr'>ant</span> <span class='ocrx_word' id='word_1_223' title='bbox 739 2678 867 2740; x_wconf 92' lang='lat' dir='ltr'>liberum</span> <span class='ocrx_word' id='word_1_224' title='bbox 894 2677 1072 2759; x_wconf 88' lang='lat' dir='ltr'>arbitrium,</span> <span class='ocrx_word' id='word_1_225' title='bbox 1099 2686 1124 2737; x_wconf 84' lang='lat' dir='ltr'>et</span> 
     </span>
     <span class='ocr_line' id='line_1_30' title="bbox 207 2760 1121 2842; baseline 0.003 -21"><span class='ocrx_word' id='word_1_226' title='bbox 207 2760 364 2841; x_wconf 92' lang='lat' dir='ltr'>quomodo</span> <span class='ocrx_word' id='word_1_227' title='bbox 388 2761 573 2840; x_wconf 87' lang='lat' dir='ltr'>ostenderet,</span> <span class='ocrx_word' id='word_1_228' title='bbox 597 2780 665 2821; x_wconf 89' lang='lat' dir='ltr'>oum</span> <span class='ocrx_word' id='word_1_229' title='bbox 688 2763 821 2841; x_wconf 89' lang='lat' dir='ltr'>ipsamet</span> <span class='ocrx_word' id='word_1_230' title='bbox 842 2762 882 2822; x_wconf 91' lang='lat' dir='ltr'>sit</span> <span class='ocrx_word' id='word_1_231' title='bbox 903 2761 973 2842; x_wconf 89' lang='lat' dir='ltr'>ipsa</span> <span class='ocrx_word' id='word_1_232' title='bbox 994 2763 1121 2837; x_wconf 77' lang='lat' dir='ltr'>tenebra,</span> 
     </span>
     <span class='ocr_line' id='line_1_31' title="bbox 206 2844 1120 2927; baseline 0.003 -23"><span class='ocrx_word' id='word_1_233' title='bbox 206 2845 347 2924; x_wconf 87' lang='lat' dir='ltr'>indigens</span> <span class='ocrx_word' id='word_1_234' title='bbox 362 2845 430 2906; x_wconf 85' lang='lat' dir='ltr'>luae</span> <span class='ocrx_word' id='word_1_235' title='bbox 450 2845 538 2925; x_wconf 87' lang='lat' dir='ltr'>legis,</span> <span class='ocrx_word' id='word_1_236' title='bbox 562 2864 640 2925; x_wconf 86' lang='lat' dir='ltr'>quae</span> <span class='ocrx_word' id='word_1_237' title='bbox 658 2845 802 2906; x_wconf 88' lang='lat' dir='ltr'>ostendat</span> <span class='ocrx_word' id='word_1_238' title='bbox 823 2846 852 2905; x_wconf 89' lang='lat' dir='ltr'>ei</span> <span class='ocrx_word' id='word_1_239' title='bbox 863 2844 1018 2925; x_wconf 81' lang='lat' dir='ltr'>morbum,</span> <span class='ocrx_word' id='word_1_240' title='bbox 1041 2862 1120 2927; x_wconf 84' lang='lat' dir='ltr'>quem</span> 
     </span>
     <span class='ocr_line' id='line_1_32' title="bbox 206 2927 1121 3071; baseline 0.001 -82"><span class='ocrx_word' id='word_1_241' title='bbox 206 2948 370 3071; x_wconf 63' lang='lat' dir='ltr'>per?suam</span> <span class='ocrx_word' id='word_1_242' title='bbox 394 2929 491 2989; x_wconf 89' lang='lat' dir='ltr'>iuoem</span> <span class='ocrx_word' id='word_1_243' title='bbox 514 2947 576 2995; x_wconf 89' lang='lat' dir='ltr'>non</span> <span class='ocrx_word' id='word_1_244' title='bbox 599 2927 691 3008; x_wconf 89' lang='lat' dir='ltr'>videt,</span> <span class='ocrx_word' id='word_1_245' title='bbox 713 2927 767 2989; x_wconf 89' lang='lat' dir='ltr'>sed</span> <span class='ocrx_word' id='word_1_246' title='bbox 790 2929 952 2990; x_wconf 87' lang='lat' dir='ltr'>sanitatem</span> <span class='ocrx_word' id='word_1_247' title='bbox 977 2949 1048 2991; x_wconf 87' lang='lat' dir='ltr'>esse</span> <span class='ocrx_word' id='word_1_248' title='bbox 1068 2947 1121 2990; x_wconf 86' lang='lat' dir='ltr'>ore·</span> 
     </span>
     <span class='ocr_line' id='line_1_33' title="bbox 207 3012 251 3073; baseline 0.023 -2"><span class='ocrx_word' id='word_1_249' title='bbox 207 3012 251 3073; x_wconf 90' lang='lat' dir='ltr'>dit</span> 
     </span>
    </p>

    <p class='ocr_par' dir='ltr' id='par_1_7' title="bbox 206 3092 1168 3511">
     <span class='ocr_line' id='line_1_34' title="bbox 288 3092 1116 3176; baseline 0.001 -19"><span class='ocrx_word' id='word_1_250' title='bbox 288 3092 341 3157; x_wconf 89' lang='lat' dir='ltr'>Sio</span> <span class='ocrx_word' id='word_1_251' title='bbox 363 3103 393 3155; x_wconf 91' lang='lat' dir='ltr'>et</span> <span class='ocrx_word' id='word_1_252' title='bbox 413 3096 444 3155; x_wconf 95' lang='lat' dir='ltr'>in</span> <span class='ocrx_word' id='word_1_253' title='bbox 466 3092 627 3176; x_wconf 80' lang='lat' dir='ltr'>Galatis*)</span> <span class='ocrx_word' id='word_1_254' title='bbox 651 3095 781 3155; x_wconf 88' lang='lat' dir='ltr'>eandem</span> <span class='ocrx_word' id='word_1_255' title='bbox 812 3097 1030 3175; x_wconf 89' lang='lat' dir='ltr'>quaestionem</span> <span class='ocrx_word' id='word_1_256' title='bbox 1052 3104 1116 3157; x_wconf 84' lang='lat' dir='ltr'>trat-</span> 
     </span>
     <span class='ocr_line' id='line_1_35' title="bbox 207 3176 1168 3260; baseline -0.003 -21"><span class='ocrx_word' id='word_1_257' title='bbox 207 3186 252 3239; x_wconf 85' lang='lat' dir='ltr'>tat</span> <span class='ocrx_word' id='word_1_258' title='bbox 273 3177 393 3239; x_wconf 88' lang='lat' dir='ltr'>diosus:</span> <span class='ocrx_word' id='word_1_259' title='bbox 427 3177 506 3253; x_wconf 77' lang='lat' dir='ltr'>Quid</span> <span class='ocrx_word' id='word_1_260' title='bbox 542 3179 634 3258; x_wconf 85' lang='lat' dir='ltr'>igitur</span> <span class='ocrx_word' id='word_1_261' title='bbox 661 3177 733 3239; x_wconf 84' lang='lat' dir='ltr'>lex?</span> <span class='ocrx_word' id='word_1_262' title='bbox 760 3176 943 3260; x_wconf 86' lang='lat' dir='ltr'>Respondet</span> <span class='ocrx_word' id='word_1_263' title='bbox 971 3199 1046 3242; x_wconf 80' lang='lat' dir='ltr'>vero</span> <span class='ocrx_word' id='word_1_264' title='bbox 1067 3194 1114 3239; x_wconf 90' lang='lat' dir='ltr'>nou</span> <span class='ocrx_word' id='word_1_265' title='bbox 1166 3242 1168 3259; x_wconf 46' lang='grc' dir='ltr'>Ι</span> 
     </span>
     <span class='ocr_line' id='line_1_36' title="bbox 206 3261 1168 3341; baseline -0.001 -19"><span class='ocrx_word' id='word_1_266' title='bbox 206 3261 350 3323; x_wconf 89' lang='lat' dir='ltr'>diatribea</span> <span class='ocrx_word' id='word_1_267' title='bbox 374 3262 477 3341; x_wconf 93' lang='lat' dir='ltr'>modo,</span> <span class='ocrx_word' id='word_1_268' title='bbox 499 3261 583 3341; x_wconf 88' lang='lat' dir='ltr'>quod</span> <span class='ocrx_word' id='word_1_269' title='bbox 598 3269 707 3341; x_wconf 88' lang='lat' dir='ltr'>arguat</span> <span class='ocrx_word' id='word_1_270' title='bbox 720 3282 788 3323; x_wconf 90' lang='lat' dir='ltr'>esse</span> <span class='ocrx_word' id='word_1_271' title='bbox 809 3262 938 3323; x_wconf 91' lang='lat' dir='ltr'>liberum</span> <span class='ocrx_word' id='word_1_272' title='bbox 962 3264 1113 3337; x_wconf 83' lang='lat' dir='ltr'>arbitrium,</span> <span class='ocrx_word' id='word_1_273' title='bbox 1161 3268 1168 3295; x_wconf 78' lang='lat'>⁴</span> 
     </span>
     <span class='ocr_line' id='line_1_37' title="bbox 206 3345 1112 3427; baseline -0.002 -21"><span class='ocrx_word' id='word_1_274' title='bbox 206 3348 259 3406; x_wconf 88' lang='lat' dir='ltr'>sed</span> <span class='ocrx_word' id='word_1_275' title='bbox 283 3346 327 3405; x_wconf 89' lang='lat' dir='ltr'>sio</span> <span class='ocrx_word' id='word_1_276' title='bbox 349 3345 440 3409; x_wconf 89' lang='lat' dir='ltr'>dieit:</span> <span class='ocrx_word' id='word_1_277' title='bbox 474 3345 603 3427; x_wconf 88' lang='lat' dir='ltr'>Propter</span> <span class='ocrx_word' id='word_1_278' title='bbox 641 3347 901 3426; x_wconf 85' lang='lat' dir='ltr'>transgressiones</span> <span class='ocrx_word' id='word_1_279' title='bbox 940 3348 1044 3427; x_wconf 85' lang='lat' dir='ltr'>posita</span> <span class='ocrx_word' id='word_1_280' title='bbox 1070 3352 1112 3417; x_wconf 84' lang='lat' dir='ltr'>est,</span> 
     </span>
     <span class='ocr_line' id='line_1_38' title="bbox 206 3428 1168 3511; baseline -0.004 -22"><span class='ocrx_word' id='word_1_281' title='bbox 206 3430 306 3489; x_wconf 88' lang='lat' dir='ltr'>donee</span> <span class='ocrx_word' id='word_1_282' title='bbox 329 3430 445 3490; x_wconf 89' lang='lat' dir='ltr'>veniret</span> <span class='ocrx_word' id='word_1_283' title='bbox 467 3448 583 3509; x_wconf 86' lang='lat' dir='ltr'>semen,</span> <span class='ocrx_word' id='word_1_284' title='bbox 605 3430 652 3488; x_wconf 90' lang='lat' dir='ltr'>eui</span> <span class='ocrx_word' id='word_1_285' title='bbox 675 3431 867 3509; x_wconf 84' lang='lat' dir='ltr'>promiserat</span> <span class='ocrx_word' id='word_1_286' title='bbox 891 3428 1022 3511; x_wconf 86' lang='lat' dir='ltr'>Propter</span> <span class='ocrx_word' id='word_1_287' title='bbox 1034 3436 1112 3492; x_wconf 84' lang='lat' dir='ltr'>truns-</span> <span class='ocrx_word' id='word_1_288' title='bbox 1160 3452 1168 3480; x_wconf 81' lang='grc' dir='ltr'><strong>ι</strong></span> 
     </span>
    </p>
   </div>
   <div class='ocr_carea' id='block_1_3' title="bbox 30 3695 1107 3837">
    <p class='ocr_par' dir='ltr' id='par_1_8' title="bbox 30 3695 1107 3837">
     <span class='ocr_line' id='line_1_39' title="bbox 30 3695 1107 3766; baseline -0.008 -9"><span class='ocrx_word' id='word_1_289' title='bbox 30 3752 33 3757; x_wconf 93' lang='grc'>.</span> <span class='ocrx_word' id='word_1_290' title='bbox 276 3697 308 3766; x_wconf 92' lang='grc'>1)</span> <span class='ocrx_word' id='word_1_291' title='bbox 329 3697 364 3752; x_wconf 82' lang='lat' dir='ltr'>tn</span> <span class='ocrx_word' id='word_1_292' title='bbox 391 3697 435 3754; x_wconf 89' lang='lat' dir='ltr'>ed.</span> <span class='ocrx_word' id='word_1_293' title='bbox 464 3698 547 3757; x_wconf 78' lang='lat'>1526:</span> <span class='ocrx_word' id='word_1_294' title='bbox 585 3695 726 3766; x_wconf 76' lang='lat' dir='ltr'>vendicet3</span> <span class='ocrx_word' id='word_1_295' title='bbox 760 3696 788 3751; x_wconf 93' lang='lat' dir='ltr'>in</span> <span class='ocrx_word' id='word_1_296' title='bbox 820 3696 865 3754; x_wconf 88' lang='lat' dir='ltr'>ed.</span> <span class='ocrx_word' id='word_1_297' title='bbox 894 3699 966 3757; x_wconf 77' lang='lat'><strong>1525</strong></span> <span class='ocrx_word' id='word_1_298' title='bbox 1002 3703 1030 3755; x_wconf 92' lang='lat' dir='ltr'>et</span> <span class='ocrx_word' id='word_1_299' title='bbox 1053 3696 1107 3752; x_wconf 85' lang='lat' dir='ltr'>teu:</span> 
     </span>
     <span class='ocr_line' id='line_1_40' title="bbox 204 3767 564 3837; baseline -0.006 -10"><span class='ocrx_word' id='word_1_300' title='bbox 204 3767 336 3827; x_wconf 83' lang='lat' dir='ltr'>venditet</span> <span class='ocrx_word' id='word_1_301' title='bbox 374 3770 404 3837; x_wconf 73' lang='lat'>⁸)</span> <span class='ocrx_word' id='word_1_302' title='bbox 426 3768 518 3826; x_wconf 82' lang='lat' dir='ltr'>Galat.</span> <span class='ocrx_word' id='word_1_303' title='bbox 538 3772 564 3827; x_wconf 87' lang='lat'>3.</span> 
     </span>
    </p>
   </div>
   <div class='ocr_carea' id='block_1_4' title="bbox 0 0 1178 4162">
    <p class='ocr_par' dir='ltr' id='par_1_9' title="bbox 0 0 1178 4162">
     <span class='ocr_line' id='line_1_41' title="bbox 0 0 1178 4162; baseline 0 0"><span class='ocrx_word' id='word_1_304' title='bbox 0 0 1178 4162; x_wconf 95' lang='lat' dir='ltr'> </span> 
     </span>
    </p>
   </div>
  </div>
 </body>
</html>
