2348 4162
371 220 461 277 amico
479 221 591 279 cuidam
609 225 806 295 praescriptas.
980 228 1043 291 423

122 390 331 457 sublationem
354 392 575 473 damnationis,
605 415 706 475 neque
728 396 854 458 credere
876 396 958 459 hanc
978 417 1045 477 gra·

120 476 207 549 darn,
228 476 451 553 remissionem,
472 476 704 556 indulgentiam,
728 482 892 558 quiautcm
906 500 968 543 non
982 502 1045 543 cre·
1088 544 1093 551 ,

121 558 244 631 diderit,
266 561 374 621 merito
397 559 660 625 condemnabitur.
703 562 744 623 Et
769 565 814 624 sic
835 564 965 626 solvitur
995 566 1046 626 hic

122 642 258 705 obiectio
280 643 402 705 illorum
424 663 464 704 ex
486 645 547 705 isto
569 650 665 724 textu,
688 646 770 725 quod
787 646 924 709 cbristus
947 650 1045 726 operi-

122 727 179 788 bns
211 724 323 788 tribuat
353 728 565 788 remissionem
595 736 803 808 peccatorum.
844 730 915 790 Nou
943 731 1047 793 tribuit

121 810 280 888 operibns,
301 809 356 871 sed
378 810 450 888 quia
471 810 610 872 infideles
621 818 691 873 sunt
712 832 771 875 nec
792 811 920 874 credunt
940 815 1046 875 remis·

121 893 241 955 sionem
263 892 322 954 Dei
345 892 403 955 sibi
412 894 535 971 factam,
556 893 587 955 id
609 895 691 976 quod
715 903 864 958 testantur
878 916 973 976 opera
996 916 1046 957 eo-

121 996 188 1037 rum
210 975 362 1052 infidelia,
396 975 466 1039 ideo
490 977 563 1039 dicit
586 984 617 1039 et
637 981 849 1042 remissionem
872 980 930 1041 Dei
953 979 993 1041 ob
1013 979 1047 1040 il·
1089 1050 1093 1059 Ι

121 1059 222 1121 lorum
243 1059 486 1122 incredulitatem
513 1060 612 1141 (facto
635 1061 849 1146 coniunctam)
872 1062 946 1128 tolli.

205 1176 289 1238 ldem
313 1177 352 1238 de
375 1182 483 1256 quarto
509 1178 688 1240 dicendum:
711 1181 862 1242 Dimittite
893 1187 923 1241 et
946 1179 1046 1242 dimit·

120 1266 203 1322 tetur
228 1260 330 1338 vobis,
358 1260 389 1321 id
419 1267 481 1336 est,
511 1261 640 1342 videtis,
671 1263 752 1343 quod
782 1263 871 1326 vobis
897 1265 1048 1325 remiserit

120 1363 184 1406 non
208 1344 307 1405 solum
330 1345 513 1423 praeterita,
544 1345 598 1406 sed
632 1347 723 1407 etiam
747 1346 848 1408 adhuc
869 1347 1048 1425 quotidiana

120 1431 252 1508 peccata
274 1427 409 1507 dimittit,
439 1446 498 1489 nec
527 1429 623 1507 exigit
650 1448 799 1490 summam
827 1431 1046 1511 perfectionem

121 1531 141 1572 a
162 1509 269 1584 vobis,
302 1511 395 1589 igitur
416 1517 446 1572 et
468 1530 524 1572 vos
546 1512 588 1572 ita
610 1513 716 1591 facite,
753 1531 816 1574 non
840 1513 938 1575 solnm
962 1533 1048 1593 prae·

120 1595 213 1655 terito
238 1588 407 1672 remittite:
434 1594 488 1655 scd
518 1597 610 1656 etiam
643 1595 781 1674 quotidie
813 1600 845 1657 et
872 1596 1048 1676 septuagies

122 1678 247 1757 septies,
270 1676 300 1737 id
323 1683 378 1754 est,
401 1678 432 1738 in
454 1677 603 1739 infinitum
620 1679 772 1755 dimittite,
795 1681 872 1740 sicut
893 1678 946 1740 ille
961 1685 1049 1758 pater

121 1760 205 1823 facit.
249 1759 339 1836 Quod
372 1761 398 1822 si
430 1780 492 1821 non
515 1762 661 1841 feceritis,
699 1763 767 1841 ipsc
797 1781 920 1841 quoque
951 1767 1051 1823 vertet

122 1862 211 1905 suam
234 1842 443 1905 dimissionem
462 1845 671 1923 quotidianam
685 1846 716 1905 in
732 1847 933 1907 retentionem
953 1846 1050 1923 quoti-

122 1926 256 1993 dianam.
325 1927 367 1988 Et
398 1927 570 1990 numerabit
604 1928 683 1990 ultra
724 1929 889 2010 praeterita
921 1933 1051 2009 peccata

122 2011 216 2073 etiam
241 2028 321 2090 quae
344 2010 481 2088 quotidie
502 2012 602 2073 facitis
623 2011 743 2073 infinita
765 2018 824 2076 etc.
867 2012 1052 2093 Exponatur

122 2113 180 2174 per
202 2112 325 2155 omnem
347 2094 477 2155 formam
500 2098 533 2156 nt
553 2094 781 2176 praecedentia.

142 2282 147 2287 ¹
209 2210 290 2273 Date
312 2217 372 2275 eto.
394 2211 510 2273 Eadem
540 2213 639 2274 forma
665 2213 746 2273 istud
775 2214 913 2293 quintum
940 2217 1051 2273 tracte-

123 2302 187 2357 tur:
218 2294 298 2356 Date
321 2301 378 2357 etc.
402 2296 484 2356 Dens
508 2295 560 2357 dat
581 2295 720 2371 assidue,
748 2315 810 2357 non
833 2295 932 2356 solum
960 2304 1052 2355 antea

124 2378 220 2455 dedit,
242 2377 297 2439 sed
319 2385 496 2459 perseverat
518 2378 595 2439 dans
617 2378 761 2458 indignis.
815 2378 884 2439 Hoc
906 2377 1050 2457 exemplo

123 2463 224 2523 Patris
245 2466 276 2522 et
298 2479 355 2523 vos
377 2461 501 2524 assidue
523 2461 604 2541 date,
627 2463 718 2523 etiam
731 2461 876 2542 indiguis,
899 2479 960 2521 non
980 2479 1051 2521 con-

121 2546 216 2623 teuti,
234 2544 316 2625 quod
339 2550 432 2607 antea
452 2543 594 2621 dedistis3
619 2544 702 2623 quod
725 2546 750 2605 ei
774 2564 836 2605 non
859 2543 1000 2621 feceritis,
1022 2550 1054 2604 et

123 2630 193 2708 ipse
215 2628 331 2689 auferet
353 2627 488 2708 tandem,
512 2647 591 2708 quac
609 2626 661 2689 dat
683 2633 713 2688 et
735 2627 859 2689 daturus
882 2631 956 2687 erat.
995 2625 1053 2686 Hic

124 2716 231 2793 potest
251 2710 357 2773 induci
378 2711 416 2772 ad
437 2712 641 2791 propositum,
665 2730 760 2790 quare
771 2711 854 2771 Deus
876 2728 958 2770 nunc
979 2709 1052 2768 inci-

124 2796 192 2875 piat
219 2795 326 2875 punire
347 2814 421 2869 nos,
458 2801 489 2855 et
515 2795 597 2855 fame
628 2801 659 2855 et
685 2794 752 2855 aliis
783 2793 887 2869 malie,
926 2791 1053 2868 scilicet,

126 2878 278 2958 quianon
302 2897 458 2939 cessamus
489 2878 578 2955 dare,
600 2879 668 2958 ipsc
696 2882 795 2939 vertet
823 2896 857 2938 ee
886 2874 1053 2965 et'auferet

126 2962 230 3038 etiam,
252 2979 332 3040 quae
355 2962 516 3023 consuevit
537 2961 621 3024 dare.

211 3077 292 3154 Quia
312 3081 380 3157 ipse
402 3080 447 3138 sio
462 3077 635 3139 concludit:
657 3077 777 3139 Eadem
791 3094 944 3156 mensura,
967 3076 1054 3153 quasi

126 3162 258 3231 diceret,
287 3163 359 3242 quia
386 3160 471 3225 Patri
501 3181 562 3223 non
593 3160 729 3237 creditis,
756 3167 786 3220 et
813 3158 971 3240 praedicta
992 3177 1055 3218 non

125 3246 310 3325 agnoscitis,
333 3244 388 3306 sed
410 3245 564 3306 contraria
586 3245 699 3319 facitis,
724 3242 795 3304 idco
818 3243 937 3321 etipse
958 3242 1055 3300 inore-

127 3328 219 3391 dulos
249 3326 306 3408 (eo
338 3327 421 3390 facto
445 3330 604 3389 convictos
633 3324 750 3408 palam)
778 3325 885 3387 eadem
915 3342 1056 3384 mensura

126 3413 246 3493 puniet,
268 3412 348 3472 sicut
369 3413 515 3492 scriptum
538 3417 601 3472 est:
632 3410 708 3471 Onm
730 3427 877 3490 perverso
901 3412 1053 3487 perverte-

126 3496 180 3574 ris,
204 3501 234 3556 ct
255 3493 377 3556 Reddet
398 3496 562 3574 unicuique
584 3492 751 3555 secuudum
775 3511 870 3572 opera
892 3510 957 3555 sua.

213 3610 271 3674 Ille
292 3612 390 3688 locus,
412 3613 587 3673 Mansuram
599 3611 734 3691 plenam,
758 3616 804 3670 cst
826 3608 1000 3686 exhortatio
1015 3607 1053 3668 ad

127 3694 262 3758 libenter
283 3695 428 3776 dandum,
451 3702 482 3757 et
504 3699 565 3755 suis
588 3695 687 3755 modis
711 3692 955 3775 amplificandus.
1074 3736 1077 3741 .
