2348 4162
335 256 373 313 ad
391 257 426 315 D.
444 257 588 315 Bruanium
609 256 832 315 Roterodamum.
983 255 1045 323 255

123 430 227 489 tentos
256 445 344 508 esse,
377 434 409 489 et
436 428 614 508 simpliciter
640 426 784 506 eredere,
818 426 900 506 qnod
931 425 1045 505 dieunt,

124 528 193 571 oum
217 511 279 572 sint
301 529 397 593 opera
414 511 473 573 Dei
495 529 619 591 prorsus
642 509 866 589 inenarrabilia,
889 510 1045 572 tamenin

124 593 306 673 obsequium
324 596 460 674 rationis,
485 596 514 653 id
538 600 594 671 eet,
619 593 765 654 stultitiae
783 591 950 669 humanae,
973 592 1047 654 libet

122 677 254 757 ineptire
283 684 315 738 et
343 677 538 757 stulteseere,
569 684 600 737 et
627 675 825 740 balbutiendo
854 682 989 756 tentare,
1021 676 1047 736 ei

123 776 182 839 qm
203 778 359 925 diffidi?
374 779 609 905 aedidnmnddt'idrdd
628 840 756 903 diatriba
773 841 925 921 eonoedit,
949 841 1046 901 Deum

125 928 230 988 omnia
250 928 281 987 in
305 926 445 988 omnibus
470 929 603 1007 operari,
649 945 686 986 ao
707 927 773 987 sine
794 927 863 1007 ipso
886 924 960 985 nihil
981 922 1047 985 fieri

124 1028 182 1070 neo
204 1007 317 1071 effioax
339 1028 423 1088 esse,
458 1017 505 1070 eet
534 1012 614 1070 enim
637 1010 834 1090 omnipotens
856 1008 1047 1088 pertinetque

124 1091 154 1152 id
175 1092 217 1155 ad
239 1094 493 1172 omnipotentiam
517 1111 614 1174 suam,
637 1099 670 1152 ut
684 1090 799 1153 Paulus
822 1093 865 1151 ait
886 1090 924 1152 ad
947 1091 973 1151 tt
997 1090 1046 1151 he·

125 1176 196 1239 eius.
236 1175 300 1236 Iam
324 1174 419 1237 Satan
448 1182 479 1236 et
506 1175 601 1238 homo
632 1174 710 1257 lapsi
738 1184 769 1237 et
798 1175 910 1236 deserti
937 1109 1046 1235 adico

125 1277 185 1321 non
208 1266 341 1339 possunt
370 1259 451 1319 velle
478 1257 611 1338 bunum,
643 1259 703 1320 hoe
725 1265 772 1320 est
794 1278 846 1337 aa,
876 1276 956 1337 quae
978 1256 1047 1319 Deo

125 1342 260 1423 piaoent,
282 1349 334 1402 ant
356 1360 436 1421 quae
459 1341 541 1401 Deus
564 1341 637 1422 vult,
671 1342 725 1402 sed
748 1342 869 1402 suntin
892 1360 948 1402 sua
971 1340 1046 1400 desi·

126 1424 210 1487 deria
231 1427 373 1486 conversi
392 1431 557 1506 perpetuo,
590 1432 623 1485 ut
644 1444 705 1486 non
729 1426 849 1506 possint
870 1444 932 1486 non
956 1442 1046 1503 quae·

125 1528 191 1569 rere
221 1526 301 1587 qnae
330 1527 386 1569 sua
414 1514 494 1573 sunt.
513 1519 519 1532 ·
538 1508 623 1569 Haeo
651 1510 742 1589 igitur
769 1527 877 1569 eorum
906 1506 1047 1567 voluntas

125 1600 154 1652 et
176 1599 290 1652 natura
312 1592 358 1653 sie
379 1613 398 1653 a
420 1592 488 1654 Deo
512 1609 600 1653 versa
619 1589 648 1675 ¹)
670 1610 732 1652 non
756 1599 802 1652 est
825 1589 916 1668 nihil,
947 1607 1047 1668 neque

124 1675 204 1737 enim
229 1673 325 1736 Satan
347 1681 379 1736 et
400 1676 512 1755 impius
535 1676 628 1736 homo
650 1674 724 1734 nihil
747 1681 810 1753 eet,
853 1679 907 1733 aut
932 1671 1046 1732 nullam

125 1764 270 1820 naturam
293 1763 346 1818 ant
366 1758 557 1820 voluntatem
579 1757 703 1838 habent,
726 1757 797 1818 lieet
820 1762 994 1835 eorruptam
1017 1760 1049 1816 et

126 1860 267 1903 eversam
301 1846 440 1902 naturam
472 1842 617 1905 habeant.
661 1839 741 1902 Illud
770 1841 861 1920 igitur
887 1839 1047 1918 reliquum,

125 1924 207 2003 quod
231 1923 371 2005 dieimus,
394 1931 521 1986 naturae
542 1926 572 1985 in
595 1925 690 2005 impio
714 1930 747 1984 et
762 1921 889 2003 Satana,
911 1928 944 1983 ut
965 1940 1047 1983 erea-

128 2015 195 2068 tura
220 2015 351 2088 etopus
373 2007 449 2089 Dei,
481 2027 543 2070 non
566 2013 613 2069 est
633 2009 734 2069 minus
757 2006 927 2068 subieotum
950 2006 1045 2068 omni-

124 2091 283 2171 potentiae
305 2098 338 2152 et
358 2092 472 2152 actioni
491 2091 622 2170 divinae,
645 2110 737 2172 quam
749 2109 858 2152 omnes
870 2090 949 2152 aliae
964 2108 1045 2150 erea-

123 2181 212 2236 turae
232 2181 265 2235 et
285 2193 380 2254 opera
402 2175 467 2236 Dei.

208 2256 342 2333 Quando
359 2277 433 2338 ergo
446 2257 530 2317 Deus
553 2259 658 2319 omnia
676 2259 707 2318 in
728 2256 868 2318 omnibus
890 2262 995 2317 movet
1017 2266 1048 2317 et

123 2343 207 2423 agit,
239 2342 415 2402 necessario
444 2346 548 2401 movet
575 2342 667 2401 etiam
690 2347 721 2401 et
742 2342 805 2419 agit
826 2341 857 2400 in
880 2338 996 2401 Satana
1017 2346 1048 2400 et

123 2424 231 2507 impio.
275 2425 349 2506 Agit
371 2431 473 2485 autem
496 2423 610 2483 inillis
633 2424 742 2503 taliter,
772 2423 878 2501 quales
901 2422 943 2483 iili
966 2428 1048 2500 sunt,

124 2515 153 2568 et
174 2507 284 2587 quales
306 2508 438 2586 invenit,
470 2506 532 2568 hoe
562 2512 624 2586 est,
656 2527 725 2567 oum
748 2505 791 2565 illi
813 2507 873 2565 sint
896 2506 994 2566 aversi
1017 2513 1048 2566 et

124 2591 196 2651 mali
224 2597 255 2650 et
284 2592 440 2671 rapiantur
467 2595 552 2650 motu
574 2589 628 2650 illo
651 2590 772 2650 divinae
794 2589 1046 2669 omnipotentiae,

124 2692 185 2737 non
210 2674 268 2733 nisi
290 2691 402 2736 aversa
423 2679 455 2734 et
476 2673 556 2733 meis
574 2672 705 2750 faoiunt,
735 2677 880 2752 tanquam
904 2673 929 2730 si
952 2688 1046 2751 eques

122 2762 196 2837 agat
217 2774 329 2836 equum
352 2757 502 2838 tripedem
525 2755 574 2817 vel
597 2755 749 2837 bipedem,
772 2756 835 2836 agit
858 2753 981 2835 quidem
1004 2760 1047 2814 ta·

124 2839 204 2920 liter,
226 2840 325 2919 qualis
348 2858 443 2920 equus
467 2847 523 2917 est,
543 2839 607 2902 hoe
628 2846 684 2920 est,
707 2858 803 2919 equus
827 2838 907 2899 male
922 2837 1058 2898 insedit,

122 2920 182 2985 esd
207 2922 279 3002 quid
301 2923 394 2984 faeiat
416 2921 534 3006 eques?
557 2942 668 3003 equum
690 2923 783 2984 tatem
800 2921 1047 3002 simulagiteum

123 3008 209 3086 equis
231 3007 326 3087 senis,
348 3006 402 3069 illo
426 3006 516 3084 male,
538 3007 603 3066 istis
625 3004 715 3086 bene,
737 3005 827 3066 aliter
849 3023 910 3065 non
933 3010 1046 3085 potest,

123 3090 179 3150 nisi
205 3108 302 3168 equus
325 3097 458 3153 senetur.
501 3089 560 3149 Hie
580 3088 677 3168 vides,
699 3088 811 3167 Deum,
832 3107 902 3149 eum
915 3090 944 3147 in
959 3088 1046 3147 malis

123 3177 152 3233 et
172 3191 230 3253 per
252 3160 350 3233 me‘los
378 3181 538 3253 operatur,
571 3173 653 3233 maia
682 3170 805 3251 quidem
833 3169 915 3253 fieri,
948 3171 1047 3232 Deum

122 3261 225 3316 tamen
248 3274 311 3316 non
332 3274 427 3336 posse
450 3256 531 3318 male
552 3255 664 3335 faeere,
688 3255 761 3315 lieet
775 3254 858 3316 mala
872 3274 927 3334 per
946 3254 1043 3314 malos

121 3336 230 3418 faeiat,
275 3340 346 3418 quia
377 3341 445 3421 ipse
471 3339 570 3401 bonus
598 3338 679 3400 male
707 3337 810 3399 faeere
842 3355 904 3399 non
934 3343 1047 3418 potest,

124 3421 212 3482 maiis
240 3426 344 3482 tamen
372 3424 583 3484 instrumentis
610 3426 724 3500 utitur,
763 3438 842 3499 quae
868 3427 989 3501 raptum
1017 3429 1048 3480 et

122 3510 239 3566 motum
255 3507 411 3586 potentiae
433 3526 508 3568 suae
529 3525 592 3568 non
615 3512 746 3588 possunt
767 3503 908 3569 evadere.
932 3504 1046 3565 Vitium

192 3774 222 3840 1)
241 3773 273 3827 In
290 3773 336 3830 ed.
357 3774 438 3831 1525:
458 3754 566 3830 aversa.
