2348 4162
384 240 473 298 arnioo
492 241 602 299 ouidarn
620 243 819 314 praescriptae.
994 245 1057 313 407

219 410 323 492 Visio,
356 410 472 494 idest,
497 415 633 496 oognitio
656 414 768 475 Christi
789 414 945 494 laetificat,
966 417 1058 477 arnis·

133 495 180 556 sio
203 494 315 556 Christi
338 497 516 576 oontristst,
541 499 620 558 siout
641 497 715 559 dioit
734 498 949 578 Evangelista:
984 499 1057 561 Gra·

132 578 190 639 visi
214 583 286 639 sunt
308 577 450 658 disoipnli
479 581 546 641 viso
568 581 712 643 Domino.
755 581 851 642 Stude
879 601 952 662 ergo
976 583 1059 644 Chri·

131 668 224 722 utum⁴
238 667 322 722 reate
345 680 537 740 cognoscere
559 671 588 724 et
609 664 706 725 laetus
719 666 787 743 eris,
811 666 836 725 si
850 665 942 726 tristis
954 666 1056 746 fueris,

131 744 214 806 seius
247 750 278 805 te
305 743 458 806 Christum
497 747 647 827 amisisse.
690 747 751 809 Sed
786 748 850 808 noli
883 747 1058 828 desperare,

131 826 289 889 modioum
312 829 473 908 estquod
495 849 558 891 nou
581 830 683 909 vides,
704 832 814 892 iterum
836 831 1004 911 apparebit,
1028 839 1059 893 et

130 919 206 972 tuno
227 929 291 971 non
313 930 431 972 mernor
453 914 511 974 eris
532 933 694 993 pressurae
726 919 807 978 tuae.
845 913 930 975 Siout
951 915 1059 975 mulier

132 1012 195 1055 non
218 992 304 1055 ridet
323 993 478 1056 hominem
502 998 687 1058 naseiturum
710 1017 764 1059 seu
782 999 885 1080 vitam,
908 997 962 1058 sed
983 1005 1057 1059 nato

134 1076 263 1138 homine
284 1077 343 1138 iam
365 1078 481 1139 nullam
504 1080 588 1141 videt
609 1086 738 1142 mortem
761 1087 820 1144 etr.

223 1261 241 1272 ·
271 1241 474 1306 Dominioa
496 1243 670 1309 Cantate.
714 1246 820 1311 Iohan.
841 1245 922 1310 XVI.

216 1409 256 1469 nt
277 1427 359 1469 nuno
381 1409 461 1471 vado
484 1410 524 1471 sd
546 1429 625 1488 eum,
649 1412 699 1490 qui
722 1411 803 1472 misit
826 1430 889 1489 me,
912 1417 943 1471 et
965 1414 1057 1473 nem'o

131 1514 172 1555 ex
195 1491 285 1554 vobis
306 1493 477 1574 interrogat
498 1513 556 1568 me,
579 1512 640 1573 quo
662 1491 775 1557 vadis?
818 1493 879 1556 sed
897 1495 968 1574 quia
981 1494 1059 1556 haeo

132 1576 282 1656 loquutus
304 1595 371 1636 sum
394 1575 497 1655 vobis,
527 1578 650 1639 tristitia
669 1576 809 1656 implevit
836 1595 890 1638 oor
911 1582 1056 1657 vestrum,

131 1659 187 1721 sed
211 1677 270 1740 ego
285 1660 445 1720 veritatem
468 1660 537 1721 dioo
560 1659 664 1720 vobis:
685 1659 821 1740 Expedit
832 1659 931 1739 vobis,
953 1672 986 1720 ut
999 1680 1057 1740 ego

131 1742 263 1822 radam,
287 1743 312 1803 si
334 1743 415 1805 enirn
437 1761 499 1804 non
521 1742 642 1821 abiero,
670 1743 844 1823 paraeletus
871 1762 934 1804 non
957 1743 1060 1804 veniet

131 1825 172 1888 ad
196 1844 264 1887 vos.
308 1823 339 1887 Si
363 1831 465 1886 autem
488 1825 603 1904 abiero,
626 1826 744 1887 mittam
767 1845 837 1887 eum
860 1825 898 1887 ad
922 1845 988 1888 vos.
1018 1826 1059 1887 nt

131 1929 202 1971 oum
225 1909 345 1969 venerit
366 1907 427 1985 ille,
449 1915 558 1988 arguet
580 1908 726 1969 mundum
755 1908 793 1970 de
815 1915 945 1990 peooato
967 1915 998 1970 et
1020 1907 1059 1969 do

131 1992 250 2054 iustitia
284 1997 315 2052 et
349 1990 388 2051 de
408 1991 532 2056 iudicio.
574 1992 622 2053 De
643 1999 773 2073 peooato
796 1992 936 2073 quidem,
976 1990 1059 2071 quod

132 2094 196 2137 non
221 2073 349 2159 eredunt
384 2075 414 2134 in
437 2094 496 2137 me.
540 2075 587 2136 De
608 2076 723 2136 iustitia
745 2094 833 2155 vero,
858 2077 930 2156 quia
950 2074 1058 2156 adpa-

132 2165 211 2219 trem
245 2156 326 2219 vado
360 2163 391 2218 et
425 2159 486 2218 iam
522 2177 584 2220 non
608 2158 749 2220 videbitis
774 2178 831 2221 me.
875 2158 922 2220 De
944 2158 1058 2219 iudioio

131 2249 255 2317 autem,
289 2238 371 2320 quod
406 2241 548 2321 princeps
580 2243 670 2303 huius
707 2241 812 2302 mundi
845 2243 906 2303 iam
945 2241 1059 2302 iudiea-

104 2331 182 2385 ·tus
206 2328 262 2385 est.

218 2404 331 2486 Adnue
353 2405 448 2465 multa
470 2404 570 2467 habeo
594 2405 680 2467 vobis
704 2405 823 2485 dioere,
847 2406 984 2467 sednon
1007 2424 1063 2485 po-

132 2490 221 2552 testis
244 2494 368 2569 portare
400 2487 505 2552 modo.
549 2488 625 2549 (lum
655 2495 758 2549 autem
783 2490 900 2549 venerit
921 2488 972 2549 ille
995 2487 1060 2569 spr-

132 2574 211 2635 ritus
233 2571 384 2650 veritatis,
414 2570 539 2632 dooebit
560 2590 616 2633 vos
639 2590 762 2633 ornnem
787 2571 962 2650 veritatem,
999 2590 1061 2631 non

133 2657 217 2719 enim
240 2654 384 2734 loquetur
405 2655 623 2734 memetipso,
646 2654 700 2716 aed
724 2662 928 2735 quaeeunque
948 2653 1061 2731 audiet,

132 2741 294 2819 loquetur,
329 2743 462 2817 atquae
486 2744 615 2798 ventura
636 2744 720 2817 sunt,
743 2736 942 2799 annunciabit
963 2737 1062 2799 vobis.

134 2822 194 2886 Ille
216 2840 266 2883 ms
288 2819 477 2898 olarifioabit,
500 2822 572 2900 quia
594 2821 632 2883 de
645 2821 868 2900 meosooipiet,
891 2825 921 2880 et
943 2839 1061 2881 ennun-

135 2904 231 2966 oiabit
254 2903 353 2969 robis.
397 2903 518 2983 Omnia,
542 2923 744 2984 quaeeunque
765 2903 858 2965 habet
870 2904 971 2983 Pater,
993 2922 1063 2962 mea

134 2993 224 3063 sunt,
246 2993 410 3068 propterea
432 2986 511 3064 dixi,
547 2987 630 3066 quod
652 2987 691 3048 de
714 3006 783 3048 meo
807 2987 937 3067 aooipiet
959 2992 989 3046 et
1011 3006 1061 3047 an·

134 3069 295 3132 nunciabit
316 3067 414 3130 vobis.

219 3152 269 3212 Ex
290 3151 402 3213 affeetu
426 3171 538 3232 magno
560 3152 696 3232 loquitur
717 3152 892 3234 discipulis,
925 3171 994 3212 oum
1017 3151 1062 3210 vi-

135 3236 209 3298 deat
230 3254 285 3297 eos
306 3237 356 3296 ita·
371 3235 482 3295 tristari
504 3235 543 3296 de
565 3234 701 3296 disoessu
723 3255 797 3315 sno,
821 3236 910 3317 quasi
933 3234 1062 3295 diceret:

137 3317 250 3381 auditis
273 3337 322 3378 me
355 3317 561 3378 discessurum
595 3339 614 3379 a
642 3318 729 3380 vobis
758 3325 789 3378 et
811 3317 983 3378 relicturum
1006 3336 1063 3378 vos

137 3420 218 3463 esse.
261 3401 330 3463 Hoo
351 3402 396 3461 sio
419 3419 474 3462 vos
498 3402 659 3463 contristat
681 3400 821 3481 quidem,
856 3408 889 3462 ut
918 3420 992 3480 prae
1014 3402 1063 3460 tri-

135 3485 219 3546 stitia
240 3503 303 3545 non
327 3486 455 3564 auratis,
490 3503 551 3565 quo
574 3484 698 3563 abeam,
728 3485 799 3564 quia
821 3483 964 3564 quioquid
986 3482 1063 3543 illud

136 3570 186 3648 sit,
209 3586 271 3647 quo
295 3567 386 3645 vado,
407 3568 666 3629 contemnendum
689 3568 791 3648 potius
815 3566 939 3644 duoitis,
971 3583 1061 3643 quam

136 3658 248 3712 utros
270 3650 420 3728 deseram,
445 3650 499 3711 sed
522 3652 697 3712 roserratis
712 3656 743 3712 et
759 3651 894 3727 nescitis,
916 3656 1062 3729 quantum

136 3734 211 3797 boui
240 3735 280 3796 eit
308 3734 339 3794 in
362 3753 432 3796 meo
455 3733 549 3798 abitu.
592 3733 659 3796 Erit
687 3736 768 3796 enirn
788 3740 861 3816 post
879 3752 978 3796 meum
1001 3731 1063 3795 abi-
