2348 4162
450 276 480 328 et
497 272 705 349 eommuuioniu.
823 254 827 261 ’
998 274 1038 341 13

120 443 349 523 confortentur,
380 441 471 521 quale
495 439 635 504 Christus
663 441 878 504 inaestimabili
914 445 1041 506 ueritate
1098 518 1101 523 ι

121 525 238 588 dederit
259 534 291 588 et
311 528 477 588 instituerit
497 526 557 588 hau
579 543 695 604 eoeno,
724 544 791 586 oum
815 527 944 588 diceret:
981 528 1040 589 Ae-

121 611 212 691 oipite
234 617 266 671 et
288 608 440 673 comedite
462 615 520 671 ete.
699 654 712 679 .

200 693 341 758 Arbitror
362 700 464 754 autem
496 693 577 753 bano
601 693 876 773 interrogationem
908 712 963 755 seu
987 712 1039 756 ex·

120 775 324 856 plorationem
359 774 518 854 sufficere,
540 778 565 836 si
594 775 691 837 semel
716 778 747 836 in
782 794 864 839 anuo
894 776 949 838 flat
970 797 1039 838 eum

68 900 71 905 ,
121 879 179 936 eo,
202 862 254 939 qui
277 862 353 941 petit
375 860 605 921 eommunieari.
649 859 728 933 Quin
766 862 878 939 poterit
909 868 971 922 tam
994 864 1037 922 in·

121 943 262 1023 telligens
284 962 369 1023 esse,
386 944 442 1022 qui
465 945 559 1023 petit,
583 951 616 1003 ut
637 943 685 1002 vel
709 943 804 1003 semel
837 945 867 1003 in
891 950 956 1004 tote
978 947 1041 1005 vite

122 1026 168 1086 vel
189 1045 315 1106 prorsus
342 1045 497 1105 nunquam
523 1028 737 1105 interrogetur.
790 1026 869 1086 Nam
899 1027 960 1088 boo
981 1030 1040 1089 ritu

121 1109 193 1170 illud
218 1128 328 1170 cavere
357 1111 515 1189 volumus,
542 1128 582 1170 ue
602 1110 719 1169 irruant
751 1110 789 1168 ad
824 1129 953 1171 coenam
977 1112 1040 1172 Do·
1122 1174 1126 1181 ,

123 1195 194 1252 mini
217 1194 304 1274 digni
327 1200 357 1253 et
377 1192 510 1272 indigui,
539 1195 618 1252 siout
636 1192 783 1252 haetenus
817 1194 948 1254 vidimus
975 1192 1041 1256 fieri

123 1276 176 1336 sub
198 1277 340 1360 Romana
363 1276 504 1356 ecelesia,
527 1275 577 1335 ubi
600 1275 674 1335 nibil
686 1277 855 1354 quaesitum
880 1285 927 1337 est
948 1277 1041 1357 aliud,

123 1378 212 1439 quam
237 1351 465 1438 eommunioari,
488 1323 526 1418 de
549 1359 626 1439 fide,
649 1358 687 1418 de
721 1360 833 1422 solatio
860 1367 891 1421 et
913 1361 951 1420 de
971 1323 1043 1423 totd.

122 1462 176 1503 usu
199 1451 232 1504 et
251 1444 350 1504 fruetu
369 1443 494 1504 Goeuae
515 1461 640 1523 prorsus
663 1444 829 1503 nomentio
852 1443 974 1523 quidem
990 1452 1042 1504 aut

124 1527 270 1606 rogitatis
293 1527 364 1606 fuit3
385 1527 457 1606 quin
481 1528 539 1586 et
531 1544 599 1606 ipsa
620 1525 714 1586 verba
732 1526 963 1624 benedictionis,
985 1529 1040 1589 aui·
1064 1529 1066 1533 ’

122 1610 223 1670 lieet
215 1629 315 1691 ipsum
337 1629 450 1690 panem
473 1609 562 1699 vitae,
585 1608 821 1690 absconderunt,
845 1611 963 1690 ingenti
980 1617 1043 1672 stu·

124 1693 276 1773 dio,1mo
311 1712 431 1754 summo
454 1686 555 1752 furore
576 1691 607 1752 id
630 1700 773 1773 agentes,
809 1657 841 1752 dt
873 1696 1054 1754 communi.

123 1785 228 1837 eautes
259 1796 336 1858 opus
351 1781 552 1863 operarentur
578 1775 692 1837 bonum
716 1794 772 1836 sua
793 1775 952 1858 dignitate
975 1797 1039 1839 nou

124 1867 226 1920 autem
247 1859 339 1921 fidem
361 1859 478 1921 alerent
506 1867 537 1920 et
557 1859 739 1920 roborarent
761 1859 871 1920 Christi
893 1860 1039 1928 bonitate.

124 1943 186 2003 Noe
216 1951 318 2004 autem
349 1943 507 2023 eos,·qui
538 1942 726 2022 respondere
759 1962 821 2004 uon
848 1943 1039 2029 poteruntl)

123 2028 208 2087 iuxta
230 2026 397 2109 praedicta,
418 2045 544 2107 prorsus
568 2027 712 2086 exclusos
742 2033 773 2086 et
805 2027 923 2088 alienos
953 2028 1040 2090 volu-

124 2129 190 2170 mus
214 2115 253 2172 ab
270 2112 361 2171 istius
383 2110 508 2171 Coenae
531 2111 775 2190 eommuuione,
786 2117 933 2192 tanquam
955 2115 1041 2173 veste

125 2195 250 2275 nuptiali
273 2200 422 2257 aarentes

207 2277 341 2374 Deinde,
370 2277 422 2337 ubi
450 2277 623 2357 Episcopus
651 2275 759 2337 viderit
787 2296 840 2338 eos
868 2277 1041 2359 intelligere

125 2359 201 2421 baeu
222 2361 337 2442 omnia,
358 2361 450 2421 etiam
472 2359 532 2420 boe
553 2359 737 2438 observabit,
760 2379 798 2421 an
816 2362 887 2422 vita·
900 2368 931 2422 et
953 2365 1041 2423 mori·
1105 2406 1107 2410 -

125 2443 179 2506 bus
202 2463 271 2505 eam
298 2442 391 2504 fldem
415 2451 446 2505 et
465 2444 698 2525 intelligentiam
727 2443 867 2524 probent.
910 2445 988 2505 Nam
1012 2455 1043 2506 et
1098 2489 1101 2495 -

126 2527 218 2588 Satan
251 2528 329 2587 baeu
362 2528 466 2589 omnia
499 2534 530 2587 et
563 2527 705 2606 intelligit
740 2534 771 2586 et
807 2528 891 2606 loqui
928 2537 1041 2608 potest.

126 2611 192 2672 lloo
213 2620 270 2690 est,
293 2613 317 2670 si
340 2610 449 2672 viderit
457 2610 604 2707 aliquem
627 2614 839 2690 scortatorem,
862 2609 1042 2692 adulterum,

126 2696 260 2776 ebrium,
283 2695 432 2773 lusorem,
455 2695 639 2767 usurarium,
663 2691 871 2772 maledicum,
903 2701 955 2755 aut
981 2696 1042 2757 alio
1129 2695 1131 2699 ’

127 2780 252 2839 numine
251 2739 436 2839 manifestd
463 2776 619 2858 infamem,
640 2794 765 2858 prorsus
789 2779 827 2837 ab
854 2738 914 2838 dae
937 2778 1044 2841 Coena

127 2861 279 2939 exeludat,
302 2863 360 2923 uisi
378 2861 541 2922 manifesto
562 2867 755 2942 argumento,
770 2861 863 2921 vitam
887 2881 956 2923 sese
979 2864 1044 2924 mu·
1132 2924 1135 2933 ,

127 2955 207 3006 tasse
229 2951 359 3007 testatus
380 2945 478 3009 fuerit.
521 2944 600 3006 Nam
623 2945 704 3024 illie,
731 2944 787 3024 qui
810 2943 976 3024 aliquando
999 2945 1043 3007 la-

127 3030 236 3090 buntur
259 3035 289 3089 at
309 3028 438 3090 redeunt
471 3027 638 3108 dolentque
672 3027 834 3108 delapsu,
857 3029 964 3090 Coena
986 3032 1045 3091 ista

126 3132 186 3174 nou
211 3111 312 3172 solum
335 3113 440 3194 negari
462 3131 525 3174 uon
549 3108 647 3192 debet,
671 3112 742 3190 quin
772 3120 897 3192 propter
920 3131 974 3173 eos
996 3115 1043 3194 ip-

128 3215 177 3258 sos
203 3197 338 3257 maxime
359 3198 528 3257 institutam
552 3215 620 3256 esee
648 3213 741 3255 nosse
763 3203 902 3275 oportet,
924 3204 957 3256 ut
978 3198 1044 3257 retl-
1144 3190 1149 3199 '

128 3282 244 3341 oiautur
266 3289 296 3341 et
323 3280 522 3359 roborentur,
554 3281 584 3339 in
618 3277 720 3338 multis
753 3281 834 3339 enim
863 3279 1045 3340 offendimus
1097 3345 1100 3350 ,
1150 3321 1153 3329 -

129 3383 245 3443 omnes,
268 3371 299 3424 et
321 3383 415 3425 onera
436 3365 566 3424 invisam
585 3370 752 3443 portamus,
776 3363 850 3437 dum¹
863 3370 894 3423 et
909 3362 1045 3438 mutuo²)

129 3466 183 3509 uos
213 3467 387 3512 oneramus.
431 3449 476 3509 De
507 3447 566 3507 illis
602 3447 683 3507 enim
710 3446 971 3528 contemptoribus
1004 3448 1046 3509 lo·

131 3624 548 3638 Ἣ

131 3725 227 3851 mntuq)
246 3723 279 3778 Iu
302 3723 347 3780 ed.
371 3723 455 3796 origo
478 3724 608 3795 poterint.
655 3723 739 3794 2)1n
764 3723 808 3784 ed.
831 3725 911 3785 lenz.
927 3733 959 3811 et
976 3726 1047 3785 ‘dum
