2348 4162
539 243 572 302 t.
593 247 673 305 1543.
1002 242 1064 314 563

222 414 361 477 Vidimus
394 420 425 477 et
452 416 624 478 audivimus
652 414 699 475 bis
729 415 836 476 diebus
858 416 1012 498 singulare
1034 425 1065 478 et

139 498 221 580 apud
245 497 418 560 Germanos
451 501 628 561 inusitatum
652 499 856 580 exemplum,
889 499 972 579 quod
1004 501 1064 561 dno

139 584 264 662 iratres,
294 583 372 659 alter
392 585 512 643 tertium
538 584 701 661 decimum,
724 582 801 644 alter
823 590 961 662 quartum
985 584 1064 644 deci·

140 687 222 727 mum
246 685 361 727 annum
382 667 555 745 ingressus,
589 685 626 726 ac
647 665 798 751 pene·(nt
820 666 945 742 dicitur)
969 667 1064 726 inlan-

140 759 196 828 tes,
218 747 391 811 habuerunt
412 750 491 811 duas
511 749 566 810 has
590 749 746 810 orationes
767 750 880 810 latinas
904 753 1064 833 contiguas

140 853 245 895 coram
268 840 334 894 tota
354 832 414 893 hac
434 833 656 911 Univereitete,
679 840 710 893 et
732 833 762 893 bi
784 835 891 895 iratres
913 853 975 895 noo
997 833 1064 894 inll-

141 936 225 992 mae,
248 935 306 978 nec
328 915 507 996 mediocris,
532 916 587 975 sed
610 933 749 976 summae
770 915 954 996 nobilitatis,
991 924 1065 998 puta

140 1004 261 1060 summo
284 1000 517 1079 clarissimoque
539 999 609 1059 loco
622 999 695 1073 nati,
718 1019 830 1078 nempe
852 1000 907 1074 tilii
928 1001 1064 1061 illustris-

141 1085 210 1143 simi
231 1084 377 1163 principis
410 1084 506 1143 nostri
537 1088 568 1141 et
597 1080 711 1141 domini
735 1083 773 1167 D
797 1081 943 1144 Iohannis
964 1082 1064 1144 Fride·

140 1168 195 1228 rici
219 1165 500 1239 Ducis'Saxoniae,
524 1163 676 1224 Electorie
698 1171 767 1243 etc,
794 1169 928 1227 omnium
951 1165 1064 1230 studio

141 1268 218 1327 rum,
239 1251 348 1309 artium
371 1253 402 1312 et
424 1249 566 1308 virtutum
588 1249 710 1326 patroni
731 1250 976 1328 clementissimi,
1014 1251 1064 1331 qui

141 1339 174 1393 et
193 1334 262 1413 ipse
284 1351 352 1392 cum
384 1331 503 1411 aliquot
529 1331 596 1392 aliis
625 1331 812 1411 principibus
836 1336 896 1393 una'
918 1346 1064 1414 praesens

141 1415 299 1496 audiebat,
334 1433 447 1494 magno
480 1413 532 1494 (ut
553 1412 678 1474 credere
700 1434 755 1494 par
783 1415 840 1476 tuit
861 1423 892 1476 et
913 1418 987 1477 satis
1011 1437 1064 1496 apo

142 1498 288 1581 parebat)
313 1498 438 1578 gaudio,
462 1497 580 1557 seilicet
601 1503 697 1575 pater,
719 1495 799 1558 tilios
816 1517 889 1560 euos
904 1518 941 1560 ea
965 1502 1065 1560 aetate

141 1591 203 1643 tarn
226 1581 356 1642 feliciter
394 1581 487 1660 idque
520 1578 604 1640 brevi
636 1587 776 1660 tempore
808 1583 838 1642 in
872 1582 966 1642 literis
993 1601 1065 1662 pro·

141 1667 263 1729 iecisse.
940 1684 944 1691 ·

225 1748 295 1828 Ego
325 1765 400 1807 sane
426 1747 505 1807 inter
532 1751 651 1807 ceteros
673 1746 847 1807 admirabar
869 1748 1065 1810 vehementer

142 1850 205 1892 non
240 1830 338 1891 solum
366 1832 456 1890 istam
488 1827 581 1890 animi
616 1828 854 1909 magnitudinem
888 1832 919 1891 in
952 1834 1064 1911 pueris,

142 1933 205 1993 qua
225 1914 256 1975 in
279 1913 332 1974 tali
355 1931 393 1974 ac
414 1919 501 1973 tanto
523 1912 702 1974 coetnnihil
714 1915 809 1974 territi
833 1915 925 1975 latine
947 1921 978 1975 et
989 1914 1064 1975 dex·

143 1998 265 2058 terrimo
286 1995 481 2077 perorabant,
501 1995 555 2055 sad
578 1997 669 2056 etiam
693 2003 754 2056 tam
777 2016 861 2077 pure,
882 2003 944 2058 tam
967 1999 1065 2078 gravia

143 2087 198 2157 ter,
221 2087 283 2141 tam
307 2080 449 2141 distincte
471 2097 509 2141 ac
529 2078 596 2140 lere·
614 2081 798 2158 memoriter,
820 2081 907 2160 quasi
930 2102 970 2141 ex
992 2089 1065 2143 tem·

143 2182 221 2244 pore
245 2163 516 2242 dicerent-omnia
537 2164 791 2244 pronunciabant.
945 2176 948 2185 ·
1023 2184 1026 2193 ·

225 2244 321 2307 Simul
353 2245 551 2308 succurrebat
583 2247 757 2307 recordatio
791 2248 937 2326 temporis
970 2246 1065 2326 paulo

140 2331 323 2409 superioris,
360 2330 391 2388 in
424 2348 485 2406 qno
521 2348 582 2389 non
606 2331 777 2389 invenisses
799 2349 838 2388 ex
861 2331 944 2390 omni
967 2329 1064 2412 (quod

142 2410 271 2495 dieitur)
311 2411 503 2471 multitudine
525 2410 745 2488 ecclesiastica,
768 2411 949 2472 Pontificum
973 2414 1064 2472 etiarn

142 2496 364 2571 Romanorum,
388 2493 606 2567 Cardinalium,
629 2493 865 2573 Episcoporum,
888 2495 969 2554 addo
986 2496 1065 2555 Doe:

121 2585 254 2653 ¹torum,
278 2584 308 2638 et
330 2578 503 2655 quicunqne
527 2575 695 2635 voluissent
718 2573 852 2655 denique
873 2577 980 2640 audire
994 2578 1065 2655 doeg

143 2662 255 2722 tissimi
275 2662 355 2721 inter
377 2678 449 2739 eos,
479 2659 530 2738 qni
553 2658 614 2719 tale
636 2658 750 2737 aliquid
773 2667 929 2738 praestare
952 2663 1065 2741 pot-uis·

142 2750 199 2808 sat.
244 2744 334 2805 Certe
357 2761 499 2822 magnum
522 2741 614 2801 decus
629 2761 833 2823 magnamque
854 2743 983 2822 gloriam
1001 2744 1064 2804 lite·

163 2922 582 2944 ...-·-...-..-..-....s......--·.

142 3057 208 3111 pum
225 3041 361 3096 iuniorum
381 3037 744 3095 Saxoniaelo.FridericilI
763 3044 791 3093 et
808 3039 848 3094 Ic.
865 3037 1000 3097 Willrelmi
1011 3037 1066 3093 fra-

143 3121 215 3166 trum
233 3113 466 3180 Deolamationes,
488 3127 603 3181 quarum
622 3116 678 3166 est:
701 3111 730 3180 l)
752 3110 787 3165 de
806 3110 872 3166 boni
882 3109 1015 3180 principis
1026 3109 1066 3164 ol-

142 3179 216 3249 ficio,
234 3184 268 3253 2)
289 3183 324 3240 de
343 3185 409 3238 divo
429 3183 564 3255 Georgia,
584 3185 615 3245 3)
637 3181 672 3236 de
691 3181 826 3251 dignitate
845 3183 936 3252 legum
956 3198 1066 3237 conser-

142 3257 252 3322 vanda,
283 3256 316 3325 4)
337 3256 505 3326 gratulatio,
541 3270 597 3324 qua
615 3260 721 3321 patrem
741 3270 819 3309 suum
839 3252 915 3308 ¹olem.
934 3252 1066 3309 lofrid.

143 3329 205 3383 duc.
226 3327 289 3382 Sax.
309 3329 420 3383 elector.
432 3328 565 3382 victorem
585 3326 761 3394 aBrunsvig.
781 3326 938 3380 redeuntem
950 3326 1066 3393 excepit.

144 3399 275 3455 Wittenb.
302 3401 382 3466 1543,
407 3402 432 3457 8.
473 3403 523 3466 (ci.
542 3397 647 3454 Waleh.
673 3397 776 3452 introd.
805 3398 834 3451 in
860 3398 892 3452 Τ.
911 3398 976 3453 XlV
995 3397 1067 3466 Opp.

143 3471 222 3526 Lutb.
241 3488 267 3540 p.
287 3472 349 3536 40).
385 3471 483 3527 Latine
501 3470 625 3527 redditur
644 3469 714 3525 naec
732 3467 870 3537 praefatio
888 3468 915 3524 in
935 3470 980 3526 ed.
996 3469 1067 3538 Opp.

142 3543 223 3598 Loth.
242 3544 299 3599 Ian.
326 3557 351 3596 a.
384 3545 463 3602 1558.
483 3543 562 3601 Tom.
581 3541 619 3595 lv
665 3543 756 3608 Aoo,
781 3542 937 3609 germanice
965 3556 1068 3596 excusa

140 3614 278 3671 invenitur
308 3616 383 3684 apud
402 3614 520 3679 Walch„
553 3613 585 3668 T.
602 3557 678 3680 xli,
697 3631 725 3682 p.
745 3614 813 3681 381,
833 3619 862 3670 et
879 3613 907 3668 in
927 3615 971 3670 ed.
992 3613 1065 3683 Lips.

142 3687 212 3757 Opp.
231 3684 312 3741 Luth.
331 3684 463 3758 Append.
488 3689 520 3742 T.
540 3685 616 3740 xxn
633 3702 660 3754 p.
682 3686 741 3742 134.
777 3685 834 3740 Nos
853 3691 956 3750 textum
975 3685 1065 3742 reddi·

143 3759 233 3819 dimus
251 3758 403 3820 secundum
430 3759 495 3817 edit.
516 3758 585 3833 Opp.
603 3755 685 3817 Luth.
704 3757 856 3814 lonensem.

793 3829 857 3896 36*
