2348 4162
122 260 165 329 14
351 269 352 274 ’
464 258 593 320 normata
608 257 711 321 missso

124 444 217 507 quor,
246 427 298 505 qui
329 426 537 488 inverecunde
571 433 602 488 et
623 428 689 488 sine
710 427 820 487 timore
842 433 994 508 peceant,
1016 433 1047 489 et

61 510 66 521 '
123 508 288 589 magnifiee
310 509 405 571 nihilo
428 510 528 570 minus
551 511 589 572 de
610 510 780 590 Evangelio
801 511 926 573 iactant.

207 592 326 653 Deinde
348 592 399 654 ubi
421 594 514 667 Missa
538 595 718 674 celebratur,
742 595 895 675 convenit,
917 601 1045 657 utoom-

123 676 304 736 munianturi
326 695 463 736 seorsum
475 690 538 736 uno
558 677 627 737 loon
651 683 682 737 et
703 696 764 736 una
782 677 872 738 turba
893 685 1045 739 constent.

123 758 171 819 Ad
194 759 255 819 hoo
283 760 364 819 enim
386 765 539 839 repertum
567 768 612 819 est
633 761 746 836 altore,
781 767 918 840 repertus
948 771 995 822 est
1015 768 1047 821 et

123 841 243 906 ohorus.
273 841 342 902 Non
357 843 438 922 quod
458 842 538 921 apud
553 843 648 902 Deum
661 842 775 921 aliquid
788 845 840 921 sit,
863 844 912 904 hio
925 845 973 904 vet
996 845 1046 922 hio

123 927 255 1000 stetisse,
280 933 332 986 aut
354 924 519 1004 quidquam
542 925 614 986 fidei
637 927 707 984 hino
723 926 862 1006 socedat,
883 926 937 988 sed
961 927 1045 1007 quod

98 1073 101 1078 Α
124 1011 267 1088 oporteat
288 1027 343 1069 eos
365 1010 467 1088 palam
488 1007 583 1068 videri
607 1011 638 1069 et
658 1011 745 1069 nosei
778 1017 839 1069 tam
861 1009 900 1071 ab
922 1012 970 1090 iis,
993 1012 1044 1089 qui

124 1092 460 1171 communicentquam
473 1090 511 1151 ab
524 1092 570 1165 iis,
589 1093 639 1170 qui
656 1111 716 1151 non
731 1094 968 1171 communicant,
983 1112 1045 1172 quo

124 1173 237 1235 deinde
255 1192 360 1235 eorum
377 1176 438 1234 vita
454 1193 576 1253 quoque
592 1175 699 1234 meiius
715 1173 809 1235 videri
827 1183 858 1235 et
875 1176 997 1256 probari
1014 1183 1044 1237 et

123 1256 213 1339 prodi
224 1258 328 1337 possit.
343 1255 1046 1338 Nemhuiusoommunioannaeestparsoon-

123 1339 1046 1420 fessionis,quaooramDe0,angeiisethomiuibusseseoon·

96 1490 99 1494 Α
124 1422 531 1484 fitenturessesshristianos.
544 1423 1045 1504 ideocurandum,nevelutfurtim

124 1507 266 1568 auferant
288 1507 439 1586 Coenam,
468 1515 498 1568 et
520 1506 631 1567 deinde
654 1509 732 1567 inter
754 1507 832 1567 alios
852 1510 937 1568 mixti
958 1510 1045 1590 igno·

125 1603 246 1670 rentur,
270 1609 309 1649 an
332 1591 411 1650 bene
443 1591 493 1651 vet
527 1591 607 1651 male
633 1592 747 1650 vivant.
791 1589 972 1671 Quanquam
1003 1611 1043 1651 ne

124 1673 174 1734 hio
196 1672 318 1752 quidem
341 1675 440 1753 legem
463 1673 557 1752 figere
579 1675 680 1751 veiim,
704 1672 759 1734 sed
780 1672 810 1733 id
833 1673 932 1735 sotum
959 1693 1046 1735 mon-

125 1763 231 1834 strare,
254 1757 344 1836 quod¹
358 1757 521 1819 honestum
543 1775 581 1818 ao
603 1757 748 1818 denorum
770 1759 808 1818 sit
829 1777 849 1818 a
864 1757 1044 1819 Christianis

126 1840 230 1900 liberis
253 1841 347 1900 tibere
369 1841 526 1921 praestari.

210 1922 257 1983 De
273 1924 468 1984 confessione
489 1942 563 1983 vero
578 1923 696 2003 privata
711 1929 783 1985 ante
795 1925 1044 1985 communionem

127 2007 237 2086 sentin,
260 2008 339 2066 sieut
360 2007 507 2067 haetenus
528 2005 619 2066 dooui
630 2052 639 2086 ,
668 2024 737 2067 esse
760 2025 828 2066 eam
851 2008 968 2069 soitioet
989 2026 1047 2067 nea

126 2092 342 2166 neeessariam,
364 2108 422 2150 nee
443 2089 644 2169 exigendam,
672 2090 776 2151 utilem
805 2096 908 2152 tamen
931 2098 963 2151 et
983 2109 1046 2150 non

127 2172 384 2234 contemnendam
396 2220 405 2254 ,
434 2174 559 2250 quando
582 2190 640 2233 neo
661 2172 760 2252 ipsam
783 2173 921 2235 Coenam
944 2173 1047 2234 Domi·

127 2275 184 2317 nus
214 2258 388 2317 neeessario
421 2257 560 2336 exegerit
588 2262 641 2316 aut
666 2253 736 2337 lege
765 2255 957 2333 firmaverit,
993 2255 1047 2316 sed

128 2341 239 2419 suique
261 2336 424 2422 liberaml)
447 2340 620 2418 permiserit
642 2338 766 2404 diosus:
796 2338 1048 2421 Quotiescunque

129 2422 206 2484 haee
228 2422 359 2483 feceritis
383 2431 440 2485 eto.

211 2505 262 2567 Sia
284 2505 322 2566 de
343 2506 578 2587 praeparatione
599 2504 638 2566 ad
651 2505 787 2566 Coenam
801 2504 881 2566 hano
899 2506 1046 2587 sapimus,
1062 2575 1065 2581 ³

128 2596 161 2648 ut
183 2589 309 2649 liberum
325 2591 364 2649 sit
385 2590 498 2650 ieiunio
514 2595 544 2650 et
561 2589 749 2651 orationibus
764 2607 833 2649 sese
847 2607 1049 2670 componere.

129 2671 257 2734 Sobrius
286 2678 368 2733 oerte
391 2680 514 2754 oportet
535 2672 644 2733 adesse
666 2681 697 2733 et
717 2671 841 2734 sedulos
865 2692 902 2733 ao
923 2671 1050 2752 diligen·

129 2764 194 2831 tes‚
222 2763 255 2815 ut
278 2757 412 2818 maxime
434 2756 508 2816 nihil
529 2757 647 2816 ieiunas
669 2762 722 2815 aut
743 2774 849 2836 parum
873 2774 952 2816 ores.
996 2754 1051 2816 So·

130 2838 289 2900 brietatem
312 2859 385 2902 raro
408 2838 477 2902 dian
505 2857 566 2900 non
599 2837 680 2898 ittam
704 2839 947 2918 superstitiosam
962 2837 1050 2918 Papi-

129 2928 254 3000 starum,
276 2923 330 2984 sed
355 2943 395 2984 ne
427 2920 552 3003 orapula
574 2923 695 2982 ruotues
724 2929 755 2981 et
776 2921 910 2985 distento
942 2929 1049 2983 ventre

127 3007 295 3086 pigresoas.
339 3006 417 3068 Nam
443 3007 560 3086 optima
586 3008 782 3085 praeparatio
812 3013 858 3066 ast
892 3003 939 3089 (ut
967 3004 1047 3076 dixi)

129 3094 248 3166 anima,
272 3091 422 3170 persentis,
445 3096 557 3168 morte,
582 3089 800 3149 tentationibus
823 3091 953 3169 agitata,
982 3106 1049 3149 ssu-

130 3173 211 3233 riens
234 3181 265 3233 et
285 3175 389 3233 sitiens
404 3171 555 3234 medelam
579 3179 610 3231 et
631 3172 732 3236 robur.
767 3172 880 3233 Verum
904 3170 1051 3252 quidquid

131 3258 305 3318 est'harum
328 3275 443 3336 rerum,
467 3254 505 3316 ad
529 3254 717 3335 Episcopum
740 3259 880 3336 pertinet,
903 3263 935 3316 ut
958 3272 1052 3333 popu·

132 3339 195 3401 lum
219 3341 338 3405 dooeat.

214 3423 245 3483 td
268 3441 349 3482 nuno
375 3420 524 3502 reliquum
548 3429 609 3502 est,
643 3441 681 3482 an
710 3428 870 3500 utramque
903 3420 1053 3500 speeiem,

132 3515 165 3569 ut
186 3512 308 3585 vooant,
330 3506 445 3586 populo
469 3505 630 3565 ministrari
653 3504 814 3586 oporteat?
857 3503 914 3565 Hia
936 3504 983 3563 sio
1007 3500 1052 3563 di·

131 3609 181 3668 no,
202 3597 364 3669 postquam
388 3587 590 3669 Evangelium
623 3606 704 3649 nuno
733 3587 858 3650 biennio
882 3593 948 3649 toto
971 3584 1052 3667 apud

148 3792 154 3851 g
206 3782 236 3848 1)
258 3778 289 3834 In
309 3780 352 3836 sd.
373 3779 456 3852 arip:
477 3742 603 3836 liberum.
