2348 4162
336 243 373 299 ad
391 244 426 300 D.
446 245 588 301 Erasmum
606 245 832 302 Roterodamum.
902 278 906 283 ·
988 246 1050 313 319

126 431 294 493 possumus
315 413 458 475 admirari
479 415 716 496 negligentiam,
740 417 792 495 qui
815 436 884 478 cum
906 417 945 478 de
963 417 1050 479 liberi

127 496 242 558 arbitrii
264 499 296 559 vi
316 498 501 559 instituisses
524 498 667 578 scribere,
689 500 796 561 scribis
820 500 859 562 de
880 502 910 561 vi
933 503 1050 583 gratiae

128 579 202 662 Dei,
231 582 353 661 deinde,
375 600 412 643 ac
433 583 459 642 si
470 600 578 659 omnes
599 583 740 644 homines
767 587 872 646 essent
899 586 997 646 trunci
1019 593 1050 645 et

128 664 266 746 lapides,
288 665 383 727 audes
405 666 435 724 in
458 665 583 745 publico
605 665 717 745 dicere,
740 667 869 728 liberum
893 667 1048 729 arbitrium
1125 665 1127 669 ’

128 750 219 808 statui
247 768 302 829 per
324 749 395 810 loos
416 747 606 829 Scripturas,
640 768 719 829 quae
752 751 899 811 auxilium
931 753 1049 832 gratiae

128 832 184 893 Dei
206 832 437 909 commendant,
458 851 517 892 nec
537 833 637 893 solum
660 833 846 913 bocardes,
868 833 923 895 sed
947 842 977 894 et
998 855 1048 894 err·

128 916 251 976 comion
275 922 382 978 cantas
403 917 503 976 victor
524 916 1048 999 triumphatorquegloriosissimus.

128 998 216 1059 lirina
236 1019 310 1061 vere
331 1000 396 1060 scio
419 1018 458 1059 ex
471 999 532 1060 hoc
552 1001 621 1079 ipso
642 999 724 1061 dicto
747 1008 778 1061 et
787 1001 869 1062 lacto
892 1009 954 1079 tuo,
977 1002 1048 1080 quid

128 1083 165 1143 sit
192 1089 226 1143 et
259 1083 363 1144 valeat
396 1081 524 1143 liberum
546 1084 720 1164 arbitrium,
758 1085 876 1145 scilicet
907 1086 1047 1148 insanire.

129 1163 208 1239 Quid
231 1185 300 1227 esse
320 1172 438 1246 potest,
461 1184 594 1249 quaeso,
616 1168 647 1226 in
671 1174 710 1246 te,
734 1168 816 1247 quod
840 1170 884 1229 sic
905 1167 1049 1248 loquitur,

128 1251 182 1310 nisi
203 1251 306 1331 ipsum
329 1250 457 1311 liberum
479 1249 658 1314 arbitrium?

207 1333 292 1393 Audi
329 1340 431 1395 tamen
477 1339 547 1392 tuas
594 1335 844 1412 consequentias:
893 1333 1049 1414 Scriptura

128 1417 325 1479 sommendat
345 1417 477 1498 gratiam
497 1416 566 1495 Dei,
589 1435 663 1496 ergo
683 1415 795 1496 probat
819 1416 949 1478 liberum
971 1419 1047 1478 arbi·

127 1501 226 1581 trium,
249 1500 445 1560 commendat
459 1499 605 1560 auxilium
628 1501 746 1580 gratiae
757 1501 824 1578 Dei,
847 1519 921 1579 ergo
943 1503 1049 1561 statuit

127 1583 254 1644 liberum
276 1583 442 1645 arbitrium.
486 1581 555 1657 Qua
576 1582 739 1647 dialectica
757 1583 888 1643 didicisti
910 1583 964 1642 bas
986 1584 1048 1644 col-

127 1667 297 1728 lectiones?
340 1666 401 1727 Gur
412 1684 476 1725 non
489 1672 609 1726 contra:
633 1665 741 1726 Gratia
753 1666 955 1746 praedicatur,
972 1685 1046 1746 ergo

126 1749 255 1811 liberum
276 1751 432 1811 arbitrium
444 1749 569 1829 tollitur,
592 1749 738 1810 auxilium
761 1751 879 1830 gratiae
892 1768 1047 1810 commen·

126 1833 229 1914 detur,
253 1853 327 1914 ergo
350 1834 477 1893 liberum
500 1833 656 1893 arbitrium
679 1833 860 1893 destruitur?
905 1833 952 1893 Ad
975 1834 1046 1912 quid

126 1919 206 1978 enim
244 1918 398 1978 confertur
429 1915 546 1996 gratia?
590 1916 639 1977 An
671 1917 808 1994 adhoc,
841 1922 874 1977 nt
903 1915 1048 1996 superbia

124 2001 209 2061 liberi
231 1999 345 2061 arbitrii
368 2020 422 2080 per
444 2017 513 2059 sese
534 2001 609 2059 satis
631 1999 747 2060 robusti
770 2001 868 2080 gratia
890 1999 973 2060 velut
994 2020 1045 2060 su-

123 2083 243 2165 perfluo
273 2088 454 2144 ornamento
487 2081 594 2143 diebus
623 2082 859 2143 bacchanalibus
881 2085 993 2163 gestiat
1015 2090 1046 2144 et

123 2167 218 2231 ludat.
262 2166 364 2242 Quare
391 2173 422 2227 et
453 2185 512 2247 ego
535 2167 684 2226 invertam
708 2166 940 2245 collectionem,
974 2166 1047 2227 licet

123 2270 184 2312 nou
207 2249 323 2331 rhetor,
345 2249 471 2310 firmiori
486 2257 587 2310 tamen
600 2250 753 2310 rhetorica
776 2268 866 2329 quam
879 2252 926 2310 tu:
949 2248 1046 2324 Quot-

122 2340 197 2415 quot
219 2341 290 2394 sunt
312 2334 383 2394 loca
404 2335 435 2392 in
457 2330 619 2412 Scripturis
642 2332 768 2411 divinis,
798 2351 878 2412 quae
899 2335 1045 2393 memine-

121 2425 192 2479 runt
214 2417 331 2497 auxilii,
354 2423 400 2478 tot
421 2422 501 2495 sunt,
523 2434 603 2494 quae
618 2416 728 2475 tollunt
739 2415 865 2476 liberum
878 2415 1043 2478 arbitrium.

122 2502 225 2581 Atque
246 2520 284 2561 ea
305 2506 376 2560 sunt
395 2498 639 2561 innumerabilia.
682 2498 789 2577 Itaque
810 2501 925 2577 vicero,
948 2501 974 2559 si
996 2519 1045 2560 res

122 2586 302 2645 aestimetur
329 2585 574 2644 testimoniorum
602 2593 739 2642 numero.
782 2580 863 2643 Nem
886 2582 956 2643 ideo
978 2603 1044 2662 gra-

123 2669 164 2729 tia
186 2687 266 2747 opus
290 2673 346 2746 est,
367 2667 437 2728 ideo
461 2666 608 2727 auxilium
632 2667 937 2745 gratieeconlertnr,
961 2664 1045 2745 quod

122 2751 250 2812 liberum
273 2750 427 2812 arbitrium
450 2770 504 2831 per
526 2768 595 2810 sese
618 2748 692 2809 nibil
706 2749 820 2829 possit,
848 2756 889 2828 et,
912 2752 944 2809 ut
965 2751 1043 2829 ipse·

122 2844 185 2895 met
207 2835 299 2914 dixit,
331 2835 477 2914 opinione
498 2833 551 2892 illa
572 2832 722 2913 probabili
751 2852 813 2893 non
846 2834 945 2913 possit
966 2832 1045 2893 velle

121 2916 247 2980 bonurn.
290 2917 514 2979 commendata
544 2917 647 2995 itaque
680 2917 778 2995 gratia
809 2923 840 2976 et
866 2916 1043 2996 praedicato

122 2996 239 3061 aux'ilio
263 3001 380 3081 gratias
402 2999 491 3060 simul
513 2999 697 3079 impotentia
720 2998 805 3059 liberi
821 2998 937 3062 arbitrii
958 3018 1044 3080 prse-

122 3083 251 3145 dicatur.
296 3083 381 3144 Haec
404 3091 452 3144 est
474 3102 550 3144 sana
563 3083 705 3143 collectio
728 3088 759 3142 et
775 3090 842 3144 rata
855 3101 1045 3162 consequen-

119 3170 172 3250 tis,
196 3186 288 3248 quam
311 3185 369 3227 nec
390 3167 556 3227 inferorum
580 3171 689 3246 portae
712 3165 898 3228 subvertent.

203 3250 262 3311 Hic
282 3249 375 3311 finem
396 3269 546 3331 ponemus
580 3249 780 3313 defendendis
801 3250 914 3311 nostris
936 3270 955 3311 a
978 3250 1042 3310 dia·

120 3334 199 3395 tribe
220 3334 395 3414 confutatis,
417 3354 457 3395 ne
480 3332 556 3394 liber
578 3339 698 3393 crescat
711 3334 741 3393 in
763 3333 971 3414 immodicum,
995 3353 1043 3393 ce-

121 3425 203 3496 tera,
237 3418 263 3477 si
286 3436 366 3496 quae
394 3416 488 3498 digne
515 3422 603 3490 sunt,
631 3416 710 3475 inter
745 3416 912 3477 asserenda
937 3423 1043 3476 nostra

120 3501 341 3563 tractabuntur.
385 3500 463 3561 Nam
486 3500 567 3578 quod
591 3499 735 3559 Erasmus
757 3501 788 3559 in
802 3500 936 3580 Epilogo
958 3519 1042 3580 repe·

120 3586 172 3664 tit,
206 3586 233 3644 si
254 3592 361 3646 nostra
395 3590 455 3645 stet
477 3583 647 3661 sententia,
669 3581 778 3642 frustra
796 3602 866 3643 esse
889 3590 935 3643 tot
956 3603 1042 3664 prae·

120 3675 221 3750 cepta,
245 3675 291 3729 tot
312 3669 420 3749 minas,
443 3672 491 3729 tot
512 3667 743 3747 promissiones,
764 3685 823 3727 nec
838 3667 963 3747 meritis,
985 3686 1043 3728 nec

120 3753 285 3834 demeritis,
308 3772 366 3814 nec
377 3753 531 3832 praemiis,
554 3769 612 3812 nec
622 3748 779 3830 suppliciis
790 3751 892 3811 locum
901 3750 1042 3833 relinqui,
