2348 4162
434 282 439 290 -
511 239 545 303 t.
565 240 645 302 roae.
972 235 1035 307 497

109 411 238 475 lebuini
271 409 387 475 audivit
419 430 501 475 anno
522 411 641 475 HDXX
663 409 784 473 decimo
807 409 935 474 Galend.
958 410 1036 472 lllar·

111 497 172 559 tias
194 494 438 578 Noviomagus).

499 778 537 842 A.
561 779 653 844 1523.

111 940 149 1028 ’4)
172 941 414 1020 Praelatio¹)
444 945 483 1011 D.
505 945 545 1007 Μ.
568 942 730 1006 Lutheri
759 944 796 1005 in
818 943 1036 1005 Meditatio-

109 1046 181 1089 nes
204 1027 350 1089 Psalmi
377 1028 416 1092 51
445 1028 590 1089 Fratris
614 1028 837 1109 Hieronymi
869 1027 1036 1088 Savaria·

110 1108 264 1193 rolas2)
289 1131 308 1171 a
329 1111 431 1192 Papa
453 1112 595 1192 exusti,
624 1113 675 1191 qui
698 1111 775 1171 liber
797 1130 879 1173 anno
904 1111 1036 1176 1523111

110 1194 216 1255 lucem
238 1193 351 1274 prodiit
372 1195 427 1255 sub
449 1195 509 1255 hac
530 1195 745 1275 inscriptione:

156 1275 339 1357 Hieronymi
361 1277 580 1355 Savanarolae,
603 1295 622 1336 a
643 1296 725 1358 papa
747 1279 857 1355 exusti,
880 1275 1037 1337 meditatio

156 1361 210 1440 pia
232 1367 264 1421 et
286 1359 405 1422 erudits'
434 1380 525 1442 super
569 1359 699 1421 salmoe:
733 1361 972 1421 misereremei:
1005 1360 1036 1420 in

157 1449 189 1503 te
211 1442 344 1505 Domine
366 1446 498 1525 speravi.
540 1378 686 1504 Hittenb.
712 1446 802 1524 1523,
824 1446 853 1507 4.
876 1440 931 1526 (cl.
954 1439 1036 1505 Wal-

159 1525 219 1587 chii
241 1526 353 1590 introd.
375 1529 406 1588 in
429 1525 509 1610 Opp.
533 1525 620 1588 Luth.
641 1526 677 1588 T.
698 1526 769 1588 XlV
791 1545 822 1608 p.
842 1525 911 1607 22.)
996 1594 998 1598 ,

532 1691 630 1756 Iesus.

202 1825 309 1888 Gratia
330 1835 361 1888 et
383 1847 445 1908 pax
466 1829 497 1888 in
519 1829 650 1890 Christo.
680 1826 894 1888 Meditationes
915 1834 1038 1887 sanctas

114 1910 207 1971 huius
232 1911 330 1971 sancti
354 1911 408 1971 viri
424 1911 602 1993 Hieronymi
624 1909 833 1971 Savanarolae
857 1910 920 1990 tibi,
942 1911 1041 1972 lector

117 1994 246 2076 optime,
270 1993 460 2075 exhibemus,
482 2013 544 2074 quo
557 1999 588 2055 et
602 1993 664 2053 hoc
674 1993 817 2074 exemplo
828 1993 943 2074 videas,
966 2013 1039 2074 qua-

116 2076 163 2137 les
186 2077 268 2138 viros
291 2077 420 2158 perdere
442 2077 541 2139 soleat
568 2076 746 2159 perditionis
775 2076 828 2137 illa
856 2077 945 2138 sedes
967 2079 1040 2138 abo-

118 2159 285 2241 minabilis,
308 2161 414 2242 vipera
437 2163 518 2222 euim
543 2160 692 2240 quaedam
717 2181 758 2220 ex
773 2179 878 2221 eorum
902 2180 1039 2241 numero,

118 2242 180 2326 qui¹
194 2243 283 2304 titulo
301 2243 453 2304 Francisci
472 2244 615 2305 inflantur
637 2250 669 2303 et
687 2250 819 2323 turgent,
841 2245 922 2303 hunc
944 2246 1040 2304 virum
1059 2304 1063 2309 ,

142 2324 292 2387 crdidis'se
320 2326 445 2403 dicitur,
479 2328 565 2388 nulla
595 2326 701 2406 culpa,
730 2327 788 2385 nisi
818 2328 901 2404 quod
923 2326 1041 2386 Lernae

118 2345 281 2470 Homauae
317 2410 445 2490 optabat
480 2417 686 2490 purgatorem.
729 2408 770 2468 Ht
797 2428 889 2469 ausus
918 2409 1040 2488 quidem

120 2498 187 2553 tum
209 2491 265 2552 fnit
286 2494 481 2554 antichristus
515 2493 567 2552 ille
599 2510 723 2571 sperare
755 2493 933 2553 memoriam
966 2493 1042 2552 lauti

119 2575 178 2637 viri
200 2577 384 2636 exstinctum
404 2576 449 2655 iri,
472 2577 562 2636 etiam
576 2574 631 2636 sub
645 2572 870 2654 maledictione,
892 2575 946 2636 sed
969 2594 1043 2638 ecce

117 2659 205 2738 vivit,
228 2665 259 2719 et
281 2660 428 2720 memoria
450 2660 515 2720 eius
536 2660 566 2719 in
590 2656 805 2719 benedictione
828 2665 883 2718 est.
911 2658 1042 2719 Canoni-

119 2748 169 2803 sat
186 2761 255 2801 eum
275 2741 376 2823 (quod
389 2741 492 2824 aiunt)
508 2742 686 2802 Christus
704 2760 759 2821 per
776 2759 842 2821 uos,
864 2749 1043 2821 rumpantur

119 2824 214 2886 eliam
244 2823 351 2905 Papae
384 2833 414 2886 et
438 2825 582 2906 Papistae
615 2824 714 2887 simul.
758 2823 878 2884 Deinde
915 2831 947 2884 et
983 2824 1043 2884 hoc

121 2906 302 2969 observabis
332 2910 361 2969 in
391 2909 455 2968 istis
479 2907 754 2985 lucubrationibus,
784 2925 876 2986 quam
898 2907 984 2968 nulla
1005 2908 1045 2967 sit

120 2989 221 3071 gloria
244 3011 372 3072 operum
395 2992 425 3051 in
441 2998 608 3072 conspectu
623 2990 692 3070 Dei,
715 2998 746 3051 et
763 3009 854 3070 quam
870 2991 1043 3051 necessaria

118 3073 190 3135 sola
212 3079 243 3134 et
264 3074 364 3135 solida
385 3073 461 3136 fides
481 3073 709 3135 misericordiae
731 3074 798 3133 Dei
822 3075 889 3135 sine
902 3072 1043 3135 omnibus

119 3156 265 3237 operibus
290 3156 417 3240 (quibus
446 3156 497 3219 lidi
519 3156 631 3238 possit)
667 3158 697 3216 in
729 3156 842 3217 iudicio
877 3165 906 3218 et
936 3162 1044 3235 morte,

119 3239 246 3320 quando
273 3241 323 3301 hic
350 3246 380 3302 et
409 3242 508 3321 ipsam
531 3240 622 3302 fldem
647 3241 746 3300 cernis
768 3239 876 3300 luctari
899 3247 931 3301 et
952 3261 1045 3321 aegre

125 3343 274 3404 superare
296 3325 497 3406 perverbum
520 3324 594 3405 Dei,
623 3328 741 3385 tantum
764 3324 868 3406 abest,
896 3330 929 3385 ut
950 3345 1045 3407 opera

194 3558 223 3627 1)
242 3557 300 3614 Nos
318 3563 423 3614 textum
441 3558 619 3628 repetivimus
639 3574 674 3614 ex
691 3558 779 3614 Temo
804 3559 906 3630 altero,
937 3577 965 3630 p.
985 3563 1045 3631 125,

120 3626 312 3699 Epistularum
340 3631 374 3686 D.
402 3631 482 3685 Mart.
508 3630 622 3687 Luthcri
640 3631 684 3688 ed.
704 3630 740 3686 ab
759 3632 863 3688 Ioanne
881 3632 1046 3703 Aurifabr03

122 3705 285 3774 germanice
313 3702 439 3758 redditur
462 3701 534 3759 haec
557 3702 694 3773 praefatio
722 3703 750 3758 in
779 3705 822 3760 ed.
848 3706 954 3764 Walch.
975 3706 1047 3778 opp.

122 3774 204 3830 luth.
222 3774 302 3830 Tom.
322 3777 391 3846 XIV,
414 3791 442 3846 p.
461 3776 523 3832 223.
543 3805 577 3816 -
596 3778 626 3842 2)
644 3774 750 3832 nunt:
771 3776 969 3835 Savanorolae.

155 3880 247 3924 Lutberl
262 3891 316 3933 opp.
329 3882 356 3925 V.
370 3881 397 3923 A·
413 3882 443 3923 ad
455 3882 497 3924 rel.
511 3881 563 3924 bist.
576 3883 592 3927 l.
606 3893 629 3934 p.
642 3882 693 3926 Vol.
706 3883 758 3927 vu.
885 3853 930 3917 Ὧν
