2348 4162
452 252 481 306 et
498 245 706 335 communionis.
1000 246 1040 318 15

122 437 178 480 nos
192 419 380 481 inculcatum
403 423 460 498 est,
484 419 558 480 satis
570 420 659 480 simul
671 418 819 481 indultum
843 425 884 495 et,
894 418 1040 482 donatum

122 509 168 563 est
188 502 376 582 infirmitati,
406 500 550 583 deinceps
572 503 724 585 agendum
758 513 804 564 est
848 506 935 566 iuxta
965 505 1040 566 illud

122 586 214 647 Pauli.
244 586 304 662 Qui
325 589 457 670 ignorat,
479 587 610 666 ignoret,
632 590 783 647 necenim
803 589 904 668 refert,
927 589 951 647 si
965 607 1039 649 neu·

121 678 195 730 tram
232 673 369 750 speciem
407 670 560 750 accipiant
591 670 720 748 denuo,
753 671 804 749 qui
835 671 1038 750 Evangelium
1148 725 1150 729 ,

122 760 206 813 tanto
230 761 371 834 tempore
394 770 456 812 non
480 760 707 834 cognovesunt,
730 754 769 814 ne‘
790 754 870 815 forte
890 763 1040 836 perpetua

120 836 303 897 infirmitatis
325 837 487 898 tolerantia
509 837 707 914 pertinaciam
741 838 802 896 alat
840 845 871 897 et
893 837 1039 899 adversus

121 919 325 1000 Evangelium
347 918 551 999 ‘praescr-ibat.
606 918 708 994 Quare
741 919 920 1000 simpliciter
953 923 1039 982 iuxta

121 1005 289 1063 institutum
313 1002 422 1063 Christi
447 1004 714 1083 utraquespecies
738 1010 768 1063 et
789 1011 919 1084 petatur,
942 1012 973 1064 et
987 1005 1039 1064 mi·

122 1089 274 1146 nistretur.
318 1086 376 1160 Qui
398 1086 458 1148 hoc
480 1086 643 1165 noluerint,
666 1088 802 1146 sinantur
824 1086 891 1167 sibi,
914 1095 945 1147 et
966 1088 1039 1148 nihil

122 1166 306 1230 ministretur
319 1170 401 1248 ipsis.
435 1168 513 1227 Nam
527 1168 608 1227 hanc
625 1169 736 1230 Missae
752 1171 881 1230 lerinam
893 1171 930 1231 iis
954 1189 1040 1252 prae-

123 1260 337 1331 monstremus,
360 1253 468 1330 quibus
490 1250 692 1331 Evangelium
705 1255 922 1313 annunciatum
937 1265 968 1315 et
988 1254 1041 1315 oli·

122 1357 179 1416 qua
200 1334 328 1416 portel)
354 1336 510 1414 cognitum
534 1342 590 1397 est.
622 1333 679 1408 Qui
701 1356 774 1397 vero
797 1336 932 1397 nondum
957 1337 1041 1398 audi·

122 1431 208 1480 ernnt
229 1437 289 1478 nec
311 1435 501 1498 cognoscere
522 1423 701 1502 potuerunt,
730 1422 766 1478 iis
797 1419 932 1480 nondum
956 1420 1039 1499 quid·
1123 1440 1126 1445 ·

122 1523 208 1583 qnam
232 1502 321 1561 huius
342 1502 386 1560 rei
410 1499 529 1561 consuli
549 1506 660 1580 potest.

201 1586 268 1646 Nec
290 1602 473 1663 quemquem
496 1583 526 1642 id
550 1585 664 1644 morari
687 1583 796 1665 debet,
826 1584 907 1664 quod
930 1585 1039 1655 Conci·

123 1670 191 1730 lium
225 1671 362 1745 iactant,
397 1670 427 1726 in
459 1683 520 1745 qno
550 1666 581 1724 id
607 1686 725 1727 rursum
756 1669 847 1727 licere
877 1670 1040 1733 sanciatur.

122 1749 186 1815 Nos
209 1751 321 1812 Christi
348 1752 394 1809 ins
422 1749 592 1827 hebemus,
616 1756 647 1810 et
669 1750 807 1811 Concilio
843 1769 901 1811 nec
929 1753 1040 1811 morari

123 1854 177 1896 nec
198 1834 306 1894 audire
333 1832 488 1911 volumus,
515 1833 546 1890 in
575 1833 647 1912 his,
677 1852 756 1912 quae
785 1835 943 1895 manifeste
969 1841 1040 1894 sunt

123 1917 293 1999 Evangelii.
325 1914 405 1990 Quin
430 1915 560 1994 amplius
578 1915 718 1977 dicimus:
744 1916 775 1976 Si
795 1936 855 1997 quo
870 1937 944 1978 casn
960 1917 1038 1978 Con-

123 2002 222 2063 cilium
246 2000 277 2060 id
299 1997 484 2072 statueret2)
514 2007 568 2058 sut
589 2000 792 2082 permitteret,
820 2009 892 2060 tune
914 2003 1037 2064 minime

123 2087 256 2146 omnium
271 2101 328 2144 nos
347 2082 425 2143 velle
440 2089 569 2160 utraque
586 2085 690 2162 specie
700 2085 801 2164 potiri,
813 2086 876 2144 imo
891 2093 962 2144 tunc
975 2085 1037 2164 pri-

123 2189 200 2229 mum
224 2168 255 2227 in
280 2167 457 2244 despectum
491 2171 552 2223 tam
584 2165 715 2227 Concilii
742 2185 833 2246 quem
864 2169 966 2227 statuti
991 2168 1037 2226 sui

122 2253 270 2327 vellemus
292 2257 346 2310 aut
367 2243 557 2330 alterutral)
582 2256 698 2308 tanturn
721 2261 773 2310 aut
795 2259 915 2331 neutra,
937 2257 968 2311 et
988 2269 1039 2310 nc·

122 2354 273 2415 quaquam
298 2342 426 2412 utreque
447 2332 549 2411 potiri,
572 2352 609 2392 ac
629 2333 722 2413 plane
744 2352 798 2394 eos
813 2333 1039 2394 anathemaha·

122 2417 206 2496 bere,
230 2419 405 2496 quicunque
428 2416 591 2475 autoritate
619 2417 687 2477 talis
710 2417 840 2478 Concilii
862 2417 912 2478 vel
934 2417 1039 2478 statuti

121 2509 248 2581 utraque
268 2499 490 2580 potirenturlt.
833 2512 840 2521 ⁸

202 2584 330 2662 Miraris,
354 2589 385 2643 et
408 2600 532 2643 causam
554 2581 697 2659 quaeris?
740 2582 835 2662 Audi,
858 2584 883 2641 si
905 2590 936 2642 tu
957 2583 1038 2643 nosti

122 2687 230 2748 panem
253 2676 284 2728 et
305 2667 408 2727 vinum
432 2664 586 2725 aChristo
608 2665 788 2745 institutum,
811 2668 1038 2745 utrumquesci·

121 2752 191 2811 licet
212 2750 394 2811 sumendum
417 2768 485 2810 esse
507 2747 546 2808 ab
570 2748 727 2828 omnibus,
750 2760 782 2808 ut
804 2750 972 2811 clarissime
993 2758 1037 2810 te-

121 2842 238 2895 stantur
259 2833 431 2914 Evangelia
452 2840 483 2893 et
504 2832 631 2911 Paulus,
661 2834 704 2894 its
732 2841 765 2894 ut
787 2836 906 2915 stipsi
928 2834 1038 2894 sdver-

121 2920 190 2980 sarii
229 2923 380 2996 cogantur
409 2917 439 2976 id
472 2914 628 2994 confiteri,
658 2934 716 2976 nec
744 2924 846 2977 mmen
877 2917 971 2978 audes
993 2916 1037 2977 illi

122 3001 245 3062 credere
267 3008 298 3061 et
318 2999 430 3076 fidere,
458 3008 491 3059 ut
511 3000 553 3059 ita
575 3018 694 3081 sumas,
722 2999 817 3060 sudes
839 3019 913 3061 vero
935 3007 969 3060 ut
989 3019 1038 3061 su-

121 3103 194 3162 mas,
218 3086 243 3144 si
267 3084 408 3144 homines
429 3084 461 3143 in
474 3083 613 3144 Concilio
636 3103 692 3144 suc
715 3082 746 3143 id
764 3090 909 3166 statuant,
933 3103 1039 3148 nonne

122 3175 180 3226 tum
203 3167 338 3249 praefers
362 3168 502 3227 homines
526 3166 670 3226 Christo?
707 3168 818 3229 Nonne
841 3168 964 3228 extollis
986 3169 1039 3230 lio-

87 3266 90 3273 ·
122 3253 215 3310 mines
239 3245 633 3330 peccati‘superoeumt),
656 3253 707 3329 qui
730 3251 839 3311 dicitur
856 3256 886 3311 et
908 3251 1038 3313 colitur?

121 3332 229 3395 Nonne
251 3333 320 3414 plus
342 3333 446 3414 fldist)
468 3334 500 3393 in
518 3333 675 3394 hominum
700 3336 802 3412 verba,
825 3354 915 3413 quam
937 3337 967 3395 in
983 3337 1039 3396 Dei

182 3560 211 3628 1)
231 3561 264 3615 In
285 3560 330 3615 ed.
348 3561 419 3617 lenz
438 3563 533 3632 aliqua
551 3578 585 3619 ex
607 3567 695 3630 parte.
733 3564 764 3632 2)
784 3564 867 3619 ibid:
886 3525 1038 3619 Concilium

122 3633 230 3699 propria
258 3633 408 3688 autoritate
433 3634 462 3689 id
486 3641 628 3692 statueret.
673 3636 702 3703 3)
727 3637 758 3688 ln
786 3634 829 3691 ed.
853 3635 939 3705 crim:
968 3643 1038 3692 utra.

101 3701 152 3769 u)
181 3702 301 3758 Ibidem:
328 3705 473 3832 gotirctur.
525 3711 557 3779 5)
593 3711 621 3761 in
654 3704 697 3761 ed.
726 3709 796 3763 Ion:
824 3724 909 3779 supra
940 3711 1038 3769 Deum.

123 3773 154 3839 6)
171 3770 327 3832 ibidsoon
348 3776 401 3835 dis.
