<?xml version="1.0" encoding="UTF-8"?>
<!DOCTYPE html PUBLIC "-//W3C//DTD XHTML 1.0 Transitional//EN"
    "http://www.w3.org/TR/xhtml1/DTD/xhtml1-transitional.dtd">
<html xmlns="http://www.w3.org/1999/xhtml" xml:lang="en" lang="en">
 <head>
  <title>
</title>
<meta http-equiv="Content-Type" content="text/html;charset=utf-8" />
  <meta name='ocr-system' content='tesseract 3.04.00' />
  <meta name='ocr-capabilities' content='ocr_page ocr_carea ocr_par ocr_line ocrx_word'/>
</head>
<body>
  <div class='ocr_page' id='page_1' title='image "./dmartinilutheri02luthgoog_0585.png"; bbox 0 0 2348 4162; ppageno 0'>
   <div class='ocr_carea' id='block_1_1' title="bbox 123 261 859 335">
    <p class='ocr_par' dir='ltr' id='par_1_1' title="bbox 123 261 859 335">
     <span class='ocr_line' id='line_1_1' title="bbox 123 261 859 335; baseline -0.004 -8"><span class='ocrx_word' id='word_1_1' title='bbox 123 261 188 335; x_wconf 69' lang='grc'>572</span> <span class='ocrx_word' id='word_1_2' title='bbox 352 262 704 326; x_wconf 60' lang='lat' dir='ltr'>Praelationes&#39;it.lt.12.</span> <span class='ocrx_word' id='word_1_3' title='bbox 724 269 759 323; x_wconf 82' lang='lat' dir='ltr'>A.</span> <span class='ocrx_word' id='word_1_4' title='bbox 783 265 859 326; x_wconf 74' lang='lat'><strong>1544.</strong></span> 
     </span>
    </p>
   </div>
   <div class='ocr_carea' id='block_1_2' title="bbox 123 435 1050 999">
    <p class='ocr_par' dir='ltr' id='par_1_2' title="bbox 123 435 1050 999">
     <span class='ocr_line' id='line_1_2' title="bbox 123 435 1050 519; baseline -0.002 -18"><span class='ocrx_word' id='word_1_5' title='bbox 123 439 231 502; x_wconf 81' lang='lat' dir='ltr'>omnia</span> <span class='ocrx_word' id='word_1_6' title='bbox 250 442 321 499; x_wconf 87' lang='lat' dir='ltr'>surtt</span> <span class='ocrx_word' id='word_1_7' title='bbox 340 435 580 499; x_wconf 77' lang='lat' dir='ltr'>teudeuetauda</span> <span class='ocrx_word' id='word_1_8' title='bbox 602 438 684 500; x_wconf 87' lang='lat' dir='ltr'>malo</span> <span class='ocrx_word' id='word_1_9' title='bbox 707 438 860 519; x_wconf 85' lang='lat' dir='ltr'>permixta</span> <span class='ocrx_word' id='word_1_10' title='bbox 881 438 995 516; x_wconf 80' lang='lat' dir='ltr'>lurore,</span> <span class='ocrx_word' id='word_1_11' title='bbox 1017 447 1050 499; x_wconf 90' lang='lat' dir='ltr'>ut</span> 
     </span>
     <span class='ocr_line' id='line_1_3' title="bbox 124 521 1048 684; baseline -0.002 -18"><span class='ocrx_word' id='word_1_12' title='bbox 124 522 265 666; x_wconf 62' lang='lat' dir='ltr'>tlt·</span> <span class='ocrx_word' id='word_1_13' title='bbox 278 521 819 684; x_wconf 61' lang='lat' dir='ltr'>ttthlttlhtttttztltt</span> <span class='ocrx_word' id='word_1_14' title='bbox 834 521 1048 666; x_wconf 51' lang='grc' dir='ltr'>ιθιιιοιῖἓί</span> 
     </span>
     <span class='ocr_line' id='line_1_4' title="bbox 124 623 1046 768; baseline 0 -20"><span class='ocrx_word' id='word_1_15' title='bbox 124 625 247 749; x_wconf 60' lang='lat' dir='ltr'>eginilla</span> <span class='ocrx_word' id='word_1_16' title='bbox 259 623 433 767; x_wconf 62' lang='lat' dir='ltr'>bcripserit,</span> <span class='ocrx_word' id='word_1_17' title='bbox 456 624 563 767; x_wconf 70' lang='lat' dir='ltr'>irbpuli</span> <span class='ocrx_word' id='word_1_18' title='bbox 586 693 618 749; x_wconf 90' lang='lat' dir='ltr'>et</span> <span class='ocrx_word' id='word_1_19' title='bbox 639 688 693 748; x_wconf 81' lang='lat' dir='ltr'>vix</span> <span class='ocrx_word' id='word_1_20' title='bbox 709 623 828 768; x_wconf 49' lang='lat' dir='ltr'>periculi</span> <span class='ocrx_word' id='word_1_21' title='bbox 848 625 995 768; x_wconf 57' lang='lat' dir='ltr'>tironibus</span> <span class='ocrx_word' id='word_1_22' title='bbox 1012 688 1046 752; x_wconf 90' lang='lat' dir='ltr'>D</span> 
     </span>
     <span class='ocr_line' id='line_1_5' title="bbox 125 770 1048 852; baseline -0.002 -19"><span class='ocrx_word' id='word_1_23' title='bbox 125 770 292 851; x_wconf 81' lang='lat' dir='ltr'>Georgium</span> <span class='ocrx_word' id='word_1_24' title='bbox 316 770 482 849; x_wconf 76' lang='lat' dir='ltr'>Maiorem,</span> <span class='ocrx_word' id='word_1_25' title='bbox 511 778 545 830; x_wconf 94' lang='lat' dir='ltr'>ut</span> <span class='ocrx_word' id='word_1_26' title='bbox 559 771 625 831; x_wconf 88' lang='lat' dir='ltr'>hoa</span> <span class='ocrx_word' id='word_1_27' title='bbox 646 789 724 831; x_wconf 88' lang='lat' dir='ltr'>onus</span> <span class='ocrx_word' id='word_1_28' title='bbox 746 770 896 850; x_wconf 77' lang='lat' dir='ltr'>seligendi</span> <span class='ocrx_word' id='word_1_29' title='bbox 923 777 958 833; x_wconf 89' lang='lat' dir='ltr'>et</span> <span class='ocrx_word' id='word_1_30' title='bbox 978 790 1048 852; x_wconf 87' lang='lat' dir='ltr'>pur·</span> 
     </span>
     <span class='ocr_line' id='line_1_6' title="bbox 123 852 1046 999; baseline 0 -85"><span class='ocrx_word' id='word_1_31' title='bbox 123 853 272 999; x_wconf 60' lang='lat' dir='ltr'>gandi</span> <span class='ocrx_word' id='word_1_32' title='bbox 240 852 345 913; x_wconf 88' lang='lat' dir='ltr'>omnia</span> <span class='ocrx_word' id='word_1_33' title='bbox 365 854 545 933; x_wconf 79' lang='lat' dir='ltr'>susciperet,</span> <span class='ocrx_word' id='word_1_34' title='bbox 567 854 666 914; x_wconf 89' lang='lat' dir='ltr'>haud</span> <span class='ocrx_word' id='word_1_35' title='bbox 672 853 779 914; x_wconf 92' lang='lat' dir='ltr'>dubie</span> <span class='ocrx_word' id='word_1_36' title='bbox 784 853 1046 915; x_wconf 87' lang='lat' dir='ltr'>molestissimum.</span> 
     </span>
    </p>
   </div>
   <div class='ocr_carea' id='block_1_3' title="bbox 61 935 1092 3512">
    <p class='ocr_par' dir='ltr' id='par_1_3' title="bbox 149 935 1047 1017">
     <span class='ocr_line' id='line_1_7' title="bbox 149 935 1047 1017; baseline 0.001 -20"><span class='ocrx_word' id='word_1_37' title='bbox 149 943 204 997; x_wconf 90' lang='lat' dir='ltr'>unt</span> <span class='ocrx_word' id='word_1_38' title='bbox 225 937 306 996; x_wconf 89' lang='lat' dir='ltr'>enim</span> <span class='ocrx_word' id='word_1_39' title='bbox 328 937 360 995; x_wconf 88' lang='lat' dir='ltr'>in</span> <span class='ocrx_word' id='word_1_40' title='bbox 383 955 421 996; x_wconf 88' lang='lat' dir='ltr'>eo</span> <span class='ocrx_word' id='word_1_41' title='bbox 442 935 532 1015; x_wconf 90' lang='lat' dir='ltr'>libro,</span> <span class='ocrx_word' id='word_1_42' title='bbox 555 945 590 997; x_wconf 93' lang='grc' dir='ltr'>ιι</span> <span class='ocrx_word' id='word_1_43' title='bbox 609 945 641 997; x_wconf 88' lang='lat' dir='ltr'>et</span> <span class='ocrx_word' id='word_1_44' title='bbox 660 937 691 996; x_wconf 91' lang='lat' dir='ltr'>in</span> <span class='ocrx_word' id='word_1_45' title='bbox 713 936 922 1017; x_wconf 77' lang='lat' dir='ltr'>Hieronymo,</span> <span class='ocrx_word' id='word_1_46' title='bbox 952 937 1047 998; x_wconf 85' lang='lat' dir='ltr'>multa</span> 
     </span>
    </p>

    <p class='ocr_par' dir='ltr' id='par_1_4' title="bbox 123 1018 1046 1414">
     <span class='ocr_line' id='line_1_8' title="bbox 125 1018 1046 1101; baseline 0 -21"><span class='ocrx_word' id='word_1_47' title='bbox 125 1020 249 1100; x_wconf 76' lang='lat' dir='ltr'>egregie</span> <span class='ocrx_word' id='word_1_48' title='bbox 272 1018 355 1079; x_wconf 87' lang='lat' dir='ltr'>dicta</span> <span class='ocrx_word' id='word_1_49' title='bbox 375 1024 407 1079; x_wconf 93' lang='lat' dir='ltr'>et</span> <span class='ocrx_word' id='word_1_50' title='bbox 426 1018 528 1099; x_wconf 80' lang='lat' dir='ltr'>facta,</span> <span class='ocrx_word' id='word_1_51' title='bbox 557 1038 636 1100; x_wconf 84' lang='lat' dir='ltr'>quae</span> <span class='ocrx_word' id='word_1_52' title='bbox 659 1027 691 1079; x_wconf 91' lang='grc' dir='ltr'>ιι</span> <span class='ocrx_word' id='word_1_53' title='bbox 712 1020 883 1100; x_wconf 77' lang='lat' dir='ltr'>fragmenta</span> <span class='ocrx_word' id='word_1_54' title='bbox 905 1018 1046 1101; x_wconf 73' lang='lat' dir='ltr'>Evange·</span> 
     </span>
     <span class='ocr_line' id='line_1_9' title="bbox 124 1101 1046 1182; baseline -0.001 -19"><span class='ocrx_word' id='word_1_55' title='bbox 124 1103 206 1163; x_wconf 86' lang='lat' dir='ltr'>lione</span> <span class='ocrx_word' id='word_1_56' title='bbox 224 1120 351 1163; x_wconf 84' lang='lat' dir='ltr'>mensae</span> <span class='ocrx_word' id='word_1_57' title='bbox 372 1101 519 1182; x_wconf 77' lang='lat' dir='ltr'>colligere</span> <span class='ocrx_word' id='word_1_58' title='bbox 541 1110 666 1182; x_wconf 85' lang='lat' dir='ltr'>oportet</span> <span class='ocrx_word' id='word_1_59' title='bbox 684 1110 716 1163; x_wconf 89' lang='lat' dir='ltr'>et</span> <span class='ocrx_word' id='word_1_60' title='bbox 737 1121 798 1162; x_wconf 92' lang='lat' dir='ltr'>non</span> <span class='ocrx_word' id='word_1_61' title='bbox 822 1103 956 1163; x_wconf 86' lang='lat' dir='ltr'>abiicere</span> <span class='ocrx_word' id='word_1_62' title='bbox 978 1122 1046 1163; x_wconf 90' lang='lat' dir='ltr'>cnm</span> 
     </span>
     <span class='ocr_line' id='line_1_10' title="bbox 123 1184 1045 1265; baseline -0.001 -18"><span class='ocrx_word' id='word_1_63' title='bbox 123 1186 190 1247; x_wconf 82' lang='lat' dir='ltr'>istis</span> <span class='ocrx_word' id='word_1_64' title='bbox 211 1184 363 1262; x_wconf 83' lang='lat' dir='ltr'>sordibus,</span> <span class='ocrx_word' id='word_1_65' title='bbox 384 1202 465 1265; x_wconf 87' lang='lat' dir='ltr'>quas</span> <span class='ocrx_word' id='word_1_66' title='bbox 483 1185 534 1245; x_wconf 90' lang='lat' dir='ltr'>alii</span> <span class='ocrx_word' id='word_1_67' title='bbox 556 1186 765 1265; x_wconf 84' lang='lat' dir='ltr'>imprudentes</span> <span class='ocrx_word' id='word_1_68' title='bbox 778 1186 975 1263; x_wconf 90' lang='lat' dir='ltr'>miscuerunt,</span> <span class='ocrx_word' id='word_1_69' title='bbox 997 1205 1045 1246; x_wconf 86' lang='lat' dir='ltr'>ve·</span> 
     </span>
     <span class='ocr_line' id='line_1_11' title="bbox 123 1267 1046 1350; baseline -0.001 -20"><span class='ocrx_word' id='word_1_70' title='bbox 123 1267 169 1330; x_wconf 90' lang='lat' dir='ltr'>lut</span> <span class='ocrx_word' id='word_1_71' title='bbox 176 1268 252 1329; x_wconf 85' lang='lat' dir='ltr'>illae</span> <span class='ocrx_word' id='word_1_72' title='bbox 273 1267 360 1329; x_wconf 89' lang='lat' dir='ltr'>dirae</span> <span class='ocrx_word' id='word_1_73' title='bbox 372 1268 513 1329; x_wconf 86' lang='lat' dir='ltr'>volucres</span> <span class='ocrx_word' id='word_1_74' title='bbox 525 1268 614 1350; x_wconf 82' lang='lat' dir='ltr'>apud.</span> <span class='ocrx_word' id='word_1_75' title='bbox 620 1268 787 1349; x_wconf 86' lang='lat' dir='ltr'>Vergilium</span> <span class='ocrx_word' id='word_1_76' title='bbox 810 1267 906 1350; x_wconf 84' lang='lat' dir='ltr'>dapes</span> <span class='ocrx_word' id='word_1_77' title='bbox 920 1269 1046 1331; x_wconf 77' lang='lat' dir='ltr'>Aeneae</span> 
     </span>
     <span class='ocr_line' id='line_1_12' title="bbox 123 1351 341 1414; baseline 0.005 -2"><span class='ocrx_word' id='word_1_78' title='bbox 123 1351 341 1414; x_wconf 77' lang='lat' dir='ltr'>toedevemnt</span> 
     </span>
    </p>

    <p class='ocr_par' dir='ltr' id='par_1_5' title="bbox 61 1405 1092 3325">
     <span class='ocr_line' id='line_1_13' title="bbox 151 1405 1045 1496; baseline 0 0"><span class='ocrx_word' id='word_1_79' title='bbox 151 1433 279 1496; x_wconf 79' lang='lat' dir='ltr'>..Nou</span> <span class='ocrx_word' id='word_1_80' title='bbox 298 1441 346 1496; x_wconf 89' lang='lat' dir='ltr'>est</span> <span class='ocrx_word' id='word_1_81' title='bbox 367 1442 469 1495; x_wconf 88' lang='lat' dir='ltr'>eutem</span> <span class='ocrx_word' id='word_1_82' title='bbox 499 1433 622 1496; x_wconf 85' lang='lat' dir='ltr'>difficile</span> <span class='ocrx_word' id='word_1_83' title='bbox 644 1405 852 1496; x_wconf 75' lang='lat' dir='ltr'>internoscere</span> <span class='ocrx_word' id='word_1_84' title='bbox 881 1441 912 1496; x_wconf 89' lang='lat' dir='ltr'>et</span> <span class='ocrx_word' id='word_1_85' title='bbox 934 1433 1045 1496; x_wconf 90' lang='lat' dir='ltr'>discer-</span> 
     </span>
     <span class='ocr_line' id='line_1_14' title="bbox 105 1476 1046 1600; baseline 0 -21"><span class='ocrx_word' id='word_1_86' title='bbox 105 1476 206 1600; x_wconf 74' lang='lat' dir='ltr'>bere,</span> <span class='ocrx_word' id='word_1_87' title='bbox 231 1519 288 1579; x_wconf 89' lang='grc' dir='ltr'>ιιιι</span> <span class='ocrx_word' id='word_1_88' title='bbox 310 1520 371 1578; x_wconf 90' lang='lat' dir='ltr'>sint</span> <span class='ocrx_word' id='word_1_89' title='bbox 392 1517 554 1598; x_wconf 81' lang='lat' dir='ltr'>probandi.</span> <span class='ocrx_word' id='word_1_90' title='bbox 604 1518 760 1598; x_wconf 87' lang='lat' dir='ltr'>Pelagieni</span> <span class='ocrx_word' id='word_1_91' title='bbox 782 1521 862 1579; x_wconf 83' lang='lat' dir='ltr'>enirn</span> <span class='ocrx_word' id='word_1_92' title='bbox 887 1523 919 1579; x_wconf 85' lang='lat' dir='ltr'>ct</span> <span class='ocrx_word' id='word_1_93' title='bbox 939 1516 1046 1598; x_wconf 85' lang='lat' dir='ltr'>Orige-</span> 
     </span>
     <span class='ocr_line' id='line_1_15' title="bbox 123 1601 1046 1682; baseline 0 -20"><span class='ocrx_word' id='word_1_94' title='bbox 123 1603 223 1669; x_wconf 84' lang='lat' dir='ltr'>n&#39;istae</span> <span class='ocrx_word' id='word_1_95' title='bbox 251 1609 362 1681; x_wconf 87' lang='lat' dir='ltr'>urgent</span> <span class='ocrx_word' id='word_1_96' title='bbox 390 1601 511 1663; x_wconf 78' lang='lat' dir='ltr'>Stoicen</span> <span class='ocrx_word' id='word_1_97' title='bbox 539 1603 679 1682; x_wconf 78' lang='lat' dir='ltr'>apathiae</span> <span class='ocrx_word' id='word_1_98' title='bbox 709 1608 739 1662; x_wconf 88' lang='lat' dir='ltr'>et</span> <span class='ocrx_word' id='word_1_99' title='bbox 765 1603 952 1682; x_wconf 74' lang='lat' dir='ltr'>nescioquas</span> <span class='ocrx_word' id='word_1_100' title='bbox 980 1622 1046 1681; x_wconf 84' lang='lat' dir='ltr'>per·</span> 
     </span>
     <span class='ocr_line' id='line_1_16' title="bbox 123 1683 1045 1766; baseline -0.003 -19"><span class='ocrx_word' id='word_1_101' title='bbox 123 1685 274 1747; x_wconf 78' lang='lat' dir='ltr'>lectiones</span> <span class='ocrx_word' id='word_1_102' title='bbox 295 1687 387 1748; x_wconf 78' lang='lat' dir='ltr'>ritae</span> <span class='ocrx_word' id='word_1_103' title='bbox 438 1683 509 1760; x_wconf 74' lang='lat' dir='ltr'>Qus</span> <span class='ocrx_word' id='word_1_104' title='bbox 535 1686 564 1745; x_wconf 89' lang='lat' dir='ltr'>in</span> <span class='ocrx_word' id='word_1_105' title='bbox 594 1704 627 1745; x_wconf 89' lang='lat' dir='ltr'>re</span> <span class='ocrx_word' id='word_1_106' title='bbox 656 1686 747 1745; x_wconf 89' lang='lat' dir='ltr'>etiem</span> <span class='ocrx_word' id='word_1_107' title='bbox 772 1686 947 1766; x_wconf 70' lang='lat' dir='ltr'>Augustino</span> <span class='ocrx_word' id='word_1_108' title='bbox 968 1685 1045 1746; x_wconf 83' lang='lat' dir='ltr'>tecc-</span> 
     </span>
     <span class='ocr_line' id='line_1_17' title="bbox 123 1766 1046 1848; baseline 0.001 -20"><span class='ocrx_word' id='word_1_109' title='bbox 123 1769 383 1848; x_wconf 84' lang='lat' dir='ltr'>runtnegotium.</span> <span class='ocrx_word' id='word_1_110' title='bbox 416 1766 558 1841; x_wconf 77' lang='lat' dir='ltr'>(ieterum</span> <span class='ocrx_word' id='word_1_111' title='bbox 583 1768 621 1828; x_wconf 90' lang='lat' dir='ltr'>de</span> <span class='ocrx_word' id='word_1_112' title='bbox 643 1767 842 1848; x_wconf 83' lang='lat' dir='ltr'>gretia,·tide,</span> <span class='ocrx_word' id='word_1_113' title='bbox 865 1768 1046 1829; x_wconf 76' lang='lat' dir='ltr'>remissione</span> 
     </span>
     <span class='ocr_line' id='line_1_18' title="bbox 124 1851 1092 1933; baseline -0.002 -21"><span class='ocrx_word' id='word_1_114' title='bbox 124 1857 323 1932; x_wconf 82' lang='lat' dir='ltr'>peccatorum</span> <span class='ocrx_word' id='word_1_115' title='bbox 344 1857 378 1911; x_wconf 88' lang='lat' dir='ltr'>et</span> <span class='ocrx_word' id='word_1_116' title='bbox 397 1852 478 1910; x_wconf 87' lang='lat' dir='ltr'>veris</span> <span class='ocrx_word' id='word_1_117' title='bbox 498 1851 691 1932; x_wconf 78' lang='lat' dir='ltr'>magnalibus</span> <span class='ocrx_word' id='word_1_118' title='bbox 715 1851 780 1932; x_wconf 87' lang='lat' dir='ltr'>Dei,</span> <span class='ocrx_word' id='word_1_119' title='bbox 803 1871 865 1933; x_wconf 91' lang='lat' dir='ltr'>quo</span> <span class='ocrx_word' id='word_1_120' title='bbox 888 1853 982 1912; x_wconf 85' lang='lat' dir='ltr'>etiarn</span> <span class='ocrx_word' id='word_1_121' title='bbox 1002 1852 1045 1911; x_wconf 91' lang='lat' dir='ltr'>in·</span> <span class='ocrx_word' id='word_1_122' title='bbox 1090 1912 1092 1917; x_wconf 78' lang='grc'>,</span> 
     </span>
     <span class='ocr_line' id='line_1_19' title="bbox 61 1933 1046 2015; baseline -0.002 -21"><span class='ocrx_word' id='word_1_123' title='bbox 61 1956 64 1961; x_wconf 94' lang='grc'>·</span> <span class='ocrx_word' id='word_1_124' title='bbox 123 1934 211 2015; x_wconf 82' lang='lat' dir='ltr'>faus,</span> <span class='ocrx_word' id='word_1_125' title='bbox 232 1940 265 1994; x_wconf 89' lang='lat' dir='ltr'>ut</span> <span class='ocrx_word' id='word_1_126' title='bbox 284 1933 381 1994; x_wconf 89' lang='lat' dir='ltr'>lsaies</span> <span class='ocrx_word' id='word_1_127' title='bbox 402 1933 495 2011; x_wconf 83' lang='lat' dir='ltr'>dicit,</span> <span class='ocrx_word' id='word_1_128' title='bbox 514 1936 607 1995; x_wconf 86' lang='lat' dir='ltr'>vincit</span> <span class='ocrx_word' id='word_1_129' title='bbox 629 1941 773 2011; x_wconf 89' lang='lat' dir='ltr'>mortem,</span> <span class='ocrx_word' id='word_1_130' title='bbox 795 1940 975 2014; x_wconf 82' lang='lat' dir='ltr'>peccatum,</span> <span class='ocrx_word' id='word_1_131' title='bbox 1004 1934 1046 1993; x_wconf 91' lang='lat' dir='ltr'>in·</span> 
     </span>
     <span class='ocr_line' id='line_1_20' title="bbox 123 2017 1045 2094; baseline -0.002 -16"><span class='ocrx_word' id='word_1_132' title='bbox 123 2017 251 2088; x_wconf 83' lang='lat' dir='ltr'>ternum,</span> <span class='ocrx_word' id='word_1_133' title='bbox 273 2018 347 2076; x_wconf 82' lang='lat' dir='ltr'>setis</span> <span class='ocrx_word' id='word_1_134' title='bbox 358 2019 500 2090; x_wconf 83' lang='lat' dir='ltr'>modeste</span> <span class='ocrx_word' id='word_1_135' title='bbox 520 2023 678 2078; x_wconf 82' lang='lat' dir='ltr'>susurrant</span> <span class='ocrx_word' id='word_1_136' title='bbox 690 2025 721 2077; x_wconf 87' lang='lat' dir='ltr'>et</span> <span class='ocrx_word' id='word_1_137' title='bbox 744 2018 860 2092; x_wconf 88' lang='lat' dir='ltr'>leniter,</span> <span class='ocrx_word' id='word_1_138' title='bbox 882 2036 922 2077; x_wconf 92' lang='lat' dir='ltr'>ne</span> <span class='ocrx_word' id='word_1_139' title='bbox 936 2017 1045 2094; x_wconf 90' lang='lat' dir='ltr'>dicam,</span> 
     </span>
     <span class='ocr_line' id='line_1_21' title="bbox 122 2099 1046 2181; baseline -0.001 -21"><span class='ocrx_word' id='word_1_140' title='bbox 122 2100 156 2160; x_wconf 88' lang='lat' dir='ltr'>in</span> <span class='ocrx_word' id='word_1_141' title='bbox 177 2104 275 2160; x_wconf 88' lang='lat' dir='ltr'>totum</span> <span class='ocrx_word' id='word_1_142' title='bbox 297 2099 398 2176; x_wconf 89' lang='lat' dir='ltr'>silent,</span> <span class='ocrx_word' id='word_1_143' title='bbox 419 2119 492 2161; x_wconf 84' lang='lat' dir='ltr'>auae</span> <span class='ocrx_word' id='word_1_144' title='bbox 513 2106 615 2161; x_wconf 83' lang='lat' dir='ltr'>autern</span> <span class='ocrx_word' id='word_1_145' title='bbox 638 2100 921 2181; x_wconf 79' lang='lat' dir='ltr'>Stoicusapathias</span> <span class='ocrx_word' id='word_1_146' title='bbox 943 2099 1046 2160; x_wconf 89' lang='lat' dir='ltr'>emba-</span> 
     </span>
     <span class='ocr_line' id='line_1_22' title="bbox 125 2181 1046 2260; baseline -0.001 -16"><span class='ocrx_word' id='word_1_147' title='bbox 125 2183 181 2244; x_wconf 73' lang='grc' dir='ltr'>ιιι</span> <span class='ocrx_word' id='word_1_148' title='bbox 195 2183 308 2243; x_wconf 84' lang='lat' dir='ltr'>buccis</span> <span class='ocrx_word' id='word_1_149' title='bbox 329 2181 445 2246; x_wconf 83' lang='lat' dir='ltr'>inflant.</span> <span class='ocrx_word' id='word_1_150' title='bbox 489 2183 607 2244; x_wconf 78' lang='lat' dir='ltr'>Contra</span> <span class='ocrx_word' id='word_1_151' title='bbox 628 2183 803 2260; x_wconf 81' lang='lat' dir='ltr'>orthodoxi,</span> <span class='ocrx_word' id='word_1_152' title='bbox 825 2183 928 2243; x_wconf 89' lang='lat' dir='ltr'>media</span> <span class='ocrx_word' id='word_1_153' title='bbox 950 2191 982 2242; x_wconf 88' lang='lat' dir='ltr'>et</span> <span class='ocrx_word' id='word_1_154' title='bbox 1003 2201 1046 2243; x_wconf 88' lang='lat' dir='ltr'>re·</span> 
     </span>
     <span class='ocr_line' id='line_1_23' title="bbox 124 2266 1046 2347; baseline -0.004 -20"><span class='ocrx_word' id='word_1_155' title='bbox 124 2267 176 2346; x_wconf 85' lang='lat' dir='ltr'>gia</span> <span class='ocrx_word' id='word_1_156' title='bbox 194 2267 247 2326; x_wconf 76' lang='lat' dir='ltr'>nie</span> <span class='ocrx_word' id='word_1_157' title='bbox 268 2266 455 2346; x_wconf 83' lang='lat' dir='ltr'>incedentes,</span> <span class='ocrx_word' id='word_1_158' title='bbox 479 2286 537 2326; x_wconf 90' lang='lat' dir='ltr'>nec</span> <span class='ocrx_word' id='word_1_159' title='bbox 559 2266 876 2347; x_wconf 83' lang='lat' dir='ltr'>peccatisiudnlgent,</span> <span class='ocrx_word' id='word_1_160' title='bbox 900 2285 959 2337; x_wconf 80' lang='lat' dir='ltr'>neo</span> <span class='ocrx_word' id='word_1_161' title='bbox 983 2284 1046 2345; x_wconf 84' lang='lat' dir='ltr'>per-</span> 
     </span>
     <span class='ocr_line' id='line_1_24' title="bbox 124 2348 1046 2429; baseline -0.003 -19"><span class='ocrx_word' id='word_1_162' title='bbox 124 2350 274 2410; x_wconf 87' lang='lat' dir='ltr'>fectiones</span> <span class='ocrx_word' id='word_1_163' title='bbox 297 2349 355 2408; x_wconf 89' lang='lat' dir='ltr'>sibi</span> <span class='ocrx_word' id='word_1_164' title='bbox 377 2357 532 2429; x_wconf 86' lang='lat' dir='ltr'>arrogent,</span> <span class='ocrx_word' id='word_1_165' title='bbox 554 2349 609 2410; x_wconf 89' lang='lat' dir='ltr'>sed</span> <span class='ocrx_word' id='word_1_166' title='bbox 633 2350 846 2429; x_wconf 87' lang='lat' dir='ltr'>peccatoribus</span> <span class='ocrx_word' id='word_1_167' title='bbox 866 2348 1046 2429; x_wconf 88' lang='lat' dir='ltr'>poeniteuti-</span> 
     </span>
     <span class='ocr_line' id='line_1_25' title="bbox 125 2431 1047 2513; baseline -0.002 -21"><span class='ocrx_word' id='word_1_168' title='bbox 125 2432 182 2493; x_wconf 86' lang='lat' dir='ltr'>bus</span> <span class='ocrx_word' id='word_1_169' title='bbox 196 2482 199 2487; x_wconf 94' lang='lat'>.</span> <span class='ocrx_word' id='word_1_170' title='bbox 215 2440 246 2493; x_wconf 84' lang='lat' dir='ltr'>et</span> <span class='ocrx_word' id='word_1_171' title='bbox 268 2431 462 2493; x_wconf 78' lang='lat' dir='ltr'>credentibus</span> <span class='ocrx_word' id='word_1_172' title='bbox 496 2434 706 2493; x_wconf 86' lang='lat' dir='ltr'>remissionem</span> <span class='ocrx_word' id='word_1_173' title='bbox 733 2440 949 2513; x_wconf 84' lang='lat' dir='ltr'>peccatorum,</span> <span class='ocrx_word' id='word_1_174' title='bbox 982 2450 1047 2512; x_wconf 87' lang='lat' dir='ltr'>gra·</span> 
     </span>
     <span class='ocr_line' id='line_1_26' title="bbox 125 2515 1046 2596; baseline -0.004 -20"><span class='ocrx_word' id='word_1_175' title='bbox 125 2518 215 2596; x_wconf 87' lang='lat' dir='ltr'>liam,</span> <span class='ocrx_word' id='word_1_176' title='bbox 239 2517 333 2576; x_wconf 82' lang='lat' dir='ltr'>vitum</span> <span class='ocrx_word' id='word_1_177' title='bbox 358 2523 389 2575; x_wconf 89' lang='lat' dir='ltr'>et</span> <span class='ocrx_word' id='word_1_178' title='bbox 411 2515 540 2576; x_wconf 88' lang='lat' dir='ltr'>salutern</span> <span class='ocrx_word' id='word_1_179' title='bbox 566 2516 710 2576; x_wconf 90' lang='lat' dir='ltr'>tribuunt.</span> <span class='ocrx_word' id='word_1_180' title='bbox 759 2515 845 2589; x_wconf 77' lang='lat' dir='ltr'>Quae</span> <span class='ocrx_word' id='word_1_181' title='bbox 868 2532 982 2594; x_wconf 88' lang='lat' dir='ltr'>opera,</span> <span class='ocrx_word' id='word_1_182' title='bbox 1015 2521 1046 2572; x_wconf 89' lang='grc' dir='ltr'>ιι</span> 
     </span>
     <span class='ocr_line' id='line_1_27' title="bbox 125 2599 1046 2678; baseline -0.007 -19"><span class='ocrx_word' id='word_1_183' title='bbox 125 2607 196 2660; x_wconf 83' lang='lat' dir='ltr'>sunt</span> <span class='ocrx_word' id='word_1_184' title='bbox 223 2600 319 2678; x_wconf 88' lang='lat' dir='ltr'>ipsius</span> <span class='ocrx_word' id='word_1_185' title='bbox 342 2599 399 2657; x_wconf 89' lang='lat' dir='ltr'>Dei</span> <span class='ocrx_word' id='word_1_186' title='bbox 426 2605 458 2658; x_wconf 92' lang='lat' dir='ltr'>et</span> <span class='ocrx_word' id='word_1_187' title='bbox 479 2599 590 2659; x_wconf 84' lang='lat' dir='ltr'>Christi</span> <span class='ocrx_word' id='word_1_188' title='bbox 613 2600 736 2659; x_wconf 88' lang='lat' dir='ltr'>Domini</span> <span class='ocrx_word' id='word_1_189' title='bbox 759 2599 874 2677; x_wconf 88' lang='lat' dir='ltr'>nostri,</span> <span class='ocrx_word' id='word_1_190' title='bbox 905 2600 950 2658; x_wconf 84' lang='lat' dir='ltr'>ile</span> <span class='ocrx_word' id='word_1_191' title='bbox 979 2603 1046 2655; x_wconf 86' lang='lat' dir='ltr'>sunt</span> 
     </span>
     <span class='ocr_line' id='line_1_28' title="bbox 124 2679 1045 2762; baseline -0.007 -19"><span class='ocrx_word' id='word_1_192' title='bbox 124 2682 305 2743; x_wconf 84' lang='lat' dir='ltr'>abscondita</span> <span class='ocrx_word' id='word_1_193' title='bbox 328 2683 516 2762; x_wconf 88' lang='lat' dir='ltr'>sapientibus</span> <span class='ocrx_word' id='word_1_194' title='bbox 538 2683 603 2742; x_wconf 88' lang='lat' dir='ltr'>istis</span> <span class='ocrx_word' id='word_1_195' title='bbox 626 2691 656 2742; x_wconf 91' lang='lat' dir='ltr'>et</span> <span class='ocrx_word' id='word_1_196' title='bbox 677 2680 928 2760; x_wconf 85' lang='lat' dir='ltr'>intelligentibus.</span> <span class='ocrx_word' id='word_1_197' title='bbox 972 2679 1045 2753; x_wconf 78' lang='lat' dir='ltr'>Quis</span> 
     </span>
     <span class='ocr_line' id='line_1_29' title="bbox 126 2763 1045 2845; baseline -0.005 -20"><span class='ocrx_word' id='word_1_198' title='bbox 126 2771 171 2825; x_wconf 88' lang='lat' dir='ltr'>est</span> <span class='ocrx_word' id='word_1_199' title='bbox 193 2767 273 2825; x_wconf 88' lang='lat' dir='ltr'>euim</span> <span class='ocrx_word' id='word_1_200' title='bbox 295 2766 375 2824; x_wconf 88' lang='lat' dir='ltr'>inter</span> <span class='ocrx_word' id='word_1_201' title='bbox 397 2783 461 2843; x_wconf 89' lang='lat' dir='ltr'>eos,</span> <span class='ocrx_word' id='word_1_202' title='bbox 485 2766 535 2843; x_wconf 89' lang='lat' dir='ltr'>qui</span> <span class='ocrx_word' id='word_1_203' title='bbox 558 2764 662 2825; x_wconf 83' lang='lat' dir='ltr'>videat</span> <span class='ocrx_word' id='word_1_204' title='bbox 678 2763 837 2845; x_wconf 86' lang='lat' dir='ltr'>parvulum</span> <span class='ocrx_word' id='word_1_205' title='bbox 862 2763 1045 2844; x_wconf 71' lang='lat' dir='ltr'>baptismum</span> 
     </span>
     <span class='ocr_line' id='line_1_30' title="bbox 125 2845 1047 2943; baseline -0.003 -36"><span class='ocrx_word' id='word_1_206' title='bbox 125 2866 194 2908; x_wconf 85' lang='lat' dir='ltr'>esse</span> <span class='ocrx_word' id='word_1_207' title='bbox 215 2847 371 2908; x_wconf 90' lang='lat' dir='ltr'>dominum</span> <span class='ocrx_word' id='word_1_208' title='bbox 405 2857 438 2908; x_wconf 88' lang='lat' dir='ltr'>et</span> <span class='ocrx_word' id='word_1_209' title='bbox 458 2849 604 2908; x_wconf 84' lang='lat' dir='ltr'>victorem</span> <span class='ocrx_word' id='word_1_210' title='bbox 629 2848 767 2943; x_wconf 80' lang='lat' dir='ltr'>peccati,</span> <span class='ocrx_word' id='word_1_211' title='bbox 802 2848 911 2907; x_wconf 89' lang='lat' dir='ltr'>mortis</span> <span class='ocrx_word' id='word_1_212' title='bbox 934 2854 966 2907; x_wconf 87' lang='lat' dir='ltr'>et</span> <span class='ocrx_word' id='word_1_213' title='bbox 985 2845 1047 2904; x_wconf 86' lang='lat' dir='ltr'>dia·</span> 
     </span>
     <span class='ocr_line' id='line_1_31' title="bbox 126 2926 1047 3010; baseline -0.008 -17"><span class='ocrx_word' id='word_1_214' title='bbox 126 2931 247 2993; x_wconf 85' lang='lat' dir='ltr'>boli?</span> <span class='ocrx_word' id='word_1_215' title='bbox 265 2930 326 2991; x_wconf 79' lang='lat' dir='ltr'>sed</span> <span class='ocrx_word' id='word_1_216' title='bbox 349 2930 472 2991; x_wconf 90' lang='lat' dir='ltr'>obliti</span> <span class='ocrx_word' id='word_1_217' title='bbox 464 2931 661 2991; x_wconf 82' lang='lat' dir='ltr'>iamdudum</span> <span class='ocrx_word' id='word_1_218' title='bbox 685 2931 730 2990; x_wconf 93' lang='grc' dir='ltr'>ιιι</span> <span class='ocrx_word' id='word_1_219' title='bbox 754 2926 966 3010; x_wconf 79' lang='lat' dir='ltr'>baptismatis</span> <span class='ocrx_word' id='word_1_220' title='bbox 978 2946 1047 2988; x_wconf 90' lang='lat' dir='ltr'>eun·</span> 
     </span>
     <span class='ocr_line' id='line_1_32' title="bbox 125 3011 1047 3094; baseline -0.007 -18"><span class='ocrx_word' id='word_1_221' title='bbox 125 3014 210 3093; x_wconf 80' lang='lat' dir='ltr'>dem</span> <span class='ocrx_word' id='word_1_222' title='bbox 217 3013 366 3074; x_wconf 81' lang='lat' dir='ltr'>invadunt</span> <span class='ocrx_word' id='word_1_223' title='bbox 387 3014 508 3076; x_wconf 86' lang='lat' dir='ltr'>bostem</span> <span class='ocrx_word' id='word_1_224' title='bbox 530 3017 592 3074; x_wconf 85' lang='lat' dir='ltr'>suis</span> <span class='ocrx_word' id='word_1_225' title='bbox 615 3014 746 3094; x_wconf 89' lang='lat' dir='ltr'>propriis</span> <span class='ocrx_word' id='word_1_226' title='bbox 768 3011 881 3072; x_wconf 88' lang='lat' dir='ltr'>viribus</span> <span class='ocrx_word' id='word_1_227' title='bbox 904 3028 1047 3091; x_wconf 87' lang='lat' dir='ltr'>superan-</span> 
     </span>
     <span class='ocr_line' id='line_1_33' title="bbox 126 3082 1047 3193; baseline -0.009 -34"><span class='ocrx_word' id='word_1_228' title='bbox 126 3098 214 3178; x_wconf 86' lang='lat' dir='ltr'>dum,</span> <span class='ocrx_word' id='word_1_229' title='bbox 237 3097 353 3172; x_wconf 87' lang='lat' dir='ltr'>idest,</span> <span class='ocrx_word' id='word_1_230' title='bbox 388 3082 559 3177; x_wconf 85' lang='lat' dir='ltr'>diabolum,</span> <span class='ocrx_word' id='word_1_231' title='bbox 582 3105 752 3193; x_wconf 77' lang='lat' dir='ltr'>peccatum,</span> <span class='ocrx_word' id='word_1_232' title='bbox 777 3102 926 3173; x_wconf 88' lang='lat' dir='ltr'>mortem,</span> <span class='ocrx_word' id='word_1_233' title='bbox 959 3112 1047 3175; x_wconf 88' lang='lat' dir='ltr'>quern</span> 
     </span>
     <span class='ocr_line' id='line_1_34' title="bbox 126 3146 1047 3279; baseline -0.008 -38"><span class='ocrx_word' id='word_1_234' title='bbox 126 3146 279 3257; x_wconf 83' lang='lat' dir='ltr'>debebant</span> <span class='ocrx_word' id='word_1_235' title='bbox 308 3184 459 3279; x_wconf 79' lang='lat' dir='ltr'>agnoscet</span> <span class='ocrx_word' id='word_1_236' title='bbox 461 3203 481 3242; x_wconf 85' lang='lat' dir='ltr'>c</span> <span class='ocrx_word' id='word_1_237' title='bbox 507 3183 618 3241; x_wconf 90' lang='lat' dir='ltr'>victum</span> <span class='ocrx_word' id='word_1_238' title='bbox 641 3181 686 3240; x_wconf 88' lang='lat' dir='ltr'>eis</span> <span class='ocrx_word' id='word_1_239' title='bbox 710 3198 779 3243; x_wconf 86' lang='lat' dir='ltr'>esse</span> <span class='ocrx_word' id='word_1_240' title='bbox 799 3179 830 3237; x_wconf 89' lang='grc' dir='ltr'>ιι</span> <span class='ocrx_word' id='word_1_241' title='bbox 852 3196 910 3238; x_wconf 88' lang='grc' dir='ltr'>ιιι</span> <span class='ocrx_word' id='word_1_242' title='bbox 936 3175 1047 3257; x_wconf 77' lang='lat' dir='ltr'>baptie</span> 
     </span>
     <span class='ocr_line' id='line_1_35' title="bbox 127 3262 877 3345; baseline -0.01 -20"><span class='ocrx_word' id='word_1_243' title='bbox 127 3274 217 3339; x_wconf 86' lang='lat' dir='ltr'>mate,</span> <span class='ocrx_word' id='word_1_244' title='bbox 238 3264 348 3340; x_wconf 86' lang='lat' dir='ltr'>idest,</span> <span class='ocrx_word' id='word_1_245' title='bbox 371 3266 402 3324; x_wconf 87' lang='lat' dir='ltr'>iu</span> <span class='ocrx_word' id='word_1_246' title='bbox 426 3265 556 3345; x_wconf 81' lang='lat' dir='ltr'>Christo,</span> <span class='ocrx_word' id='word_1_247' title='bbox 581 3265 699 3324; x_wconf 87' lang='lat' dir='ltr'>semine</span> <span class='ocrx_word' id='word_1_248' title='bbox 722 3262 877 3324; x_wconf 87' lang='lat' dir='ltr'>mulieris.</span> 
     </span>
    </p>

    <p class='ocr_par' dir='ltr' id='par_1_6' title="bbox 127 3341 1049 3512">
     <span class='ocr_line' id='line_1_36' title="bbox 207 3341 1049 3429; baseline -0.006 -23"><span class='ocrx_word' id='word_1_249' title='bbox 207 3347 293 3407; x_wconf 87' lang='lat' dir='ltr'>Haec</span> <span class='ocrx_word' id='word_1_250' title='bbox 323 3354 389 3408; x_wconf 88' lang='lat' dir='ltr'>esto</span> <span class='ocrx_word' id='word_1_251' title='bbox 412 3349 535 3429; x_wconf 87' lang='lat' dir='ltr'>regula,</span> <span class='ocrx_word' id='word_1_252' title='bbox 569 3365 649 3428; x_wconf 85' lang='lat' dir='ltr'>queo</span> <span class='ocrx_word' id='word_1_253' title='bbox 670 3346 727 3406; x_wconf 83' lang='lat' dir='ltr'>luit</span> <span class='ocrx_word' id='word_1_254' title='bbox 748 3354 779 3406; x_wconf 89' lang='lat' dir='ltr'>et</span> <span class='ocrx_word' id='word_1_255' title='bbox 800 3344 887 3406; x_wconf 91' lang='lat' dir='ltr'>erit</span> <span class='ocrx_word' id='word_1_256' title='bbox 879 3363 910 3403; x_wconf 91' lang='grc' dir='ltr'>ιι</span> <span class='ocrx_word' id='word_1_257' title='bbox 934 3341 1049 3403; x_wconf 89' lang='lat' dir='ltr'>secula.</span> 
     </span>
     <span class='ocr_line' id='line_1_37' title="bbox 127 3429 618 3512; baseline -0.013 -17"><span class='ocrx_word' id='word_1_258' title='bbox 127 3431 193 3495; x_wconf 86' lang='lat' dir='ltr'>Deo</span> <span class='ocrx_word' id='word_1_259' title='bbox 217 3429 284 3489; x_wconf 89' lang='lat' dir='ltr'>leus</span> <span class='ocrx_word' id='word_1_260' title='bbox 306 3437 337 3490; x_wconf 90' lang='lat' dir='ltr'>et</span> <span class='ocrx_word' id='word_1_261' title='bbox 357 3431 465 3512; x_wconf 85' lang='lat' dir='ltr'>gloria</span> <span class='ocrx_word' id='word_1_262' title='bbox 508 3430 618 3492; x_wconf 84' lang='lat' dir='ltr'>Amen</span> 
     </span>
    </p>
   </div>
   <div class='ocr_carea' id='block_1_4' title="bbox 717 3618 752 3678">
    <p class='ocr_par' dir='ltr' id='par_1_7' title="bbox 717 3618 752 3678">
     <span class='ocr_line' id='line_1_38' title="bbox 717 3618 752 3678; baseline 0 0"><span class='ocrx_word' id='word_1_263' title='bbox 717 3618 752 3678; x_wconf 57' lang='lat' dir='ltr'>§t</span> 
     </span>
    </p>
   </div>
   <div class='ocr_carea' id='block_1_5' title="bbox 0 0 1181 4162">
    <p class='ocr_par' dir='ltr' id='par_1_8' title="bbox 0 0 1181 4162">
     <span class='ocr_line' id='line_1_39' title="bbox 0 0 1181 4162; baseline 0 0"><span class='ocrx_word' id='word_1_264' title='bbox 0 0 1181 4162; x_wconf 95' lang='lat' dir='ltr'> </span> 
     </span>
    </p>
   </div>
  </div>
 </body>
</html>
