2348 4162
201 230 245 298 78
514 233 658 293 Praelatio
675 236 712 294 D.
729 237 765 292 ll.
782 237 816 293 L.

202 403 418 485 (nequeenim
441 413 505 467 tum
535 406 627 467 datas
650 414 737 468 erant
758 405 860 490 leges)
890 428 948 469 nec
968 410 1126 491 operibus,

202 488 257 551 sed
279 508 334 569 per
355 490 524 568 Christum,
546 510 601 570 per
622 509 728 551 semen
757 490 832 552 illud
855 493 1013 571 mulieris,
1035 494 1125 555 Adae

201 579 234 633 et
255 572 431 634 Abrabamo
453 575 660 654 promissum,
688 580 724 634 ut
753 573 893 634 italides
916 577 946 635 in
969 575 1125 639 Christum

201 663 374 735 perlatam
398 656 584 737 Scripturam
607 676 626 716 a
647 658 798 737 principio
828 658 867 717 ad
896 657 989 733 duem
1026 679 1126 740 nsque

202 739 343 800 omuibus
367 741 521 820 operibus,
544 738 663 818 legibus
685 758 723 800 ac
746 741 859 799 meritis
874 740 1016 802 humanis
1038 762 1126 823 prae·

200 822 322 883 feratur.
350 825 382 882 lu
406 824 504 901 primo
526 824 618 902 igitur
629 823 725 883 lllosis
749 823 826 882 libro
848 824 928 884 haud
951 824 1016 886 sere
1038 825 1125 887 aliud

201 905 329 985 videbis,
352 925 443 985 quam
467 905 612 985 exempla
633 903 706 965 lldei
728 913 760 966 et
779 905 1021 988 incredulitatis,
1049 910 1125 971 item

202 988 330 1049 fructum
353 988 425 1050 lidei
449 996 480 1048 et
494 987 727 1067 incredulitatis,
755 997 803 1049 est
824 989 915 1069 igitur
936 991 1053 1070 primus
1074 992 1126 1053 hin

200 1071 276 1134 liber
299 1071 388 1132 valde
407 1071 625 1152 ¹Euangelious.

282 1154 319 1216 Iu
342 1153 478 1215 secundo
498 1161 603 1215 autem
626 1153 703 1216 libro
724 1155 807 1215 Deus
829 1155 937 1217 Mosen
962 1175 1030 1216 cum
1053 1157 1125 1238 lage

201 1239 316 1317 scripta
338 1239 439 1314 mittit,
461 1237 563 1317 seligit
586 1237 643 1298 sibi
661 1237 817 1318 proprium
840 1239 998 1318 populum,
1021 1246 1056 1300 ut
1077 1260 1124 1302 es·

181 1330 270 1383 ‘sant
290 1324 321 1382 in
346 1321 481 1399 mundo,
509 1322 561 1400 qui
588 1320 738 1382 haberent
760 1322 860 1382 lucem
883 1321 1044 1402 aliquam,
1072 1325 1124 1404 qni

200 1405 377 1487 perlegam
400 1409 561 1485 peccatum
590 1411 836 1483 cognoscerent,
865 1405 911 1464 sia
942 1407 1023 1466 enim
1057 1413 1123 1467 tum

199 1487 368 1549 inmundo
395 1487 563 1568 agebatur,
591 1488 805 1548 omniserunt
832 1487 926 1568 plena
957 1488 1123 1571 erroribus,

200 1571 342 1651 adeoque
365 1578 428 1631 tum
441 1571 581 1632 homines
604 1583 690 1630 erant
704 1572 872 1646 excaecati,
894 1577 926 1631 ut
949 1571 1014 1632 lere
1028 1591 1122 1633 nemo

201 1656 331 1735 amplius
355 1655 455 1730 sciret,
479 1652 551 1733 quid
574 1659 734 1733 peccatum
758 1661 840 1713 esset
874 1663 905 1713 et
936 1654 1017 1714 unde
1039 1674 1123 1716 mors

200 1741 231 1799 in
254 1738 399 1799 mundum
423 1739 566 1798 venisset.
619 1735 709 1798 Illum
732 1736 823 1816 igitur
857 1737 1005 1817 populum
1029 1739 1122 1809 variis

200 1822 320 1902 legibus
352 1818 593 1898 circumscribit,
625 1819 770 1879 discernit
802 1838 871 1880 eum
907 1821 946 1880 ab
979 1821 1121 1882 omuibus

200 1904 269 1966 aliis
292 1904 424 1984 populis,
446 1901 531 1962 iubet
553 1906 586 1962 ut
609 1901 838 1962 tabernaculum
862 1912 1032 1983 exstruant,
1056 1923 1122 1965 cer·

200 1994 262 2048 tum
292 1985 447 2067 quoddam
475 1984 632 2065 religionis
662 2004 759 2065 genus
786 1986 931 2064 instituit,
966 1987 1061 2047 duces
1091 1995 1123 2050 st

119 2110 127 2117 -
199 2071 318 2131 iudices
341 2067 498 2150 praefluit,
528 2074 645 2129 uttam
674 2068 792 2147 legibus
814 2087 906 2148 quam
940 2072 1122 2150 magistratu

200 2155 303 2214 omnia
327 2153 442 2233 optime
463 2160 566 2212 essent
577 2153 751 2228 constituta,
773 2151 895 2230 nequid
912 2153 1035 2214 deesset
1055 2158 1121 2214 tum

199 2236 238 2298 ad
260 2238 340 2297 hanc
362 2243 520 2296 externam
542 2237 635 2296 vitam
657 2235 735 2295 iuter
756 2234 906 2315 homines,
929 2244 992 2298 tum
1005 2235 1045 2297 ad
1061 2237 1122 2317 spi-

201 2319 342 2382 ritualem
364 2319 447 2379 illam
471 2337 574 2379 eoram
598 2319 674 2380 Deo.

282 2403 313 2463 ln
337 2404 425 2462 tertio
459 2401 537 2462 libro
574 2399 779 2461 sacerdotium
811 2401 975 2481 praecipue
1008 2401 1121 2461 consti·

199 2486 301 2564 luitur,
324 2505 384 2546 uua
407 2504 476 2545 cum
489 2485 555 2544 iure
576 2503 632 2544 suo
656 2493 687 2543 et
700 2485 790 2544 certis
812 2485 875 2544 suis
899 2483 1029 2564 legibus,
1042 2501 1121 2562 quas

198 2571 284 2648 aequi
307 2569 483 2630 sacerdotes
511 2565 674 2646 oportebat
696 2575 726 2626 et
747 2566 860 2627 docere
881 2566 1039 2647 populum.
1070 2566 1121 2627 Vi·

199 2650 285 2713 debis
308 2659 409 2712 autom
433 2651 596 2711 sacerdotii
618 2649 795 2710 instituendi
823 2650 938 2710 nullam
963 2650 1054 2711 aliam
1076 2650 1121 2710 fu·

197 2738 259 2796 isse
292 2754 437 2814 oausam,
471 2753 562 2813 quam
600 2740 787 2813 peccatum,
819 2741 852 2793 ut
879 2732 1057 2794 sacerdotes
1088 2738 1120 2794 et

198 2818 398 2880 ostenderent
419 2817 536 2896 populo
556 2823 694 2896 peccata,
716 2825 747 2875 et
769 2816 850 2895 apud
864 2817 962 2876 Deum
986 2834 1042 2896 pro
1063 2833 1120 2896 po-

197 2900 271 2981 pulo
294 2900 528 2962 intercederent.
571 2898 748 2959 Sacerdotis
777 2901 867 2978 igitur
889 2898 1023 2960 officium
1052 2916 1118 2961 nou

198 2989 244 3043 est
266 2982 359 3062 aliud,
381 3001 472 3061 quam
496 2988 625 3063 peccata
653 2987 683 3041 et
702 2991 881 3062 peccatores
904 3001 1021 3043 curare.
1064 2983 1120 3043 At·

197 3084 257 3145 que
280 3066 319 3125 ob
342 3086 409 3126 sam
433 3085 495 3125 rem
519 3066 715 3127 constitutum
738 3071 802 3142 est,
832 3074 865 3125 ut
896 3065 994 3126 nullas
1017 3071 1120 3127 certas

196 3147 345 3212 haberent
383 3130 616 3230 possessmnes,
643 3167 743 3227 neque
775 3148 867 3208 etiam
904 3147 943 3208 ad
976 3146 1119 3228 politiam

197 3231 322 3293 admissi
345 3239 431 3311 sunt,
461 3233 628 3293 boceninr
658 3232 794 3310 ipsorum
827 3232 949 3291 unicum
979 3229 1118 3291 officium

197 3323 271 3396 erat,
295 3335 387 3396 agere
409 3335 512 3375 curam
535 3314 640 3395 populi
662 3316 694 3373 in
716 3321 845 3393 peccata
865 3315 1012 3394 prolapsi.

280 3398 433 3474 Quoniam
456 3406 558 3459 sutem
580 3399 664 3477 leges
686 3399 747 3457 iam
764 3397 916 3478 conditae,
939 3396 1120 3460 sacerdotes

196 3487 227 3543 et
248 3484 444 3561 magistratus
466 3482 638 3560 constituti,
661 3478 890 3540 tabernaculum
915 3486 1118 3563 exstructum,

196 3575 279 3626 certa
301 3567 489 3645 praescripta
513 3563 644 3644 religio,
673 3563 734 3623 iam
764 3581 888 3644 quoque
920 3564 1058 3644 perfecta
1087 3571 1120 3627 et

196 3647 338 3710 absoluta
361 3650 465 3709 omnia
486 3652 582 3726 erant,
606 3665 685 3725 quae
707 3645 745 3705 sd
773 3647 922 3727 populum
948 3647 1004 3707 Dei
1025 3648 1118 3728 perti-

195 3730 319 3811 nebant,
340 3732 488 3811 iucipitiu
512 3735 620 3810 quarto
649 3728 727 3791 libro
749 3729 871 3791 illorum
894 3731 1030 3791 omnium
1053 3730 1119 3811 qui·
