2348 4162
339 235 376 291 ad
394 236 429 292 D.
449 239 591 295 Erasmum
606 239 832 298 Roterudamum.
987 241 1049 307 327

126 404 229 468 iudaei
251 412 283 468 et
304 404 414 469 Graeei
444 406 499 468 sub
522 413 652 487 peceato
675 416 754 470 eunt.
808 409 858 470 An
887 411 938 471 hie
968 413 1049 493 tropi

126 497 210 568 eunt,
233 499 289 559 aut
309 489 404 551 nodi?
463 489 543 564 Quid
579 490 681 552 valeat
706 492 917 574 interpretatio
954 496 1048 557 totius

126 571 229 633 mundi
253 571 401 634 adversus
423 572 503 633 hane
526 574 726 635 clarissimam
750 577 956 638 sententiam?
989 578 1048 639 Ne·

125 657 237 717 minem
260 658 384 737 exeipit,
407 658 459 736 qui
482 656 555 717 diuit
577 657 708 735 Omnes,
730 659 804 720 nihil
825 660 971 739 relinquit
992 661 1047 722 bo·

124 742 163 820 ni,
186 741 238 819 qui
261 759 316 801 eos
338 739 394 800 sub
418 747 547 821 peceato
571 760 650 819 esse,
672 737 705 803 id
728 747 893 804 estservos
915 745 1046 822 peceati,

124 822 238 884 defluit.
277 822 336 884 Ubi
357 828 459 884 autem
482 823 563 884 hane
584 843 708 887 eausam
721 825 810 905 dixit,
831 825 913 906 quod
938 845 1046 887 omnes

122 905 226 968 Iudaei
250 912 281 966 et
302 912 411 987 gentes
441 907 503 967 eint
529 906 586 968 sub
609 909 761 987 peeeetui
808 909 966 990 Nusquam
988 911 1046 969 nisi
1143 912 1147 919 '

123 988 171 1051 ubi
192 1008 252 1051 nos
275 989 522 1068 monstravimus,
544 991 663 1052 seilicet
689 992 813 1071 quando
836 990 965 1068 dieit*):
988 993 1045 1053 Rs·

122 1072 242 1133 velatur
263 1073 308 1134 ira
330 1073 387 1134 Dei
410 1072 449 1133 ds
472 1072 560 1135 coelo
584 1093 677 1153 super
708 1094 832 1137 omnem
854 1076 1045 1156 impietatem

122 1163 151 1217 st
178 1156 372 1236 iniquitatem
405 1155 573 1219 hominum.
621 1158 663 1218 Et
691 1158 721 1218 id
744 1165 910 1238 sequenter
935 1158 1047 1239 probat

122 1258 175 1318 per
197 1239 432 1321 experientium,
455 1239 537 1318 quod
558 1242 670 1320 ingrati
683 1242 771 1321 Deo,
806 1251 852 1304 tot
873 1242 954 1302 vitiis
977 1243 1045 1303 sub·

119 1321 344 1400 restituerint,
383 1322 469 1383 velut
501 1322 647 1383 fructibus
679 1325 843 1404 impietatis
876 1344 953 1386 eune
974 1344 1044 1386 eon·

120 1406 202 1478 vieti,
226 1404 310 1484 quod
324 1404 399 1465 nihil
422 1405 479 1465 nisi
502 1406 615 1466 matum
639 1407 733 1467 velint
755 1414 786 1468 et
806 1407 929 1472 fuciunt
967 1409 1043 1468 Tum

119 1488 252 1549 ludaeos
273 1506 412 1549 seorsum
434 1487 559 1567 iudicet,
581 1508 650 1549 eum
667 1488 816 1553 Iudaeum
838 1491 926 1552 litera
947 1498 1044 1552 trane

118 1589 294 1652 greseorem
316 1590 386 1632 esse
408 1570 490 1648 diuit,
512 1571 605 1649 idque
618 1573 756 1633 similiter
777 1573 924 1635 fructibus
946 1581 978 1635 et
991 1593 1044 1634 ex-

119 1656 271 1735 perientia
293 1654 402 1735 probat
419 1653 600 1736 disens**):
622 1656 667 1716 Tu
690 1657 850 1736 praedicas
872 1675 933 1717 non
946 1657 1044 1717 furan-

119 1737 201 1817 dum,
224 1744 256 1798 et
276 1737 401 1816 furaris,
431 1739 482 1817 qui
505 1736 692 1800 abominaris
714 1739 817 1815 idota,
848 1739 1041 1821 saerilegium

118 1821 212 1899 taeis3
234 1819 336 1881 nullos
358 1838 483 1901 prorsus
505 1821 679 1902 excipiens,
703 1822 760 1883 nisi
783 1824 844 1883 sint
864 1822 972 1904 spiritu
994 1820 1042 1883 Iu·

118 1903 197 1967 daei.
256 1903 324 1964 Nee
344 1910 392 1965 est
413 1903 495 1984 quod
525 1904 576 1964 hie
599 1903 726 1986 effugias
756 1925 793 1967 ee
825 1905 923 1967 dieas:
958 1905 1043 1966 Lieet

119 1986 175 2049 sub
198 1993 329 2067 peceato
351 1988 422 2066 siut,
445 1997 548 2048 tamen
571 1990 719 2069 optimum
747 1990 778 2049 in
801 1991 865 2063 eis,
902 1995 935 2049 ut
963 1989 1041 2049 ratio

118 2078 150 2131 et
169 2069 325 2147 voluntas,
346 2068 440 2133 habet
462 2075 606 2132 conatum
629 2071 669 2132 ad
692 2072 817 2135 bonum.
853 2071 885 2134 Si
898 2073 979 2132 enim
992 2090 1042 2133 eo·

118 2159 209 2215 natus
229 2153 364 2232 reliquus
387 2161 433 2214 est
454 2152 564 2232 bonus,
586 2154 695 2216 falsum
720 2162 780 2230 est,
803 2155 886 2236 quod
909 2174 964 2217 eos
985 2154 1042 2217 sub

119 2242 250 2317 peceato
273 2255 343 2297 esse
366 2236 449 2298 diuit.
509 2236 586 2297 Cum
616 2239 695 2298 enim
718 2237 852 2302 Iudaeos
881 2246 912 2300 et
934 2244 1043 2318 gentes

118 2321 266 2395 nominet,
288 2319 379 2380 simul
401 2319 660 2400 comprehendit,
684 2321 827 2402 quiequid
851 2322 881 2382 in
902 2320 1044 2402 gentibus

118 2410 149 2464 et
160 2401 285 2465 Iudaeis
296 2408 352 2479 est,
370 2403 428 2463 nisi
440 2403 569 2464 Paulum
590 2405 766 2465 inversurus
784 2403 861 2465 velis
883 2405 926 2465 ita
947 2405 1045 2483 sarip-

117 2487 221 2547 eisee:
261 2485 404 2546 Omnium
435 2482 619 2546 Iudaeorum
654 2494 686 2548 et
715 2487 852 2567 gentium
886 2505 958 2547 aare
993 2490 1004 2556 t
1011 2485 1043 2546 id

118 2566 183 2650 eet)
207 2569 375 2629 crassiores
387 2567 514 2629 effeetus
536 2568 592 2629 snb
608 2578 738 2650 peceato
762 2589 840 2650 esse,
863 2569 917 2630 sed
940 2569 986 2630 ira
1005 2568 1043 2629 de

117 2651 207 2713 meto
237 2651 375 2712 revelate
401 2670 493 2731 super
514 2670 592 2731 eos,
620 2658 703 2713 totos
719 2650 750 2732 ¹)
784 2660 830 2713 est
851 2651 1043 2727 damnatura,

117 2735 174 2794 uisi
199 2735 307 2815 spiritu
328 2733 540 2814 iustifleentur,
571 2734 652 2814 qnod
676 2755 738 2797 non
761 2735 872 2812 fleret,
899 2735 957 2795 uisi
988 2736 1043 2796 toti

117 2824 222 2879 essent
242 2816 298 2877 sub
321 2822 461 2899 peceato.
664 2866 667 2871 .

201 2899 368 2961 Videamus
390 2918 474 2977 vero,
497 2900 654 2980 quomodo
677 2901 790 2963 Paulus
811 2921 898 2963 suam
920 2905 1043 2962 senten-

117 2983 189 3043 tiam
212 3002 253 3044 ex
280 2984 376 3044 saeris
414 2983 506 3043 literis
543 2983 671 3064 probet,
704 3004 742 3045 an
772 2986 879 3047 fortius
906 2989 1044 3066 pugnent

117 3066 212 3151 rerbp
232 3067 262 3125 in
286 3064 391 3143 Paulo,
414 3084 505 3146 quam
527 3067 559 3126 in
581 3067 651 3128 loeo
674 3086 741 3129 sue.
787 3065 874 3131 Sient
896 3068 1042 3146 seriptum

115 3157 164 3210 est
188 3147 333 3231 (inquit):
357 3148 436 3225 Quia
457 3168 519 3209 non
541 3155 589 3210 est
609 3151 889 3231 iustusquisquem,
913 3169 974 3212 uon
997 3157 1043 3210 est

116 3230 311 3312 intelligens,
334 3251 396 3293 non
419 3239 466 3293 est
486 3233 643 3313 requirens
666 3234 783 3313 Deum,
813 3252 920 3294 omnes
951 3232 1041 3293 deeli-

114 3322 275 3393 naverunt,
297 3314 386 3376 simul
408 3314 528 3375 inutiles
550 3315 623 3376 faeti
647 3323 737 3395 sunt,
764 3335 827 3376 nun
856 3316 976 3396 estqui
998 3315 1042 3377 te·

116 3401 178 3460 aiat
199 3398 332 3474 bonnm,
363 3417 425 3459 non
449 3403 498 3459 est
524 3398 680 3481 usquead
704 3418 805 3462 unum.
855 3398 896 3459 Et
916 3398 1042 3476 reliqua.

197 3480 256 3542 Hie
277 3481 349 3542 mihi
372 3481 424 3542 det
444 3481 729 3562 interpretationem
751 3480 961 3561 commodam,
991 3482 1043 3561 qui

190 3750 223 3815 ⁸)
243 3747 322 3804 Rom.
344 3749 368 3803 1.
405 3746 452 3815 **)
471 3747 550 3803 Rom.
569 3749 595 3806 2.
635 3750 662 3817 1)
681 3747 712 3804 In
731 3747 776 3806 ed.
796 3748 879 3807 1526:
900 3750 984 3804 totus.
