2348 4162
278 260 314 318 ad
332 262 367 317 D.
384 263 529 318 Erasmunn
546 258 769 317 Rotorodamum.
923 242 987 325 333

147 432 350 515 Respondeo:
385 432 443 494 Hie
473 441 519 494 est
553 451 637 493 orror
665 433 717 493 ille
756 438 786 493 et
813 433 988 513 ignorantia

62 518 269 599 Hieronymi,
298 519 346 578 oui
375 517 447 577 lieet
474 518 664 597 Augustinus
690 516 807 577 fortiter
835 518 987 600 restiterit,

61 612 168 663 tamen
197 602 359 662 deserente
381 601 447 661 Deo
478 606 508 660 et
529 599 728 680 praevalente
750 599 865 661 Satana
894 600 987 660 dimu-

63 687 152 745 navit
173 686 203 744 in
227 684 371 745 mundum
395 690 426 744 et
447 684 616 764 permansit
637 684 668 743 in
691 682 873 743 hodiernum
897 682 987 746 diem.

63 768 134 844 Quo
158 777 189 828 et
208 768 322 829 laetum
345 774 400 848 est,
425 777 458 826 ut
478 766 668 846 impossibile
690 766 779 826 luerit
794 765 922 826 Paulum
945 766 988 825 in-

63 851 225 931 telligere,
255 856 287 912 et
306 850 419 911 Christi
448 851 588 911 notitiam
629 851 799 930 oportuerit
822 848 988 909 obscurari.

66 934 172 1013 Atque
192 938 219 994 si
241 934 344 1015 nullus
363 940 523 1014 praeterea
551 934 659 993 suisset
681 952 765 993 error
792 935 823 992 in
846 932 988 1008 eoolesia,

63 1020 122 1077 iste
149 1036 228 1077 nnus
250 1018 324 1078 satis
352 1017 498 1096 pestilens
526 1024 558 1077 et
578 1024 689 1097 potens
716 1016 771 1076 tuit
800 1016 839 1076 ad
870 1022 988 1076 vastan-

66 1100 138 1160 dum
162 1100 382 1182 Evangelium‚
409 1118 491 1180 quo,
513 1101 572 1160 nisi
593 1100 756 1180 singularis
779 1101 878 1180 gratia
899 1101 987 1159 inter-

63 1184 178 1262 cessit,
210 1185 360 1245 internum
383 1185 485 1263 potius
512 1201 603 1262 quam
638 1184 759 1243 eoelum
781 1182 988 1263 Hieronymus

63 1269 184 1345 meruit,
207 1274 324 1328 tantum
339 1267 436 1345 abest,
458 1273 492 1326 ut
503 1267 603 1346 ipsum
621 1268 804 1328 canonisara
826 1273 879 1326 aut
897 1267 988 1327 Sano-

63 1357 126 1410 tum
163 1368 233 1411 esse
260 1350 390 1411 audeam
413 1350 526 1414 dioere.
577 1349 647 1410 Non
679 1357 726 1410 est
754 1369 858 1409 verum
888 1351 988 1428 igitur,

63 1432 192 1494 Paulum
221 1433 259 1494 de
281 1433 537 1494 ceremonialibus
570 1432 713 1512 operibus
743 1439 860 1493 tantum
895 1433 989 1511 loqui,

63 1517 178 1596 alioqui
204 1516 361 1595 quomodo
386 1517 479 1577 stabit
500 1535 555 1577 sua
577 1516 760 1596 disputatio,
783 1534 843 1594 qua
865 1515 986 1575 eonolu-

62 1600 115 1679 dit,
137 1618 247 1660 omnes
269 1619 338 1661 esse
360 1601 490 1660 iniustos
509 1609 539 1660 et
555 1602 653 1680 gretia
675 1598 833 1679 indigere?
866 1599 990 1658 Dioeret

61 1685 143 1743 enim
167 1683 291 1762 aliquis:
315 1683 400 1762 Esto,
423 1702 464 1743 ex
481 1681 737 1743 ceremonialibus
760 1682 904 1762 operibus
926 1699 988 1740 non

62 1764 274 1842 iustilioemur,
297 1776 329 1827 at
351 1785 389 1826 ex
413 1765 577 1827 moralibus
600 1766 749 1846 Deoalogi
784 1767 852 1843 quis
886 1764 989 1824 iustifi-

63 1851 127 1910 uari
149 1849 279 1929 posset?
322 1848 424 1925 Quare
457 1857 509 1910 tuo
532 1848 715 1930 syllogismo
750 1848 809 1908 illis
833 1866 895 1908 non
917 1866 989 1927 pro·
1076 1844 1091 1897 ’.

62 1931 142 2011 besti
164 1934 369 1993 neeessariam
393 1935 532 2014 gratiam.
582 1932 659 1992 Tum
684 1950 774 2011 quam
797 1932 877 1991 utilis
898 1929 989 1991 fuerit
1039 1952 1042 1957 ·

60 2015 115 2076 illa
136 2018 252 2096 gratia,
276 2035 355 2096 quae
382 2017 480 2077 solum
510 2036 530 2077 a
557 2015 813 2077 ceremonialibus
845 2013 989 2095 operibus

61 2116 120 2160 nos
143 2099 287 2181 liberarit,
311 2111 471 2179 quaesunt
491 2099 639 2162 facillima
657 2101 805 2179 omnium,
827 2106 859 2159 et
880 2098 989 2159 saltem

62 2190 147 2244 metu
168 2183 218 2267 vel
241 2202 350 2244 amore
373 2184 419 2244 sui
441 2190 571 2263 possunt
595 2185 782 2262 extorqueri.
934 2186 940 2199 “

148 2298 214 2362 lam
247 2308 276 2361 et
303 2302 379 2362 illud
408 2321 568 2363 erroneum
597 2309 665 2379 est,
687 2320 782 2380 opere
804 2300 987 2360 ceremonia·
1100 2302 1103 2309 '

63 2383 105 2444 lia
138 2403 208 2444 esse
230 2383 387 2446 mortifera
419 2393 449 2445 et
476 2384 583 2444 illioita
613 2392 685 2463 post
715 2392 845 2445 mortem
868 2381 990 2443 Christi.

63 2466 134 2528 Nou
151 2466 218 2528 hoe
240 2468 316 2528 dixit
338 2486 472 2547 unquam
494 2468 616 2547 Paulus,
638 2466 693 2526 sed
716 2468 798 2547 dioit,
817 2465 904 2545 'quod
928 2483 989 2524 nou

63 2548 232 2610 iustificent
253 2560 282 2610 et
300 2552 415 2613 bomini
439 2551 512 2612 nihil
535 2551 654 2631 prosint
676 2552 780 2611 eoram
803 2549 894 2628 Deo,
928 2566 989 2627 quo
1052 2576 1055 2581 ·
1122 2532 1135 2581 J

65 2634 104 2693 ab
126 2634 285 2714 impietate
307 2635 384 2696 liber
405 2632 488 2694 fiat·
522 2633 598 2694 Oum
622 2634 682 2692 boo
705 2632 875 2710 benestat,
898 2640 931 2690 ut
953 2650 990 2689 ea

65 2717 216 2797 quispiam
240 2717 341 2798 laoiat,
364 2724 396 2778 et
418 2717 492 2778 nihil
507 2717 644 2778 illieitum
668 2725 771 2776 tamen
788 2714 889 2794 laniat,
913 2716 991 2773 siout

65 2798 158 2860 edere
180 2808 211 2861 et
233 2800 337 2862 bibere
360 2820 457 2880 opera
478 2809 564 2880 sunt,
586 2819 665 2880 quae
687 2818 749 2859 uon
774 2797 991 2859 iustifieautet
1018 2834 1021 2839 -

66 2882 133 2944 Deo
158 2902 215 2945 nos
237 2902 298 2944 non
322 2886 549 2964 commendant
571 2896 603 2945 at
625 2884 772 2944 nonideo
791 2882 927 2942 illinitum
948 2880 962 2939 f
980 2916 989 2926 ·
1004 2934 1020 2941 ..

66 2967 117 3045 eit,
140 2968 192 3045 qui
214 2966 278 3027 edit
299 2974 331 3028 et
353 2966 436 3029 bibit.

45 3112 48 3117 ·
148 3084 260 3145 Errant
292 3087 381 3147 etin
404 3085 490 3163 hoo,
523 3084 605 3164 quod
643 3104 739 3165 opera
773 3082 991 3144 oeremonialia
1102 3150 1106 3157 ,
1160 3088 1163 3095 ’

65 3186 169 3248 aeque,
186 3177 274 3229 erant
294 3176 461 3250 praeespta
483 3176 514 3230 et
536 3175 646 3233 exacta
665 3170 697 3227 in
730 3168 824 3228 veteri
859 3167 926 3247 lege
948 3176 990 3226 at

50 3270 126 3331 que
148 3250 324 3334 Deoalogns
336 3300 345 3333 ,
375 3263 405 3313 et
426 3253 496 3313 ideo
531 3253 609 3316 baso
630 3236 741 3330 neque*
767 3262 866 3320 minus
888 3279 990 3338 neque

66 3336 165 3416 magis
188 3335 334 3396 valebant
355 3354 445 3415 quem
479 3335 550 3415 illa,
581 3335 702 3396 ludaeis
734 3350 837 3404 autem
860 3345 989 3423 primum
1097 3382 1101 3387 ‹

65 3418 200 3499 loquitur
223 3420 346 3498 Paulus,
369 3427 401 3479 ut
423 3419 495 3479 dieit
516 3419 625 3484 Roma.
651 3424 684 3502 13
707 3442 800 3503 quare
823 3445 914 3487 nemo
938 3427 990 3485 du-

65 3502 166 3582 bitet,
188 3522 244 3582 per
265 3522 360 3582 opera
382 3502 457 3583 legis
479 3501 609 3582 intelligi
642 3510 745 3568 omnia
768 3530 863 3591 opera
897 3511 989 3570 totius

65 3585 153 3665 legis.
196 3582 276 3647 Nam
301 3606 340 3648 ne
367 3587 445 3665 legis
478 3585 601 3665 quidem
625 3608 721 3671 opera
756 3594 886 3656 dicenda
908 3601 989 3671 eunt,
1091 3654 1094 3659 ,
1137 3650 1140 3655 Α

65 3670 164 3733 silex
186 3669 337 3752 abrogata
354 3679 384 3730 et
401 3671 557 3732 mortifera
580 3680 635 3751 est,
658 3673 709 3732 lex
731 3680 812 3739 enim
840 3683 989 3763 abrogata

65 3760 125 3821 iam
150 3757 200 3818 lex
235 3781 296 3823 non
320 3768 375 3827 est.
441 3759 477 3823 Id
501 3758 583 3845 quod
619 3755 745 3837 pulohre
777 3763 894 3825 soiebat
912 3766 989 3841 ¹l’au·
