2348 4162
201 267 282 355 458Χ
483 269 584 340 Capita
600 267 668 327 fidoi
686 269 854 328 christianae

203 447 340 503 mortuus
363 448 426 522 est,
458 462 548 522 quarn
579 445 778 524 prohibentur
799 451 947 524 tanquam
970 448 1120 524 pastorem

204 544 271 585 cum
296 524 437 587 omnibus
461 528 522 586 suis
545 528 771 607 colloquentem
787 527 901 592 audire.
946 526 1016 602 Quo
1031 527 1120 606 magis

203 608 424 670 exhorrescens
447 610 645 672 vehementer
667 617 781 687 metuo,
804 631 842 670 ne
857 612 940 670 Deus
962 609 1122 689 aliquando

204 692 343 753 Concilio
367 693 508 772 angelico
533 694 687 774 Europam
711 694 861 773 subiiciat,
884 692 967 774 qnod
992 710 1051 752 nos
1067 711 1123 753 om-

203 794 257 837 nes
280 776 413 837 funditus
436 777 553 856 perdat,
576 779 654 837 sicut
675 778 746 838 olim
760 777 928 839 Sodomam
953 784 985 836 ct
999 774 1123 837 Gomor-

203 877 278 935 ram,
300 860 548 939 quandoquidem
579 860 657 921 adeo
681 869 795 933 temere
815 862 915 941 ipsum
939 879 994 939 par
1019 860 1123 920 (lonci-

203 941 244 1003 lia
265 942 395 1003 ludibrio
419 943 577 1007 habemus.
621 945 744 1004 Praeter
767 943 844 1003 haec
866 949 928 1004 tam
953 943 1124 1015 necessaria

202 1027 329 1106 negotia
352 1026 562 1088 ecclesiastica
594 1026 713 1088 infinita
734 1035 764 1086 et
786 1047 824 1086 ea
845 1046 906 1087 uon
930 1025 1014 1086 levia
1037 1026 1122 1086 etiam

202 1108 234 1169 in
258 1109 383 1189 politico
406 1115 486 1169 statu
516 1110 700 1190 corrigenda
721 1117 831 1173 essent.
875 1109 920 1170 lbi
943 1110 1025 1168 inter·
1048 1110 1123 1189 prin·

203 1192 287 1270 cipes
310 1200 341 1252 et
363 1190 486 1253 ordines
510 1194 662 1255 discordia
685 1203 747 1273 est,
769 1192 810 1252 ibi
832 1212 924 1253 usura
947 1200 979 1252 et
1001 1193 1124 1253 avaritia

203 1275 287 1335 velut
309 1275 453 1335 dilnvium
477 1276 631 1357 quoddam
655 1279 839 1357 irruperunt,
863 1282 894 1335 et
915 1276 1012 1355 plane
1033 1277 1064 1335 in
1085 1275 1123 1335 lo-

202 1376 271 1417 cum
293 1359 365 1419 iuris
388 1368 601 1420 successerunt
629 1359 812 1440 petulantia,
847 1358 1066 1434 immodestia,
1087 1357 1123 1418 la·

202 1448 267 1501 stus
288 1442 318 1500 in
342 1445 470 1519 vestitu,
504 1443 747 1522 heluationibus,
782 1443 864 1518 alea,
900 1442 1027 1522 pompis
1060 1459 1122 1500 cum

203 1527 286 1584 omni
309 1545 421 1605 genere
443 1527 585 1587 vitiorum
609 1526 811 1603 etscelerum,
834 1524 1048 1585 inobedientia
1062 1522 1123 1583 sub·

202 1607 345 1689 diturum,
366 1609 510 1686 familiae,
533 1611 799 1685 mercenariorum,
821 1609 957 1669 omnium
971 1606 1123 1687 opificum,

203 1696 233 1752 at
253 1693 435 1752 rusticorum
457 1693 647 1771 iniquissima
659 1694 690 1752 in
704 1691 929 1752 venditionibus
943 1690 1123 1764 aestimatio,

202 1780 233 1835 et
254 1774 315 1834 alia
336 1775 569 1837 innumerabilia
596 1777 639 1837 ita
661 1776 870 1853 invaluerunt,
902 1781 935 1834 ut
957 1793 998 1834 ne
1021 1772 1122 1833 decem

200 1857 323 1936 ‘quidem
359 1859 504 1919 Consiliis
550 1867 580 1917 et
610 1859 715 1938 viginti
751 1856 959 1918 contractibus
993 1856 1122 1936 politicis

203 1942 323 2018 possint
344 1941 509 2004 emendari.
554 1942 638 2002 Haec
660 1943 824 2022 praecipua
846 1939 1052 2000 ecclesiastici
1075 1956 1122 2019 po·

201 2024 335 2101 liticiqne
369 2030 465 2085 status
489 2027 608 2105 capita,
642 2026 666 2083 si
700 2026 728 2084 in
752 2022 881 2103 Synodo
911 2029 1122 2097 tractarentur,

202 2111 319 2166 tantum
344 2107 481 2168 facerent
503 2108 591 2168 uobis
614 2109 746 2187 negotii,
768 2112 801 2167 ut
822 2106 910 2167 lacile
933 2108 1054 2166 interea
1075 2103 1122 2164 ob·

201 2189 408 2250 livisceremur
430 2192 612 2271 ineptiarum
635 2191 675 2250 de
690 2192 798 2251 tunicis
811 2189 967 2265 talaribus,
990 2188 1032 2249 de
1044 2207 1121 2268 mag·

201 2273 247 2331 nis
270 2275 383 2333 rasuris
407 2276 551 2354 capitum,
573 2275 643 2334 latis
667 2273 806 2352 cingulis,
841 2272 1074 2352 episcopalibus
1095 2276 1121 2329 et

202 2355 407 2416 Cardinalitiis
430 2358 551 2437 galeris,
575 2357 693 2417 baculis
716 2363 747 2417 et
758 2355 906 2416 similibus
925 2357 1025 2434 nugis.
1069 2354 1121 2414 Rs

200 2439 257 2500 bus
280 2439 496 2500 ecclesiasticis
538 2447 569 2500 et
601 2439 740 2499 civilibus
776 2458 858 2499 nuno
889 2440 976 2498 iuxta
1000 2437 1120 2499 verbum

202 2522 257 2582 Dei
284 2525 455 2583 constitutis
478 2525 550 2583 satis
574 2530 690 2583 mature
714 2524 752 2582 de
775 2523 865 2599 cibis,
889 2522 1018 2598 vestitu,
1041 2539 1120 2582 rasn-

200 2607 241 2666 ris
264 2613 294 2665 et
317 2607 426 2687 casulis
449 2608 499 2686 agi
522 2614 635 2685 posset.
679 2605 738 2667 sed
769 2607 793 2665 si
817 2604 1004 2684 deglutimus
1027 2621 1120 2663 came·

201 2689 249 2750 los
272 2697 303 2749 et
325 2708 380 2767 pro
403 2689 448 2748 his
467 2690 645 2750 excolamus
669 2689 792 2765 culices,
815 2689 1000 2768 negligimus
1013 2686 1121 2761 trabes,

201 2792 263 2833 non
285 2772 409 2832 ferimus
430 2772 573 2849 festucas,
598 2792 660 2833 non
683 2779 739 2847 est,
762 2771 844 2851 qnod
857 2772 1031 2831 Concilium
1045 2788 1121 2848 mag·

202 2875 318 2934 nupero
351 2862 575 2936 exspectemus.
641 2853 836 2934 Quapropter
862 2872 962 2933 pauca
994 2854 1055 2914 feci
1076 2871 1119 2912 ca·

202 2941 275 3018 pita.
318 2938 395 2998 Nam
419 2939 534 3017 alioqui
558 2945 603 2998 tot
626 2958 642 2996 a
667 2939 733 2999 Deo
757 2937 901 2997 mandata
922 2936 1072 2997 habemus
1092 2937 1119 2994 in

202 3021 343 3093 ecclesia,
365 3023 395 3080 in
419 3024 617 3102 magistratu,
640 3022 670 3080 in
692 3021 783 3081 rebus
806 3019 1002 3097 domesticis,
1036 3028 1067 3079 nt
1088 3036 1121 3077 ea

201 3121 356 3181 nunquam
380 3106 533 3183 possimus
556 3103 712 3185 perficere.
756 3103 909 3178 Quorsum
931 3104 1025 3182 igitur
1047 3120 1122 3182 opus

202 3192 249 3248 ast
266 3186 359 3247 multa
381 3195 540 3268 praeterea
563 3189 685 3248 decreta
714 3196 744 3248 et
766 3187 945 3246 traditiones
980 3186 1121 3261 condere,

201 3272 380 3352 praesertim
405 3272 430 3330 si
451 3272 505 3332 illa
526 3271 707 3352 principalia
729 3290 747 3330 a
769 3270 836 3329 Deo
861 3269 1008 3330 mandata
1032 3267 1120 3347 negli-

200 3360 326 3435 gantur,
357 3355 443 3432 quasi
472 3374 544 3416 vero
576 3355 660 3415 illum
690 3354 802 3414 uostris
830 3354 953 3431 ineptiis
983 3359 1123 3432 oporteat

202 3438 322 3514 cedere,
346 3442 508 3517 propterea
531 3438 613 3517 quod
636 3456 756 3497 summa
783 3437 848 3496 eius
870 3434 1020 3496 mandata
1042 3435 1122 3516 pedi-

200 3518 259 3583 bus
281 3520 509 3584 conculcamus.
554 3520 613 3581 Sed
637 3540 694 3580 uos
707 3527 850 3599 premunt
873 3526 980 3578 nostra
997 3530 1123 3597 peccata

201 3623 301 3682 nequa
335 3603 439 3664 sinunt
460 3605 556 3664 Deum
580 3604 675 3663 nostri
700 3604 851 3678 misereri,
883 3603 955 3680 quia
978 3621 1042 3662 non
1065 3602 1123 3681 agi·

201 3706 268 3745 mus
290 3689 520 3766 poenitentiam,
542 3689 604 3747 imo
629 3705 701 3748 vero
724 3705 846 3747 ornnem
869 3686 1063 3764 impietatem
1076 3704 1121 3745 co·

198 3788 309 3833 namur
339 3768 485 3835 stabilire.
528 3770 709 3833 ODcmine
734 3768 805 3832 Iesu
835 3768 972 3849 Christe,
1005 3767 1124 3831 celebra
