2348 4162
214 238 276 305 196
454 238 497 296 Ds
514 252 598 295 servo
616 236 732 294 arbitrio
749 237 784 293 D.
801 236 838 293 tt.
856 236 889 295 L.

213 408 335 556 gopumd
343 409 519 470 Vertumnis
547 415 697 490 perpetuo
725 406 832 469 luders
859 405 941 489 apud
969 405 1136 487 quoslibet.

237 512 254 554 e
297 513 315 553 a
358 512 432 555 rem.

297 573 382 648 Exl)
409 596 469 636 una
490 575 641 634 sententia
663 572 816 635 delibero
838 573 962 635 arbitrio
986 573 1136 653 tripliosm

214 657 324 739 fingis:
355 657 430 719 dura
463 658 516 718 tibi
544 656 664 727 videtur
691 676 822 737 sorum,
851 657 904 717 sed
931 662 1034 717 tamen
1063 656 1137 717 satis

214 742 391 822 probabitis,
415 742 464 821 qui
488 749 601 820 negant
622 739 778 801 bominem
800 759 894 820 posse
917 738 999 801 velle
1019 738 1135 801 bonum

214 828 280 885 sine
302 825 446 905 peculiari
469 825 579 904 grstia,
602 829 718 903 negant
738 841 832 904 posse
853 824 998 904 incipere,
1020 826 1137 904 negant

214 926 307 989 posse
330 906 493 988 progredi,
523 905 670 987 perfluere
700 914 775 985 sto,
805 905 1023 998 hanuprobas
1056 905 1136 984 ideo,

214 991 297 1071 quod
317 991 470 1069 relinquat
483 990 599 1051 homini
621 989 754 1050 studium
775 995 806 1050 et
819 998 974 1071 nouatum,
997 988 1053 1050 sed
1075 1006 1136 1049 non

214 1074 375 1152 relinquat,
399 1072 481 1152 quod
504 1074 567 1132 suis
590 1072 703 1133 viribus
715 1073 879 1152 asscribat3
902 1072 1006 1133 durior
1018 1088 1136 1150 eorum,

214 1158 267 1237 qui
289 1156 479 1217 contendunt
499 1156 627 1216 liberum
650 1153 807 1217 arbitrium
828 1155 903 1217 nihil
925 1155 1057 1236 valere,
1080 1154 1137 1215 nisi

215 1240 253 1301 ad
274 1240 476 1319 peccandum,
499 1239 597 1300 solam
620 1239 749 1319 gratiam
772 1240 803 1299 in
826 1238 916 1300 nobis
939 1240 1062 1319 operari
1084 1236 1136 1301 bo·

215 1342 287 1382 num
305 1330 373 1398 ete,
397 1322 558 1383 durissime
575 1341 649 1383 vero
662 1322 794 1403 illorum,
816 1323 868 1402 qui
885 1321 999 1399 dieunt,
1023 1338 1136 1383 nomeu

215 1407 306 1466 inane
328 1425 397 1466 esse
419 1405 547 1466 liberum
570 1405 744 1483 arbitrium,
772 1405 826 1466 sed
850 1405 947 1466 Deum
970 1412 1034 1471 tum
1056 1403 1138 1468 boue

213 1506 306 1568 quam
330 1489 411 1549 mala
440 1487 583 1549 innubis
608 1489 729 1568 operari
752 1507 917 1568 memeque
942 1487 1136 1549 necessitatis

215 1591 284 1632 esss
306 1572 428 1649 omnia,
451 1590 529 1650 quae
551 1570 678 1648 fiunt2).
701 1569 857 1633 Adversus
879 1571 935 1633 has
963 1580 1136 1652 postremas

214 1653 367 1736 profiteris
389 1663 419 1715 ts
441 1654 585 1715 seribere.

298 1737 364 1799 Seis
387 1738 494 1816 etiarn,
517 1734 589 1817 quid
612 1736 772 1817 loquaris,
800 1737 841 1797 mi
868 1735 1020 1799 Erasme?
1062 1736 1136 1799 Tres

213 1820 289 1881 faeie
310 1820 360 1881 hio
381 1822 542 1900 opiniones
564 1818 649 1881 velut
671 1821 759 1880 trium
782 1828 944 1895 sectarum,
966 1816 1052 1900 quod
1072 1838 1136 1881 rem

215 1903 356 1982 eandem,
378 1904 445 1963 aliis
467 1910 499 1964 et
519 1903 587 1963 aliis
600 1902 700 1964 verbis
722 1904 806 1964 varie
823 1902 984 1965 dissertum
1006 1922 1027 1965 a
1047 1901 1136 1965 nutu

215 1984 331 2046 eisdem
354 1993 385 2048 et
406 1987 494 2046 unius
516 1995 620 2069 aeetae
640 1985 875 2066 professoribus,
896 2005 959 2048 nou
980 1985 1135 2067 intelligis.

214 2065 278 2130 Sed
305 2088 485 2149 moneamus
518 2078 550 2131 et
570 2068 769 2131 ostendamus
801 2069 855 2131 tibi
896 2067 1134 2147 oscitantiam⁸i

216 2151 264 2212 vel
285 2151 501 2213 hebetudinem
523 2151 628 2213 iudieii
650 2153 703 2214 tui.

297 2235 397 2318 Rogo,
422 2235 558 2296 definitio
574 2234 659 2297 liberi
677 2233 791 2296 arbitrii
814 2255 833 2296 a
854 2241 885 2298 te
906 2235 980 2297 data
995 2235 1137 2319 superius

214 2319 371 2398 quomodo
402 2318 531 2398 quadrat
552 2317 623 2378 huie
651 2319 768 2397 primae
795 2320 933 2399 opinioni
961 2320 1038 2380 satis
1065 2336 1138 2401 pro·

213 2399 328 2463 babili?
381 2402 493 2462 Dixisti
521 2401 602 2461 enim
631 2400 758 2462 liberum
787 2402 944 2463 arbitrium
976 2420 1048 2464 esse
1075 2402 1148 2463 vim'

214 2484 379 2546 voluntatis
402 2486 578 2564 humanae,
601 2502 662 2563 qua
685 2504 719 2545 se
740 2485 833 2547 bomo
856 2484 1013 2566 sppliuare
1034 2490 1137 2565 potest

214 2567 253 2628 ad
276 2567 411 2647 bonum,
431 2568 480 2628 hio
503 2586 576 2628 vero
601 2567 676 2627 diois
698 2575 729 2628 et
750 2569 863 2648 probas
886 2569 957 2647 diei,
978 2567 1135 2630 hominem

213 2651 279 2712 sine
301 2653 401 2733 gratia
422 2668 483 2713 non
506 2670 601 2731 posse
622 2649 703 2711 vello
721 2650 845 2714 bonum.
888 2650 1035 2713 Definitio
1057 2648 1134 2713 affir-

214 2741 294 2814 mat,
322 2734 404 2814 quod
428 2734 602 2814 exemplum
633 2735 697 2794 eius
719 2744 830 2816 negat,
869 2736 1084 2814 inveniturque
1104 2735 1136 2796 in

212 2825 265 2878 tuo
288 2816 383 2878 libero
415 2818 540 2878 arbitrio
576 2817 665 2877 simui
686 2817 760 2878 Est
787 2825 817 2879 et
842 2818 951 2896 Nou,
980 2826 1015 2879 ut
1045 2816 1136 2880 simul

212 2918 271 2960 nos
292 2906 323 2959 st
345 2898 458 2979 probes
480 2907 512 2961 et
532 2900 669 2980 damnes,
692 2907 722 2960 te
743 2903 842 2982 ipsum
861 2920 985 2983 qunque
1007 2901 1136 2963 damnes

213 2987 244 3043 et
271 2983 382 3062 probes
410 2983 440 3043 in
469 3002 530 3045 uuo
561 2983 733 3064 eodemque
762 2984 907 3065 dogmate
934 2992 966 3046 et
995 2982 1136 3047 articulo.

213 3064 263 3127 An
286 3074 385 3145 putas,
408 3085 470 3127 uon
494 3065 718 3145 essebonum,
746 3068 904 3148 apptiuare
932 3086 1003 3130 sess
1024 3067 1064 3130 sd
1088 3084 1135 3149 ss,

213 3167 291 3227 quas
313 3158 385 3209 sunt
405 3150 511 3210 salutis
534 3157 703 3229 aeternae,
729 3150 813 3229 quod
841 3149 978 3212 definitio
1011 3156 1065 3211 tua
1087 3150 1136 3211 tri·

212 3230 277 3292 buit
300 3231 395 3293 libero
425 3231 570 3293 arbitrio?
601 3253 670 3294 eum
699 3234 773 3294 nibil
801 3236 840 3295 sit
870 3252 948 3314 opus
970 3234 1089 3315 grstia,
1108 3232 1135 3293 si

211 3321 328 3375 tantum
352 3315 465 3376 bouum
480 3323 563 3376 esset
582 3317 613 3376 in
628 3316 723 3378 libero
747 3315 882 3395 arbitrio,
905 3335 967 3397 quo
983 3336 1018 3379 se
1032 3317 1134 3398 ipsum

210 3398 366 3479 apptiears
388 3406 495 3479 posset
515 3398 553 3460 sd
577 3398 701 3464 bouum.
746 3401 852 3480 ltaque
885 3398 969 3460 aliud
992 3408 1040 3461 est
1063 3399 1136 3461 libe·

210 3500 276 3541 rum
298 3481 465 3559 arbitrium,
488 3482 571 3563 quod
594 3481 711 3564 definis,
735 3491 765 3546 et
782 3481 961 3564 aliudquod
983 3481 1135 3565 defendis,

281 3618 314 3681 1)
335 3617 366 3671 In
384 3620 428 3673 sd.
446 3617 504 3673 Isn.
522 3617 567 3673 hie
585 3618 703 3689 margini
720 3617 884 3688 inscriptum
902 3622 959 3673 est:
990 3618 1134 3675 Erasmus.

209 3688 243 3752 2)
262 3688 295 3742 In
313 3688 358 3744 sd.
377 3689 433 3746 Ieu.
463 3690 563 3746 desunt
581 3689 681 3747 verba:
711 3705 858 3760 moraeque
885 3696 938 3745 ste.
976 3691 1009 3753 3)
1038 3690 1073 3747 Iu
1091 3689 1134 3749 sd.

212 3761 280 3817 1525
299 3768 327 3815 et
349 3763 428 3817 1526:
449 3761 624 3829 oscitantem
644 3762 673 3816 in
691 3763 735 3818 sd.
753 3763 830 3819 Ion:
850 3762 1036 3821 osuitantisrn
