2348 4162
130 229 196 295 291)
378 231 422 287 De
439 247 522 289 servo
541 231 656 287 arbitrio
675 232 712 290 D.
727 232 764 287 tt
781 232 812 289 t

131 400 281 481 Origenes
316 401 383 461 istis
410 402 498 481 nugis
521 401 716 481 repleverunt
736 401 844 463 orbem
876 408 909 462 et
930 408 1053 463 autores

131 484 252 543 fuerunt
262 484 433 563 pestilentis
444 486 533 545 huius
545 487 690 566 exempti,
702 504 742 546 ne
752 486 941 566 simplicitati
952 484 1052 566 sarip-

131 574 266 627 turarum
288 567 470 631 studeretur.

216 649 288 709 Mihi
311 671 352 710 ex
374 653 434 711 istu
462 651 532 710 iona
554 652 629 709 satis
651 658 714 710 erat
736 650 875 731 probari,
905 649 1053 730 quod'di-

131 733 202 792 vina
224 736 371 793 autoritas
393 734 532 794 homines
554 733 726 814 appellaret
744 752 886 809 earnem,
920 740 954 794 et
974 732 1052 793 adea

131 834 272 895 earnem,
294 824 328 876 ut
350 818 474 896 spiritus
499 817 553 875 [tei
575 836 638 875 non
659 826 767 896 posset
788 819 868 877 inter
888 835 946 877 eos
964 816 1052 877 dura·

131 919 179 975 re,
211 898 266 959 sed
294 910 408 959 statuto
430 908 570 979 tempure
597 910 681 959 esset
712 901 906 960 revocandus
937 899 978 959 ab
999 901 1052 960 eis.

131 980 223 1056 Quod
246 983 327 1041 euim
362 992 457 1063 negat
480 990 629 1062 perpetuo
652 984 731 1041 inter
751 984 894 1043 homines
915 983 1051 1062 spiritum

131 1084 219 1125 suum
241 1063 443 1124 iudicaturum
466 1086 534 1125 esse
548 1066 642 1140 Deus,
664 1084 737 1125 mox
760 1064 877 1144 definit,
898 1084 970 1126 eum
981 1084 1049 1125 een·

131 1157 194 1207 tum
216 1149 323 1227 viginti
346 1165 445 1208 anuas
466 1147 662 1228 praeseribit,
687 1147 797 1227 quibus
827 1148 931 1209 adhue
953 1150 992 1208 sit
1011 1149 1051 1207 iu·

131 1230 296 1291 dicaturus.
339 1228 478 1311 Opponit
499 1240 602 1291 autem
624 1233 761 1310 spiritum
782 1233 876 1307 sarni,
900 1231 984 1311 quod
1001 1230 1050 1291 hu

131 1315 240 1391 mines,
262 1331 330 1372 uum
352 1316 415 1374 sint
435 1334 524 1393 earn,
547 1316 684 1394 spiritum
707 1333 770 1375 nou
792 1314 966 1394 admittant,
987 1315 1051 1394 ipse

132 1415 216 1471 vern,
237 1415 307 1455 eum
330 1398 530 1476 suspiritus,
562 1416 686 1457 earnem
707 1397 840 1478 probare
858 1416 922 1457 non
945 1396 1051 1477 possit,

131 1481 174 1539 ita
195 1479 271 1557 fieri,
293 1487 325 1539 ut
348 1481 541 1540 revocandus
564 1484 613 1557 sit,
635 1489 707 1559 post
724 1488 846 1541 sentum
869 1482 979 1560 viginti
1002 1498 1050 1539 aa·

131 1580 204 1640 nns3
240 1563 395 1622 attacum
419 1563 497 1623 Masi
527 1565 572 1623 sie
591 1562 761 1643 intelligas:
803 1563 935 1643 Spiritus
957 1581 1049 1639 maus,

130 1646 181 1724 qui
205 1651 252 1705 est
271 1647 302 1705 in
315 1645 383 1705 Noe
404 1653 435 1706 et
456 1646 524 1707 aliis
548 1648 618 1706 viris
640 1648 765 1726 sanetis,
788 1648 890 1725 arguit
910 1646 982 1706 illos
996 1647 1048 1705 im·

131 1730 215 1809 pius,
248 1746 304 1807 per
336 1728 461 1789 verbum
496 1728 734 1810 praedicationis
764 1738 796 1790 et
816 1731 910 1789 vitam
933 1732 1048 1809 piorum

132 1810 285 1885 (iudicare
307 1814 387 1871 euim
411 1813 489 1872 inter
510 1812 650 1872 homines
672 1822 720 1871 est
740 1811 844 1872 affinio
867 1811 953 1872 verbi
975 1814 1050 1872 iuter

131 1911 187 1954 eos
200 1912 302 1973 agere,
326 1914 464 1974 arguere,
477 1896 647 1975 increpare,
671 1894 844 1976 obscurare,
867 1902 1049 1975 opportune,

130 1976 340 2057 importune),
368 1977 422 2038 esd
444 1979 563 2041 frustra.
606 1978 653 2038 Illi
676 1980 756 2038 enim
779 1997 872 2039 earne
893 1976 1048 2039 exeuemti

130 2070 161 2118 et
182 2059 313 2120 indurati
347 2079 386 2121 eu
408 2061 485 2121 fiunt
504 2064 643 2141 peiores,
676 2079 737 2140 quo
775 2061 843 2141 plus
869 2061 1048 2136 iudicantur,

130 2143 210 2202 aiant
230 2141 272 2223 fit,
296 2144 417 2222 quoties
440 2144 565 2204 verbum
588 2145 643 2204 Dei
666 2145 697 2203 in
721 2144 866 2205 muudum
890 2146 990 2221 venit,
1020 2148 1050 2204 ut

130 2227 251 2305 peiores
273 2226 365 2305 fiant,
403 2246 464 2306 quo
496 2229 595 2307 magis
624 2226 809 2290 erudiantur.
852 2227 955 2306 Atque
977 2227 1050 2287 huss

130 2327 224 2368 eausa
245 2309 325 2385 seuit,
348 2317 380 2369 ut
401 2309 588 2370 annularetur
609 2313 664 2386 ira,
685 2312 763 2370 sieut
784 2311 877 2372 stibi
899 2309 1049 2371 asaelem·

131 2400 193 2451 turn
216 2402 263 2451 est
284 2391 440 2470 diluvium,
465 2394 588 2473 quando
611 2396 670 2453 iam
693 2412 755 2453 non
780 2393 880 2453 solum
897 2400 1048 2473 pensatur,

130 2475 183 2533 sed
206 2477 298 2535 etiam
320 2478 419 2556 gratia
440 2478 658 2552 contemnitur,
681 2483 713 2536 et
733 2483 766 2536 ut
787 2474 972 2558 Christus*)
995 2476 1047 2537 ait:

63 2608 67 2613 .
130 2557 280 2619 Veniente
303 2560 370 2618 tuae
393 2558 526 2620 oderunt
547 2560 687 2620 homines
711 2560 820 2623 luuem.

213 2642 291 2701 Dum
306 2646 336 2719 ¹)
361 2643 451 2722 igitur
463 2641 602 2703 homines
615 2644 675 2703 sint
696 2661 778 2718 earo,
801 2643 868 2702 Dea
880 2644 950 2721 ipso
964 2647 1048 2719 testa,

130 2722 202 2782 nihil
226 2744 334 2804 supere
356 2735 486 2804 possunt
508 2727 565 2785 nisi
589 2745 730 2802 earnem,
759 2724 830 2787 ideo
853 2724 929 2785 nihii
951 2723 1049 2784 valera

129 2805 256 2866 liberum
289 2807 444 2867 arbitrium
474 2810 531 2869 nisi
554 2810 592 2868 ad
615 2808 823 2889 peccandum,
856 2826 927 2867 uum
959 2809 1048 2868 etism

129 2890 236 2967 spiritu
261 2890 316 2949 Dei
344 2892 422 2950 inter
457 2910 511 2952 eos
540 2900 673 2952 vocante
706 2898 739 2952 et
759 2890 891 2951 doueute
913 2893 944 2951 iu
965 2892 1048 2971 peius

129 2971 300 3049 profitiant,
323 2974 394 3052 quid
417 2974 555 3034 facerent
576 2974 633 3035 sibi
654 2974 751 3035 reliuti
764 2975 831 3035 siue
852 2969 1047 3054 spirituDei?

129 3053 236 3132 Neque
259 3055 308 3114 hie
330 3056 494 3136 quidquam
518 3058 591 3118 tacit
612 3058 650 3117 ad
672 3077 752 3134 rem,
781 3057 863 3136 quad
886 3056 992 3117 Moses
1013 3055 1048 3115 de

128 3136 187 3197 iliis
209 3140 317 3199 aetatis
352 3140 525 3201 homiuibus
556 3141 699 3220 loquitur.
743 3140 825 3200 idem
855 3141 991 3220 pertinet
1012 3135 1048 3199 ad

129 3238 236 3281 omnes
259 3222 414 3302 homines,
435 3243 506 3283 uum
530 3225 590 3283 siut
613 3242 833 3303 amassenus,
866 3224 947 3283 sieut
968 3220 1047 3284 curi-

128 3311 191 3363 stus
214 3303 287 3364 dicit
306 3304 415 3368 Iohan.
438 3308 472 3371 3:
494 3305 702 3382 Quodnatum
725 3313 829 3368 estex
850 3324 954 3385 earne,
978 3321 1045 3365 uaru

128 3394 183 3448 est.
227 3387 317 3463 Quod
342 3407 433 3468 quam
455 3409 549 3468 grave
572 3391 677 3449 vitium
701 3391 754 3469 sit,
782 3391 913 3470 ipsemet
935 3388 1044 3449 ibidem

128 3469 228 3549 docet,
252 3471 301 3531 ubi
324 3470 407 3551 dicit,
430 3492 491 3533 non
504 3474 617 3534 intrare
630 3492 757 3554 reguum
772 3473 828 3534 Dei
840 3490 935 3554 posse
948 3488 1044 3551 quem·

199 3744 229 3813 ⁸)
250 3744 344 3801 Iohau.
364 3748 389 3801 3.
429 3750 460 3813 1)
481 3748 512 3801 In
531 3745 576 3802 ed.
597 3745 779 3804 15252011111.
