2348 4162
201 247 264 313 aaa
444 247 488 303 ns
506 260 589 302 servo
608 218 723 300 areima
741 244 776 300 o.
795 242 831 298 u.
850 243 909 298 u.-

203 418 273 502 quis
294 416 347 478 ille
368 421 508 492 conatus,
532 434 622 496 quem
644 414 787 495 relinquit
808 414 907 494 prima
927 413 980 475 illa
1003 418 1036 477 el
1052 432 1130 496 pro·

202 501 311 563 babilis
334 500 461 579 opinio?
485 500 604 560 Bonum
628 498 772 573 studium,
795 496 1036 559 bonuseonatus
1053 516 1161 558 esse‘

203 604 266 645 non
290 588 404 663 potest,
427 583 583 662 quianon
607 588 711 663 potest
731 580 811 641 velle
834 580 966 662 bonum,
999 578 1131 642 ut-dicit

203 668 327 748 opinio,
362 671 393 727 et
421 685 603 727 concessum
634 671 690 729 ast.
733 663 847 725 Malum
870 665 962 808 ligitur
982 663 1160 747 studiana„

204 751 302 812 malus
326 755 455 811 conatus
478 750 666 829 relinquitur,
689 749 739 829 qui
752 748 866 808 amissa
892 748 1023 811 ibertate
1045 747 1130 829 cogi·

204 840 252 895 tur
274 836 388 895 servire
411 840 551 913 peccato.
594 833 660 893 Imo
695 831 767 911 quid
796 838 843 892 cst
873 837 904 892 et
931 830 993 892 boa
1015 830 1129 909 dicare,

204 917 347 998 quaeso?
375 916 530 994 Relinquit
553 916 686 977 studium
710 921 740 976 et
762 919 905 974 conatum
929 914 1038 995 opinio
1060 916 1134 992 isla,

203 1020 265 1060 uon
292 1007 394 1060 tamen
417 999 575 1078 relinquit,
599 997 681 1076 quod
703 997 815 1059 viribus
838 999 900 1059 suis
922 996 1129 1059 asscribatur?

205 1081 283 1165 Quis
306 1082 384 1143 haec
406 1083 509 1143 animo
533 1083 697 1162 concipere
729 1080 856 1164 potest?
887 1080 918 1142 st
942 1080 1078 1142 studium
1100 1085 1130 1142 et

203 1172 333 1228 conatus
355 1165 469 1226 viribus
492 1164 577 1226 liberi
601 1165 716 1227 arbitrii
737 1164 964 1245 relinquuntur,
987 1183 1043 1226 cur
1065 1182 1128 1225 uon

203 1249 319 1310 eisdem
333 1247 596 1311 describerentur?
620 1248 650 1310 Si
664 1267 725 1309 uon
737 1248 954 1326 asscribentur,
970 1246 1128 1326 quomodo

204 1331 439 1413 relinquuntur?
461 1334 508 1392 An
532 1332 665 1393 eludium
688 1338 718 1390 et
740 1338 868 1392 conatus
890 1330 942 1391 ille
964 1337 1038 1392 ante
1059 1350 1128 1412 gra·

204 1417 277 1476 tiam
303 1417 395 1475 etiam
417 1416 476 1496 ipsi
499 1415 617 1476 futurae
641 1416 760 1496 gratiae
792 1420 823 1474 et
844 1433 908 1476 nou
930 1412 1027 1475 libero
1050 1412 1142 1475 urbia.

208 1500 266 1559 trio
289 1498 517 1579 relinquuntur,
548 1506 582 1560 ut
604 1498 695 1558 simul
719 1504 749 1558 et
781 1497 992 1577 relinquantur
1012 1502 1046 1558 et
1067 1515 1128 1558 nou

209 1581 420 1660 relinquantur
452 1581 551 1642 eidem
589 1582 684 1643 libero
720 1579 868 1643 arbitrio?
913 1579 944 1644 Si
967 1579 1049 1642 baec
1067 1597 1145 1649 uon¹

204 1672 277 1726 suut
294 1665 454 1745 paradoxa
481 1664 532 1726 vel
564 1666 667 1747 potius
689 1671 843 1747 monstra,
877 1663 951 1745 quid
972 1670 1037 1725 lum
1060 1667 1140 1725 aunt.

204 1747 362 1810 monstra?

287 1880 347 1943 Sed
369 1881 431 1943 hoa
451 1880 530 1942 forte
551 1881 686 1944 somniat
707 1878 845 1960 diatriba,
866 1879 945 1942 inter
966 1878 1128 1957 bacades,

204 1982 299 2045 posse
320 1964 400 2024 velle
430 1964 561 2043 bonum,
597 1985 659 2026 nou
682 1983 777 2045 posse
798 1962 879 2026 velle
900 1962 1034 2041 bonum,
1066 1961 1127 2024 dari

205 2048 358 2126 medium,
394 2047 476 2127 quod
506 2049 546 2108 eil
566 2047 741 2109 absolutum
764 2046 861 2126 velle,
895 2066 954 2108 nec
974 2044 1051 2107 boni
1072 2064 1128 2107 occ

205 2130 276 2190 mali
300 2129 405 2191 habito
420 2137 571 2210 respectu,
594 2137 627 2191 ut
639 2131 810 2211 sicargutia
825 2129 957 2209 quadam
970 2128 1129 2191 dialectica

205 2213 354 2293 scopulos
377 2213 545 2274 evadamus
568 2219 600 2274 et
622 2214 775 2274 dieamus:
797 2212 833 2275 In
850 2213 1010 2274 voluntate
1034 2212 1128 2273 homi·

205 2297 252 2355 nis
282 2315 351 2357 esse
385 2295 540 2376 quoddam
577 2297 674 2374 velle,
708 2295 790 2377 quod
812 2297 844 2356 in
866 2295 982 2358 bouum
1005 2294 1126 2375 quidem

205 2379 272 2439 sine
294 2380 394 2459 gratia
415 2397 476 2440 non
500 2384 620 2459 potest,
649 2385 832 2440 nontamen
855 2380 922 2440 sinc
944 2380 1047 2460 gratia
1067 2384 1125 2440 sla·

204 2462 257 2522 tim
279 2481 340 2522 oon
364 2463 422 2523 nisi
445 2462 557 2522 malum
582 2462 665 2539 velit,
688 2462 741 2522 sed
765 2463 805 2522 sit
826 2482 935 2542 purum
959 2468 1126 2523 elmerum

205 2545 295 2623 velle,
318 2564 373 2625 per
394 2546 524 2624 gratiam
546 2565 663 2606 sursum
687 2545 726 2606 ad
748 2544 873 2625 bonum,
894 2565 950 2626 per
966 2552 1126 2626 peccatum

205 2626 350 2688 deorsum
373 2628 412 2689 ad
445 2628 557 2689 malum
592 2628 740 2693 vertibile.
783 2625 845 2690 Sed
880 2629 931 2691 ubl
964 2635 1030 2688 lum
1052 2625 1126 2688 illud

206 2719 325 2786 manet,
361 2709 442 2790 quod
467 2711 582 2771 dictum
606 2719 665 2775 eat:
689 2710 813 2772 Amissa
845 2710 987 2772 libertate
1009 2711 1127 2793 cogitur

205 2794 320 2854 servire
340 2794 494 2874 peccato?
516 2794 566 2854 ubi
589 2799 652 2854 tum
670 2794 744 2855 illud
766 2793 908 2871 studium,
930 2794 1017 2937 quod
1041 2792 1125 2856 relin-

208 2877 319 2956 quitur,
341 2882 373 2935 et
394 2877 546 2938 conatus?
569 2876 620 2937 ubi
644 2879 688 2937 ris
710 2876 885 2957 applicandi
910 2896 928 2939 a
971 2896 1028 2950 ea,
1050 2894 1125 2958 quac

207 2958 313 3018 salutis
337 2967 482 3020 aeternae
505 2960 597 3021 sunt?
619 2960 727 3041 Neque
749 2961 829 3020 enim
843 2962 937 3021 vises
950 2956 1125 3043 applicandi

207 3040 396 3102 adsalutem
421 3049 614 3122 potestesse
637 3063 743 3124 purum
766 3043 856 3119 velle,
880 3044 938 3105 uisi
960 3043 1045 3104 salus
1060 3042 1125 3125 ipsa

205 3124 279 3184 nibil
301 3143 370 3185 esse
392 3125 517 3186 dicatur.
561 3125 825 3187 Deindesludium
848 3133 879 3187 et
901 3134 1033 3188 conatus
1055 3144 1124 3206 quc·

205 3226 264 3286 que
287 3226 394 3287 purum
418 3209 497 3269 velle
519 3228 588 3270 esse
610 3229 672 3270 nou
695 3216 807 3290 potest,
829 3228 898 3270 cum
921 3210 1125 3291 aliquantula

203 3289 242 3350 ad
265 3289 395 3370 bonum)
419 3293 472 3352 niti
496 3299 526 3352 et
554 3293 674 3368 conari,
704 3301 735 3353 et
757 3312 819 3355 uon
843 3293 872 3352 io
895 3292 1024 3355 nihilum
1057 3290 1123 3353 terri

204 3373 252 3435 vel
288 3376 447 3453 quiescere
480 3375 611 3436 studium
649 3376 756 3456 possit.
800 3374 944 3456 Summa,
979 3392 1122 3456 quorsum

203 3474 349 3535 quorsum
374 3476 442 3518 sese
464 3461 589 3519 verterit
620 3458 764 3534 diatriba,
793 3476 855 3519 non
879 3464 984 3539 potest
1008 3466 1121 3520 contn-

204 3538 389 3601 dictionibus
412 3548 443 3601 et
464 3540 671 3622 pugnantibus
693 3542 782 3603 dictis
804 3541 901 3619 elabi,
923 3549 1041 3603 utnon
1064 3548 1121 3602 tam

201 3622 301 3701 ipsum
324 3623 451 3684 liberum
475 3625 647 3704 arbitrium,
681 3624 764 3705 quod
787 3624 938 3703 defendit,
969 3626 1119 3706 captivum

202 3705 259 3785 sit,
293 3725 385 3786 quam
406 3708 476 3789 ipsa
497 3708 622 3790 captiva
643 3715 706 3791 est,
741 3709 786 3769 sic
807 3709 888 3770 enim
910 3709 942 3771 iu
964 3706 1118 3771 liberanda
