2348 4162
310 243 400 299 amico
419 242 530 298 cuidam
547 242 746 313 praesorlptaa.
921 239 984 309 377

64 416 219 480 debebant
238 417 304 478 eius
325 416 469 478 humilem
487 416 651 479 adventum
675 428 881 481 contemnere.
924 418 984 499 lgi-

65 510 112 564 tur
133 503 192 563 iste
223 500 311 564 locus
347 501 502 564 concludit
524 507 633 562 contra
655 520 723 582 eos,
758 504 837 564 sicut
858 502 984 564 evidens

65 588 200 668 signum,
235 584 318 663 quod
341 585 477 647 Ohristus
510 586 571 645 iam
608 585 726 646 venerit
748 592 778 647 et
800 586 910 647 frustra
931 607 984 647 ex-

65 675 205 751 spectent
226 669 393 751 gloriosum
417 671 481 729 eius
504 669 684 749 adventum,
708 688 776 730 cum
799 670 849 731 hic
868 689 986 751 pauper

65 761 94 815 et
116 773 210 834 super
236 754 355 813 asinum
375 754 481 814 venire
502 753 718 833 prophetetur,
754 759 908 814 ettamen
930 773 985 814 rex

62 855 171 903 eorum
204 836 385 917 appellatur.
455 836 591 897 Necesse
622 838 702 898 enim
741 837 796 897 fuit
833 836 985 898 Christum
1106 902 1109 909 ,

67 922 172 982 venire
193 921 226 981 in
247 918 415 982 Ierusalem
438 940 606 1001 pauperem
629 940 721 1001 super
738 921 866 1001 asinum,
889 921 985 999 utim-

64 1005 199 1085 ple'retur
221 1003 300 1065 haec
322 1003 495 1084 prophetia.
537 1003 611 1065 Ideo
624 1005 800 1066 necessario
823 1003 986 1065 suntdam·

65 1089 138 1168 nati,
163 1089 213 1168 qui
238 1106 307 1149 eum
330 1086 496 1149 adventum
513 1093 774 1168 contempsemnt.

148 1205 200 1267 sio
221 1211 252 1266 et
282 1205 376 1266 hodie
398 1224 455 1266 nos
485 1224 547 1266 non
571 1225 674 1266 sumus
698 1208 851 1285 excusati,
873 1208 897 1267 si
922 1226 986 1267 ver·

64 1289 136 1351 burn
166 1290 230 1349 eius
260 1288 307 1364 (id
331 1295 378 1350 est
400 1288 588 1368 spiritualem
612 1288 795 1372 adventum)
824 1309 886 1351 nou
909 1290 987 1351 acci-

64 1373 168 1452 pimus
200 1378 326 1452 propter
347 1370 527 1432 scandalum
551 1373 665 1450 crucis,
690 1391 750 1451 quo
779 1381 827 1436 est
848 1380 986 1454 opertum

65 1461 96 1516 et
118 1454 337 1536 deformatum,
368 1456 413 1515 ita
438 1454 480 1514 ut'
499 1461 580 1531 totus
602 1455 732 1516 mundus
764 1462 796 1517 et
817 1476 889 1518 caro
913 1475 987 1517 con-

66 1544 206 1600 temnent
227 1540 314 1617 quasi
336 1557 400 1599 rem
423 1538 524 1615 nihili,
546 1539 618 1617 qnia
640 1538 745 1600 vident
766 1545 988 1620 paupertatem,

64 1622 294 1702 impotentiam,
316 1622 517 1703 ignominiam
541 1623 627 1701 sequi
649 1630 679 1682 et
701 1621 869 1684 adhaerere
892 1623 988 1682 omni·

65 1704 132 1779 bus,
156 1702 208 1783 qui
230 1706 355 1768 verbum
378 1705 540 1783 accipiunt,
561 1704 632 1765 ideo
654 1706 784 1767 iustitias
806 1707 905 1768 carnis
926 1725 988 1766 am-

66 1787 240 1867 plectuntur
262 1795 296 1850 ut
316 1790 383 1849 iura
405 1793 435 1848 et
448 1789 649 1863 ceremonias,
675 1790 746 1867 qnia
763 1789 892 1851 afferunt
903 1807 988 1868 opes,

66 1871 206 1951 gloriam,
228 1872 396 1951 potentiam
419 1876 477 1934 etc.
520 1870 582 1931 Alii
596 1889 670 1932 vero
689 1873 779 1932 etiam
803 1891 988 1953 persequun-
1028 1935 1032 1941 ,
1149 1950 1152 1957 ¹

67 1962 123 2032 tur,
145 1955 244 2097 etlpic
265 1961 409 2037 aspectus
423 1952 506 2015 verbi
530 1961 575 2014 est
589 1955 827 2036 contemptibilis
850 1961 881 2016 et
902 1954 987 2016 odio·

65 2056 118 2096 sus
138 2057 178 2097 va
212 2058 240 2105 e,
834 2056 837 2061 ·

149 2153 212 2215 Sed
243 2174 282 2216 ne
329 2159 444 2214 et.nos
468 2151 695 2214 offenderemur
719 2154 779 2215 hac
807 2155 988 2233 humilitate,

71 2239 255 2316 praemoniti
284 2256 388 2298 sumus
412 2237 548 2297 omnium
571 2238 782 2317 apostolorum
806 2245 836 2299 et
857 2238 989 2318 prophe-

66 2324 168 2381 tarum
204 2327 235 2379 et
258 2319 441 2382 Sanctorum
471 2318 558 2379 dictis
592 2327 622 2380 et
645 2321 811 2402 exemplis,
839 2320 989 2381 essehoc

66 2403 191 2464 verbum
221 2402 347 2464 verbum
381 2403 499 2478 crucis,
521 2409 638 2481 petram
662 2402 808 2481 scandali,
831 2403 987 2463 stultitiam

67 2486 229 2565 gentibus,
251 2485 323 2547 ideo
346 2505 450 2545 sumus
473 2486 581 2563 stipsi
604 2487 784 2555 inexcusati,
807 2487 831 2545 si
855 2492 989 2547 contem·

66 2576 117 2650 pta
139 2569 224 2629 verbi
247 2575 279 2629 st
300 2569 449 2630 ecclesiae
471 2567 640 2631 humilitate
662 2569 780 2628 hiamos
792 2567 831 2630 ad
853 2570 989 2648 gloriosa

67 2657 97 2712 at
118 2651 266 2732 opulenta
288 2651 451 2733 dogmata,
487 2651 559 2729 quia
581 2649 717 2711 Christus
754 2653 784 2711 in
814 2652 908 2712 verbo
931 2669 987 2712 suo

67 2736 290 2815 contemuitur,
313 2741 345 2795 et
365 2736 408 2795 ita
430 2755 446 2794 a
469 2735 531 2794 suia
553 2753 616 2795 nou
639 2736 782 2815 recipitur
815 2753 872 2795 neo
895 2753 987 2815 agno·
1083 2804 1086 2809 ¹

66 2819 167 2879 scitur.
211 2816 273 2879 sed
294 2837 353 2878 vae
373 2817 444 2896 illis,
466 2824 499 2877 ut
520 2817 625 2881 lllatth.
640 2821 689 2898 ll,
712 2817 879 2880 Sodomitis
901 2818 988 2898 peius

36 2942 38 2946 ι
66 2899 233 2962 habebunt.

148 2999 253 3076 Quare
274 3018 341 3060 cum
366 3000 487 3077 timore,
516 3001 704 3078 reverentia,
736 3000 920 3081 gratitudine
942 3007 989 3062 est

66 3083 278 3164 suscipiendus
301 3081 439 3144 Christus
461 3084 597 3160 veniens,
619 3083 720 3164 idest,
743 3084 935 3164 praedicatus
958 3090 989 3145 et

65 3166 160 3228 verbo
180 3185 237 3227 suo
260 3165 300 3226 ad
313 3185 370 3225 nos
392 3167 589 3246 appropians,
612 3172 644 3226 ut
654 3165 860 3247 aedificemur,
883 3166 986 3245 idest,

64 3269 127 3310 non
151 3248 392 3310 scandalisemur
415 3251 443 3308 in
468 3248 638 3309 humilitate
661 3256 691 3309 et
712 3248 816 3309 asellis
839 3252 924 3325 eiua,
956 3249 986 3309 id

66 3338 125 3412 est,
156 3331 418 3412 praedicatoribus
452 3334 514 3391 suis
542 3331 641 3392 stultis
664 3331 831 3392 secundum
854 3352 988 3395 carnem.

65 3413 132 3476 Imo
156 3434 224 3476 cum
247 3414 361 3495 gaudio
384 3414 594 3494 suscipiendus
618 3421 674 3490 est,
696 3416 780 3475 utin
801 3414 987 3475 Ebraeoco·

86 3498 182 3559 ionius
205 3498 297 3559 docet
319 3496 472 3577 Propheta
495 3498 609 3558 diceus.
652 3497 730 3558 Nam
753 3497 835 3577 quod
850 3497 985 3578 livange-

65 3517 135 3642 hsta
157 3580 335 3662 simpliciter
355 3580 463 3640 habet:
507 3581 607 3642 Dicite
629 3579 711 3642 filiae
724 3581 811 3657 Zion,
834 3579 988 3660 Propheta

66 3662 154 3725 dicit:
176 3663 307 3725 Exsulta
328 3663 419 3725 valde
440 3662 503 3726 filia
524 3665 612 3738 Zion,
632 3662 727 3726 iubila
749 3664 839 3723 nimis
861 3661 926 3723 lilia
943 3662 987 3725 le·

66 3747 208 3826 rusalem,
231 3748 302 3826 quia
323 3767 397 3808 ecce
420 3768 474 3807 rex
496 3754 565 3808 tuus
588 3748 671 3809 venit
694 3746 747 3809 tihi
768 3748 865 3809 iustus
888 3746 987 3809 etsal·
