2348 4162
193 244 255 310 164
434 243 478 299 De
495 257 576 299 servo
595 238 710 298 arbitrio
729 242 764 296 D.
784 240 820 297 bi.
838 237 868 296 L

194 421 263 499 ipso
286 416 406 477 Christo
429 433 493 476 non
515 415 609 475 semei
632 413 761 474 aooidit?
796 413 905 494 Neque
917 415 999 475 enim
1012 419 1045 475 tu
1064 432 1120 474 ne-

194 520 261 581 gas,
284 500 337 560 sed
360 499 472 559 asseris
494 499 621 560 liberum
643 498 799 559 arbitrium
821 517 883 558 non
908 516 977 558 esse
994 497 1120 577 spiritns

196 594 248 644 aut
268 583 379 644 Christi
401 583 571 662 negotium,
594 581 648 641 sed
666 581 843 658 humanum,
864 582 908 640 ita
929 589 964 640 ut
984 582 1121 661 spiritus,

195 668 247 745 qui
275 666 427 726 Christum
456 663 674 731 oiarifioaturus
712 666 881 744 promissus
914 673 980 743 εει,
1015 664 1122 742 utique

196 769 258 810 non
281 750 380 830 possit
405 748 533 808 liberum
556 746 712 808 arbitrium
746 747 934 827 praedioare.
989 746 1020 808 Si
1043 763 1120 826 ergo

196 834 301 892 Patres
323 831 489 910 anquando
512 830 638 897 liberum
667 830 823 891 arbitrium
854 829 1122 909 praedicaverunt,

196 922 278 976 oerte
300 935 341 975 ex
363 920 520 989 earne(ut
533 913 657 974 fuerunt
671 912 842 996 homines),
864 931 928 974 non
951 931 991 972 ex
1012 912 1121 992 spiritu

196 999 254 1058 Dei
275 1005 346 1058 sunt
366 997 472 1075 loouti,
495 997 590 1057 multo
614 998 712 1056 miuus
745 1015 801 1076 pro
825 1013 862 1056 eo
886 995 1033 1056 miraoula
1054 994 1122 1055 edi·

197 1082 313 1142 derunt.
358 1079 459 1153 Quare
492 1082 597 1157 inepta
619 1085 667 1139 est
692 1079 838 1160 allegatio
871 1085 924 1139 tua
945 1079 985 1139 de
1008 1080 1122 1139 sanati·

198 1166 310 1244 monia,
333 1165 451 1243 spiritu,
475 1171 506 1223 ει
518 1163 672 1222 miraculis
694 1163 827 1238 Panum,
849 1161 932 1241 quod
946 1180 987 1223 ex
1007 1163 1044 1222 iis
1054 1178 1122 1221 non

196 1248 324 1308 liberum
346 1246 517 1327 arbitrium,
546 1246 602 1307 sed
629 1245 699 1305 lesu
729 1245 840 1309 Christi
869 1243 983 1326 dogma
1013 1251 1124 1306 eontra

197 1330 284 1390 liberi
305 1329 421 1389 arbitrii
443 1329 557 1408 dogma
578 1328 733 1408 probetur.

280 1411 340 1474 Sed
363 1413 444 1492 agite
467 1412 582 1488 adbuo,
613 1413 728 1490 quiex
756 1411 852 1472 libero
880 1407 1006 1472 arbitrio
1036 1411 1123 1490 estis,

197 1501 228 1556 ει
249 1495 363 1576 dogma
386 1496 536 1556 eiusmodi
558 1513 675 1572 verum,
697 1495 759 1555 hoo
781 1500 847 1574 est,
870 1513 911 1556 ex
933 1495 1041 1575 spiritu
1064 1493 1124 1554 Dei

197 1581 331 1641 asseritis
354 1580 486 1656 venisse,
509 1577 619 1658 adhue,
642 1579 779 1657 inquam,
801 1576 956 1638 ostendite
970 1578 1124 1657 spiritum,

198 1663 279 1723 edite
301 1661 459 1738 miracula,
483 1667 651 1722 monstrate
673 1661 925 1741 sanotimoniam,
948 1666 1032 1721 oerts
1054 1658 1123 1740 vo's,

197 1747 249 1825 qui
271 1747 416 1823 asseritis,
437 1744 515 1803 haeo
537 1744 626 1805 nobis
649 1746 831 1823 negantibus
855 1744 993 1821 debetis,
1023 1763 1042 1804 a
1065 1761 1125 1804 no·

198 1828 261 1907 bis,
284 1831 335 1906 qui
357 1846 526 1906 negamus,
549 1829 693 1907 spiritus,
716 1829 940 1908 sanotimonia‚
972 1827 1126 1889 miracula

198 1912 280 1991 exigi
302 1929 365 1970 non
388 1910 521 1989 debent,
548 1929 567 1970 a
590 1911 701 1988 vobis,
735 1912 786 1990 qui
808 1912 962 1991 asseritis,
999 1909 1123 1972 debant.

198 1993 330 2068 Quando
364 1995 509 2073 negativa
531 1993 605 2052 nihil
628 1995 736 2074 ponit,
764 1993 839 2054 nibil
861 1999 917 2072 εει,
940 1986 1016 2053 nibil
1037 1999 1125 2054 tane·

197 2087 245 2138 tur
265 2076 412 2156 probare,
446 2095 504 2136 neo
526 2075 617 2137 debet
639 2077 783 2155 probari,
814 2075 1000 2138 affirmativa
1031 2074 1125 2137 debet

198 2160 332 2240 probari.
387 2159 453 2220 Vos
477 2158 564 2218 liberi
593 2158 707 2219 arbitrii
729 2161 790 2220 vim
820 2168 851 2220 et
871 2179 934 2220 rem
955 2159 1124 2220 humanam

198 2242 366 2319 affirmatis,
388 2243 442 2302 sed
462 2242 580 2302 nulium
601 2243 749 2302 baotenus
776 2252 823 2303 εει
845 2245 943 2303 visum
965 2252 1019 2304 aut
1040 2242 1125 2305 audi-

199 2337 261 2388 tum
285 2327 463 2386 miraoninm
486 2345 505 2384 a
526 2326 596 2385 Deo
618 2345 674 2405 pro
699 2326 764 2386 uilo
785 2325 930 2406 dogmata
951 2327 997 2386 rei
1018 2326 1125 2386 huma·

198 2430 271 2487 nae,
302 2409 356 2470 aed
378 2411 478 2470 solum
508 2426 565 2488 pro
594 2409 741 2488 dogmate
771 2411 814 2470 rei
842 2408 973 2473 divinae.
1025 2408 1124 2470 Nobis

199 2504 299 2554 autern
324 2493 500 2553 mandatum
523 2499 579 2573 εει,
601 2511 727 2572 prorsus
743 2493 858 2552 nulium
878 2492 994 2573 dogma
1016 2493 1124 2554 admit·

198 2585 263 2638 tero
306 2579 401 2656 signis
435 2577 544 2636 divinis
577 2594 640 2636 non
664 2583 736 2635 aute
757 2576 937 2656 probatum,
957 2575 1051 2638 Dout.
1076 2576 1123 2640 18.

199 2660 280 2734 Quin
304 2659 460 2739 Scriptura
482 2660 637 2719 bominem
663 2669 756 2719 vooat
784 2661 951 2720 vanitatem
984 2667 1017 2721 ot
1039 2677 1123 2720 men·

199 2745 331 2823 dasium,
355 2744 437 2821 quod
460 2741 542 2802 aliud
564 2741 638 2802 nibil
662 2751 726 2821 εει,
749 2760 840 2820 quarn
863 2744 968 2802 omnia
989 2744 1124 2803 hnmana

201 2835 270 2886 esse
293 2826 595 2903 vunamendauia1).
635 2825 727 2906 Agite
747 2827 848 2905 igitur,
871 2827 963 2907 agite,
985 2828 1121 2904 inquam,

200 2908 329 2989 probate
343 2912 457 2987 dogma
480 2917 613 2968 vestrum
637 2908 675 2968 de
687 2910 823 2970 vanitate
840 2911 975 2969 humana
989 2915 1021 2969 et
1043 2927 1123 2969 rnen·

200 2995 289 3052 daoio
313 3010 381 3051 esse
404 3010 519 3054 verum.
564 2992 622 3052 Ubi
644 2992 694 3051 bio
726 2993 862 3053 ostensio
889 2990 1044 3072 Spiritus?
1074 2990 1123 3051 ubi

200 3074 423 3134 sanctimonia?
445 3075 496 3135 ubi
519 3075 686 3136 miracula?
734 3077 878 3156 Ingenia,
908 3073 1122 3155 eruditionem,

200 3161 394 3219 autoritatem
417 3157 519 3235 video,
541 3159 595 3218 sed
620 3178 657 3219 ea
679 3166 710 3218 et
730 3159 873 3238 gentibus
896 3158 982 3220 dedit
1002 3156 1099 3220 Deus.

283 3241 349 3302 Neo
377 3249 478 3301 tamen
508 3260 564 3302 vos
593 3240 632 3302 ad
655 3261 768 3321 magna
796 3243 942 3304 miraoula
975 3258 1122 3322 augemus

201 3345 259 3386 neo
286 3325 460 3404 ad·equum
490 3325 632 3384 oiaudum
666 3324 858 3405 sanandum,
887 3344 927 3386 na
956 3324 1122 3386 oausenrini

201 3409 324 3470 carnale
346 3407 502 3487 seoulum,
521 3426 696 3488 quanquam
718 3410 800 3469 Deus
822 3428 878 3470 sua
900 3408 1051 3490 dogmata
1072 3407 1121 3468 mi·

200 3493 311 3554 ranulis
344 3489 527 3553 oonfirmare
558 3493 679 3575 soleat,
712 3492 796 3553 nullo
825 3501 969 3573 respeotu
992 3490 1121 3554 earnalis

202 3664 413 3672 ....-.--——.-.

273 3761 301 3835 1)
320 3761 352 3815 ln
371 3761 415 3817 sd.
435 3761 506 3818 1525
524 3766 553 3816 ot
570 3760 615 3817 ed.
634 3762 703 3816 len:
723 3773 798 3816 vana
814 3765 843 3817 ει
861 3756 1018 3818 mendacia.
