2348 4162
513 259 552 317 A.
571 261 650 320 1523.
985 260 1046 327 501

121 434 186 491 atra
221 428 259 489 ad
295 429 458 490 aonoilium
489 431 631 492 futurum.
685 426 752 492 Nos
784 428 885 491 adhue
915 431 1046 510 quietius
1098 427 1104 437 '

121 512 256 593 agimus,
279 512 333 573 sed
356 514 381 572 ai
400 514 444 573 sio
466 515 673 594 perrexerint,
697 532 754 574 nos
777 531 900 593 quoquo
922 515 1046 576 tandem

123 594 342 657 valefaoiemus
365 597 466 658 edioto
486 595 645 677 Caesaris,
680 615 741 656 uon
766 595 888 675 quidem
912 599 1046 658 exusturi

123 679 222 757 (sieut
236 677 297 761 illi)
323 685 376 740 aut
396 680 535 759 vincturi,
558 688 610 740 aut
633 680 663 741 vi
685 681 841 759 quippiam
855 681 950 740 acturi
972 679 1047 762 (hoe

121 762 205 822 enirn
228 781 290 822 non
313 764 360 824 est
382 762 661 841 Christianorum),
697 763 751 822 aed
774 761 874 822 verbis
903 770 932 822 et
954 765 1047 844 serip-

121 845 198 905 turis
227 844 355 922 gloriam
396 845 482 907 verbi
517 846 667 908 detensuri
700 851 731 905 et
758 845 949 926 Papistarum
978 866 1046 927 por·

122 933 211 989 tenta
232 926 321 988 latius
345 929 530 1009 castigaturi,

207 1009 297 1086 Quod
333 1031 407 1072 vero
439 1012 587 1092 hortaris,
622 1017 655 1072 ut
682 1018 714 1071 et
746 1017 868 1072 nostros
898 1012 1046 1090 castigem

121 1092 325 1173 olamatoros,
369 1095 451 1174 quod
484 1115 597 1177 magno
630 1093 775 1155 videlieet
808 1095 869 1154 sint
898 1093 1045 1156 seandalo

120 1177 186 1238 suis
208 1178 422 1258 incompositis
457 1186 519 1238 tum
553 1178 653 1240 verbis
687 1183 750 1238 turn
775 1177 930 1258 moribus,
964 1185 1047 1239 uerte

121 1260 315 1321 oonseientia
335 1260 396 1321 illis
419 1280 474 1321 sua
497 1263 583 1322 testis
605 1266 661 1338 est,
696 1280 735 1320 ex
758 1279 806 1321 me
836 1280 898 1321 uon
933 1261 1047 1322 habore

121 1361 205 1422 sese,
226 1342 257 1403 id
279 1342 361 1423 quod
384 1350 414 1404 to
437 1344 573 1408 offendit.
616 1343 666 1422 At,
689 1345 729 1403 mi
753 1343 861 1421 Crete,
891 1344 957 1422 quis
980 1346 1047 1423 soit,

121 1426 149 1485 si
172 1426 321 1487 altissimo
356 1427 487 1488 oonsilio
524 1435 587 1488 tam
618 1428 811 1508 importunos
841 1426 1046 1506 evangelistas

122 1508 262 1570 Christus
286 1509 358 1569 velit
381 1510 425 1570 aio
448 1510 597 1592 desipere,
620 1529 681 1570 non
702 1507 825 1589 quidem
841 1516 966 1590 propter
979 1530 1047 1588 nos,

122 1591 235 1672 quibus
267 1592 343 1653 nihil
375 1600 504 1673 possunt
530 1612 662 1672 nouere,
696 1592 749 1653 sed
785 1599 911 1673 propter
942 1593 1047 1653 hostes

120 1674 221 1753 verbi,
244 1677 410 1757 episcopos
433 1683 465 1737 et
485 1676 662 1757 sophistas?
685 1676 779 1755 utqui
792 1676 941 1736 haetenus
955 1677 1047 1736 toties

122 1759 210 1820 omni
240 1757 411 1820 humilitate
444 1765 474 1820 et
504 1759 656 1821 modestia
682 1760 768 1839 petiti
808 1759 959 1819 rationem
981 1757 1048 1820 rad·

124 1840 201 1902 dere
221 1841 362 1903 volentes
396 1861 551 1923 nunquam
584 1842 744 1903 admittere
776 1842 954 1919 voluerunt,
992 1841 1047 1902 sed

123 1923 260 1986 ooelusis
282 1925 405 1986 auribus
428 1935 458 1986 et
482 1925 596 2007 oeulis,
636 1945 692 1986 eeu
719 1924 824 1986 furiosi
846 1932 877 1986 et
899 1932 1048 1999 amentes,

122 2006 163 2070 ad
187 2006 286 2067 solum
309 2009 468 2089 strepitum
492 2009 655 2090 Evangelii
680 2008 783 2069 omnia
805 2006 987 2068 damnarunt
1018 2014 1049 2069 et

121 2091 303 2173 persequuti
325 2098 411 2169 sunt,
446 2092 529 2172 digni
552 2112 613 2154 non
647 2093 708 2152 sint
741 2091 913 2152 modestum
943 2091 1048 2153 videre

123 2179 178 2236 aut
213 2171 320 2234 audire
360 2176 592 2256 evangelistam.
634 2175 810 2256 Tyrannum
843 2174 947 2256 Apelli
978 2195 1048 2235 oum

121 2256 188 2318 suis
210 2255 381 2318 lenunoulis
403 2259 483 2339 vide,
507 2279 545 2320 an
568 2279 630 2319 non
654 2258 822 2339 dignissimi
844 2265 914 2317 sunt
931 2263 961 2319 ta
978 2259 1047 2338 ipso

120 2338 241 2419 indiae,
276 2345 318 2417 ut,
348 2342 399 2421 qui
431 2349 492 2402 tam
527 2342 608 2423 piam
632 2347 663 2401 et
684 2340 814 2401 solidam
837 2340 1048 2401 defensionem

121 2428 355 2484 oontemserunt
376 2429 406 2484 et
437 2423 589 2484 Christum
613 2425 766 2503 sapienter
784 2423 961 2502 loquentem
983 2441 1047 2483 eru-

123 2504 302 2584 oilixerunt‚
336 2526 398 2567 non
422 2506 515 2568 modo
538 2525 593 2567 sua
615 2506 776 2566 mendacia
798 2511 829 2566 et
860 2506 1048 2585 perditiones

123 2588 257 2649 libenter
279 2587 413 2662 audiant,
437 2588 490 2650 sed
515 2596 545 2649 et
559 2589 753 2669 Euangeliou
776 2587 881 2648 salutis
904 2609 966 2650 non
989 2589 1050 2649 alia

122 2671 247 2733 ratione
268 2672 438 2751 praedieari
461 2671 601 2752 videant,
632 2691 722 2751 quarn
746 2690 806 2751 qua
828 2670 888 2748 bis,
910 2691 970 2751 qua
994 2678 1049 2752 ter,

123 2773 188 2834 qua
211 2756 341 2835 septies,
376 2775 436 2834 qua
458 2758 524 2816 sina
544 2756 606 2816 fine
624 2757 655 2816 in
677 2755 731 2815 illo
754 2753 996 2816 scandalisentur
1019 2758 1050 2816 et

123 2837 275 2919 pereant?
317 2838 359 2898 Et
389 2841 439 2918 qui
473 2858 528 2919 per
561 2839 729 2920 sapientem
754 2837 906 2899 Christum
938 2837 1049 2898 molliri

124 2920 301 2997 noluerunt,
323 2923 514 3000 perstultum
528 2922 678 2983 Christum
692 2920 881 3002 indurentur,
903 2922 933 2982 in
957 2919 1048 2982 linem

124 2999 237 3083 ¹usqua.
281 3002 308 3065 Ο
330 3005 650 3085 inoomprehensibilia
671 3004 785 3064 iudioia
807 3004 882 3068 eius.

210 3084 330 3166 Itaque,
354 3089 394 3148 mi
417 3088 519 3166 orote,
542 3088 673 3150 ieramus
697 3093 870 3148 nostrorum
893 3086 1050 3168 seandala,

126 3175 158 3230 et
179 3170 369 3231 orationibus
400 3170 480 3252 apud
505 3171 660 3233 dominum
689 3172 725 3231 iis
749 3169 840 3231 rebus
862 3169 1048 3232 medeamur.

126 3252 199 3313 llihi
237 3272 313 3314 sane
345 3272 408 3314 non
432 3256 558 3316 omnino
581 3254 734 3336 displioet,
773 3254 891 3332 aliquot
912 3260 1049 3314 nostrum

127 3337 173 3396 sio
194 3334 258 3397 labi
294 3338 460 3415 (quantum
483 3337 521 3398 ad
554 3340 651 3419 ipsam
684 3357 748 3398 rem
782 3334 944 3418 pertinet),
978 3357 1050 3396 narn

127 3417 188 3479 hae
209 3417 385 3481 infirmitate
406 3427 513 3482 nostra
534 3420 604 3497 fiet,
627 3427 659 3481 ut
680 3420 955 3501 adversariispem
979 3437 1051 3480 oon·

127 3502 243 3582 eipiant
275 3503 418 3584 triumphi
457 3511 489 3566 et
510 3505 683 3566 animentur
704 3503 742 3566 ad
764 3503 1050 3584 blasphemandum.

127 3584 215 3647 Haeo
240 3585 361 3647 illorum
395 3607 466 3668 spes
503 3595 608 3649 nostra
648 3589 704 3649 erit
749 3586 832 3648 salus
867 3592 897 3647 et
928 3586 1050 3647 illorum

127 3669 227 3748 ruina,
249 3670 328 3730 sieut
350 3673 495 3751 seriptum
519 3679 583 3733 eat:
620 3672 766 3733 Deieoisti
785 3689 858 3750 eos,
888 3669 957 3731 dum
981 3670 1052 3730 alle·

127 3759 281 3818 vorentur.
328 3754 483 3816 Modicum
505 3756 556 3836 qui
577 3762 723 3817 venturus
745 3760 793 3817 eet
814 3754 917 3816 veniet
937 3759 969 3815 et
989 3772 1052 3815 non
