<?xml version="1.0" encoding="UTF-8"?>
<!DOCTYPE html PUBLIC "-//W3C//DTD XHTML 1.0 Transitional//EN"
    "http://www.w3.org/TR/xhtml1/DTD/xhtml1-transitional.dtd">
<html xmlns="http://www.w3.org/1999/xhtml" xml:lang="en" lang="en">
 <head>
  <title>
</title>
<meta http-equiv="Content-Type" content="text/html;charset=utf-8" />
  <meta name='ocr-system' content='tesseract 3.04.00' />
  <meta name='ocr-capabilities' content='ocr_page ocr_carea ocr_par ocr_line ocrx_word'/>
</head>
<body>
  <div class='ocr_page' id='page_1' title='image "./dmartinilutheri02luthgoog_0104.png"; bbox 0 0 2348 4162; ppageno 0'>
   <div class='ocr_carea' id='block_1_1' title="bbox 52 242 1039 328">
    <p class='ocr_par' dir='ltr' id='par_1_1' title="bbox 52 242 1039 328">
     <span class='ocr_line' id='line_1_1' title="bbox 52 242 1039 328; baseline -0.03 -6"><span class='ocrx_word' id='word_1_1' title='bbox 52 242 58 247; x_wconf 36' lang='lat'><strong>⁹</strong></span> <span class='ocrx_word' id='word_1_2' title='bbox 113 245 282 328; x_wconf 42' lang='lat' dir='ltr'>‚quomodo</span> <span class='ocrx_word' id='word_1_3' title='bbox 302 245 365 301; x_wconf 86' lang='lat' dir='ltr'>libri</span> <span class='ocrx_word' id='word_1_4' title='bbox 383 247 452 301; x_wconf 83' lang='lat' dir='ltr'>liosi</span> <span class='ocrx_word' id='word_1_5' title='bbox 472 262 490 302; x_wconf 90' lang='lat' dir='ltr'>a</span> <span class='ocrx_word' id='word_1_6' title='bbox 509 245 671 304; x_wconf 79' lang='lat' dir='ltr'>Christianis</span> <span class='ocrx_word' id='word_1_7' title='bbox 689 247 801 318; x_wconf 80' lang='lat' dir='ltr'>legendi</span> <span class='ocrx_word' id='word_1_8' title='bbox 820 247 885 304; x_wconf 83' lang='lat' dir='ltr'>sint.</span> <span class='ocrx_word' id='word_1_9' title='bbox 941 247 982 313; x_wconf 80' lang='grc'>93</span> <span class='ocrx_word' id='word_1_10' title='bbox 1036 268 1039 273; x_wconf 92' lang='grc'>-</span> 
     </span>
    </p>
   </div>
   <div class='ocr_carea' id='block_1_2' title="bbox 56 370 1083 572">
    <p class='ocr_par' dir='ltr' id='par_1_2' title="bbox 56 370 1083 572">
     <span class='ocr_line' id='line_1_2' title="bbox 56 370 1083 490; baseline -0.003 -17"><span class='ocrx_word' id='word_1_11' title='bbox 56 412 151 489; x_wconf 90' lang='lat' dir='ltr'>scito,</span> <span class='ocrx_word' id='word_1_12' title='bbox 172 410 277 489; x_wconf 85' lang='lat' dir='ltr'>itaque</span> <span class='ocrx_word' id='word_1_13' title='bbox 303 410 334 470; x_wconf 93' lang='lat' dir='ltr'>in</span> <span class='ocrx_word' id='word_1_14' title='bbox 357 428 478 471; x_wconf 88' lang='lat' dir='ltr'>summa</span> <span class='ocrx_word' id='word_1_15' title='bbox 511 382 900 490; x_wconf 84' lang='lat' dir='ltr'>praestesobadientiam,</span> <span class='ocrx_word' id='word_1_16' title='bbox 933 415 986 472; x_wconf 85' lang='lat' dir='ltr'>aut</span> <span class='ocrx_word' id='word_1_17' title='bbox 1008 370 1038 385; x_wconf 21' lang='lat'>&#39;⁴</span> <span class='ocrx_word' id='word_1_18' title='bbox 1079 476 1083 483; x_wconf 58' lang='grc'>,</span> 
     </span>
     <span class='ocr_line' id='line_1_3' title="bbox 56 493 593 572; baseline -0.006 -17"><span class='ocrx_word' id='word_1_19' title='bbox 56 496 213 556; x_wconf 84' lang='lat' dir='ltr'>sustineas</span> <span class='ocrx_word' id='word_1_20' title='bbox 235 495 312 553; x_wconf 89' lang='lat' dir='ltr'>iram</span> <span class='ocrx_word' id='word_1_21' title='bbox 334 493 391 552; x_wconf 88' lang='lat' dir='ltr'>Dei</span> <span class='ocrx_word' id='word_1_22' title='bbox 414 497 445 553; x_wconf 90' lang='lat' dir='ltr'>ct</span> <span class='ocrx_word' id='word_1_23' title='bbox 466 511 593 572; x_wconf 90' lang='lat' dir='ltr'>poenas.</span> 
     </span>
    </p>
   </div>
   <div class='ocr_carea' id='block_1_3' title="bbox 143 575 1122 655">
    <p class='ocr_par' dir='ltr' id='par_1_3' title="bbox 143 575 1122 655">
     <span class='ocr_line' id='line_1_4' title="bbox 143 575 1122 655; baseline 0.006 -18"><span class='ocrx_word' id='word_1_24' title='bbox 143 575 453 655; x_wconf 77' lang='lat' dir='ltr'>EcontraEvangelii</span> <span class='ocrx_word' id='word_1_25' title='bbox 477 595 539 637; x_wconf 86' lang='lat' dir='ltr'>vox</span> <span class='ocrx_word' id='word_1_26' title='bbox 560 594 622 637; x_wconf 93' lang='lat' dir='ltr'>non</span> <span class='ocrx_word' id='word_1_27' title='bbox 640 575 701 636; x_wconf 90' lang='lat' dir='ltr'>hoc</span> <span class='ocrx_word' id='word_1_28' title='bbox 723 577 795 655; x_wconf 84' lang='lat' dir='ltr'>agit,</span> <span class='ocrx_word' id='word_1_29' title='bbox 819 577 984 650; x_wconf 86' lang='lat' dir='ltr'>utdoceat</span> <span class='ocrx_word' id='word_1_30' title='bbox 1020 632 1023 638; x_wconf 91' lang='lat'><em>.</em></span> <span class='ocrx_word' id='word_1_31' title='bbox 1118 636 1122 643; x_wconf 93' lang='lat'>.</span> 
     </span>
    </p>
   </div>
   <div class='ocr_carea' id='block_1_4' title="bbox 57 658 984 740">
    <p class='ocr_par' dir='ltr' id='par_1_4' title="bbox 57 658 984 740">
     <span class='ocr_line' id='line_1_5' title="bbox 57 658 984 740; baseline -0.001 -19"><span class='ocrx_word' id='word_1_32' title='bbox 57 659 135 740; x_wconf 92' lang='lat' dir='ltr'>quid</span> <span class='ocrx_word' id='word_1_33' title='bbox 157 679 177 719; x_wconf 92' lang='lat' dir='ltr'>a</span> <span class='ocrx_word' id='word_1_34' title='bbox 197 659 289 720; x_wconf 88' lang='lat' dir='ltr'>nobis</span> <span class='ocrx_word' id='word_1_35' title='bbox 311 659 509 738; x_wconf 87' lang='lat' dir='ltr'>postuletur,</span> <span class='ocrx_word' id='word_1_36' title='bbox 536 667 590 719; x_wconf 90' lang='lat' dir='ltr'>aut</span> <span class='ocrx_word' id='word_1_37' title='bbox 611 660 717 738; x_wconf 85' lang='lat' dir='ltr'>exigat</span> <span class='ocrx_word' id='word_1_38' title='bbox 750 665 885 719; x_wconf 88' lang='lat' dir='ltr'>nostram</span> <span class='ocrx_word' id='word_1_39' title='bbox 901 658 984 729; x_wconf 88' lang='lat' dir='ltr'>obe·</span> 
     </span>
    </p>
   </div>
   <div class='ocr_carea' id='block_1_5' title="bbox 59 737 1090 824">
    <p class='ocr_par' dir='ltr' id='par_1_5' title="bbox 59 737 1090 824">
     <span class='ocr_line' id='line_1_6' title="bbox 59 737 1090 824; baseline 0 -21"><span class='ocrx_word' id='word_1_40' title='bbox 59 744 220 823; x_wconf 87' lang='lat' dir='ltr'>dientiam,</span> <span class='ocrx_word' id='word_1_41' title='bbox 243 760 305 802; x_wconf 88' lang='lat' dir='ltr'>non</span> <span class='ocrx_word' id='word_1_42' title='bbox 329 741 461 801; x_wconf 87' lang='lat' dir='ltr'>clamat:</span> <span class='ocrx_word' id='word_1_43' title='bbox 484 741 592 804; x_wconf 87' lang='lat' dir='ltr'>Talem</span> <span class='ocrx_word' id='word_1_44' title='bbox 614 749 645 802; x_wconf 88' lang='lat' dir='ltr'>te</span> <span class='ocrx_word' id='word_1_45' title='bbox 668 761 751 816; x_wconf 86' lang='lat' dir='ltr'>esse,</span> <span class='ocrx_word' id='word_1_46' title='bbox 775 741 852 803; x_wconf 91' lang='lat' dir='ltr'>haec</span> <span class='ocrx_word' id='word_1_47' title='bbox 874 737 984 824; x_wconf 88' lang='lat' dir='ltr'>facere,</span> <span class='ocrx_word' id='word_1_48' title='bbox 1087 815 1090 822; x_wconf 25' lang='grc'>1</span> 
     </span>
    </p>
   </div>
   <div class='ocr_carea' id='block_1_6' title="bbox 58 788 993 1072">
    <p class='ocr_par' dir='ltr' id='par_1_6' title="bbox 58 788 993 1072">
     <span class='ocr_line' id='line_1_7' title="bbox 59 788 993 899; baseline 0 -13"><span class='ocrx_word' id='word_1_49' title='bbox 59 826 125 889; x_wconf 83' lang='grc' dir='ltr'>ιΙΙιι</span> <span class='ocrx_word' id='word_1_50' title='bbox 135 788 277 887; x_wconf 59' lang='lat' dir='ltr'>omit&#39;tere</span> <span class='ocrx_word' id='word_1_51' title='bbox 298 824 401 899; x_wconf 87' lang='lat' dir='ltr'>iubeo,</span> <span class='ocrx_word' id='word_1_52' title='bbox 424 824 479 884; x_wconf 88' lang='lat' dir='ltr'>sed</span> <span class='ocrx_word' id='word_1_53' title='bbox 501 826 547 885; x_wconf 87' lang='lat' dir='ltr'>sic</span> <span class='ocrx_word' id='word_1_54' title='bbox 570 827 770 885; x_wconf 89' lang='lat' dir='ltr'>concionatur</span> <span class='ocrx_word' id='word_1_55' title='bbox 790 824 908 885; x_wconf 93' lang='lat' dir='ltr'>homini</span> <span class='ocrx_word' id='word_1_56' title='bbox 932 828 993 886; x_wconf 75' lang='lat' dir='ltr'>ml·&#39;</span> 
     </span>
     <span class='ocr_line' id='line_1_8' title="bbox 58 906 985 988; baseline -0.003 -18"><span class='ocrx_word' id='word_1_57' title='bbox 58 928 131 970; x_wconf 81' lang='lat' dir='ltr'>sero</span> <span class='ocrx_word' id='word_1_58' title='bbox 165 917 198 969; x_wconf 88' lang='lat' dir='ltr'>et</span> <span class='ocrx_word' id='word_1_59' title='bbox 228 910 288 968; x_wconf 90' lang='lat' dir='ltr'>iam</span> <span class='ocrx_word' id='word_1_60' title='bbox 311 926 366 988; x_wconf 85' lang='lat' dir='ltr'>per</span> <span class='ocrx_word' id='word_1_61' title='bbox 389 908 464 987; x_wconf 86' lang='lat' dir='ltr'>legis</span> <span class='ocrx_word' id='word_1_62' title='bbox 487 909 670 968; x_wconf 88' lang='lat' dir='ltr'>sententiam</span> <span class='ocrx_word' id='word_1_63' title='bbox 704 906 787 987; x_wconf 90' lang='lat' dir='ltr'>apud</span> <span class='ocrx_word' id='word_1_64' title='bbox 808 907 950 968; x_wconf 90' lang='lat' dir='ltr'>Deum&#39;</span> <span class='ocrx_word' id='word_1_65' title='bbox 943 928 985 968; x_wconf 90' lang='lat' dir='ltr'>rn-</span> 
     </span>
     <span class='ocr_line' id='line_1_9' title="bbox 59 989 984 1072; baseline -0.001 -20"><span class='ocrx_word' id='word_1_66' title='bbox 59 992 161 1053; x_wconf 88' lang='lat' dir='ltr'>dicem</span> <span class='ocrx_word' id='word_1_67' title='bbox 184 1004 240 1052; x_wconf 86' lang='lat' dir='ltr'>reo</span> <span class='ocrx_word' id='word_1_68' title='bbox 263 998 294 1052; x_wconf 92' lang='lat' dir='ltr'>et</span> <span class='ocrx_word' id='word_1_69' title='bbox 314 991 473 1051; x_wconf 88' lang='lat' dir='ltr'>damnato:</span> <span class='ocrx_word' id='word_1_70' title='bbox 498 990 544 1051; x_wconf 77' lang='lat' dir='ltr'>un</span> <span class='ocrx_word' id='word_1_71' title='bbox 568 989 631 1068; x_wconf 89' lang='lat' dir='ltr'>tibi,</span> <span class='ocrx_word' id='word_1_72' title='bbox 654 992 695 1050; x_wconf 92' lang='lat' dir='ltr'>mi</span> <span class='ocrx_word' id='word_1_73' title='bbox 716 991 819 1072; x_wconf 91' lang='lat' dir='ltr'>homo,</span> <span class='ocrx_word' id='word_1_74' title='bbox 842 1009 984 1071; x_wconf 86' lang='lat' dir='ltr'>propono</span> 
     </span>
    </p>
   </div>
   <div class='ocr_carea' id='block_1_7' title="bbox 61 1074 1143 1152">
    <p class='ocr_par' dir='ltr' id='par_1_7' title="bbox 61 1074 1143 1152">
     <span class='ocr_line' id='line_1_10' title="bbox 61 1074 1143 1152; baseline -0.002 -16"><span class='ocrx_word' id='word_1_75' title='bbox 61 1076 119 1136; x_wconf 86' lang='lat' dir='ltr'>Dei</span> <span class='ocrx_word' id='word_1_76' title='bbox 142 1074 248 1152; x_wconf 87' lang='lat' dir='ltr'>fllium,</span> <span class='ocrx_word' id='word_1_77' title='bbox 271 1075 334 1152; x_wconf 86' lang='lat' dir='ltr'>qui</span> <span class='ocrx_word' id='word_1_78' title='bbox 344 1081 397 1134; x_wconf 89' lang='lat' dir='ltr'>tua</span> <span class='ocrx_word' id='word_1_79' title='bbox 418 1074 513 1134; x_wconf 88' lang='lat' dir='ltr'>cansa</span> <span class='ocrx_word' id='word_1_80' title='bbox 534 1074 631 1133; x_wconf 90' lang='lat' dir='ltr'>induit</span> <span class='ocrx_word' id='word_1_81' title='bbox 649 1075 813 1134; x_wconf 88' lang='lat' dir='ltr'>humanam</span> <span class='ocrx_word' id='word_1_82' title='bbox 836 1082 985 1152; x_wconf 88' lang='lat' dir='ltr'>naturam,</span> <span class='ocrx_word' id='word_1_83' title='bbox 1024 1074 1027 1079; x_wconf 64' lang='grc'>“</span> <span class='ocrx_word' id='word_1_84' title='bbox 1094 1100 1097 1106; x_wconf 95' lang='grc'><em>·</em></span> <span class='ocrx_word' id='word_1_85' title='bbox 1139 1074 1143 1080; x_wconf 90' lang='grc'><strong>’</strong></span> 
     </span>
    </p>
   </div>
   <div class='ocr_carea' id='block_1_8' title="bbox 60 1156 1023 2069">
    <p class='ocr_par' dir='ltr' id='par_1_8' title="bbox 60 1156 1023 2069">
     <span class='ocr_line' id='line_1_11' title="bbox 60 1156 1002 1238; baseline -0.002 -20"><span class='ocrx_word' id='word_1_86' title='bbox 60 1167 94 1218; x_wconf 93' lang='lat' dir='ltr'>ut</span> <span class='ocrx_word' id='word_1_87' title='bbox 115 1176 172 1238; x_wconf 87' lang='lat' dir='ltr'>pro</span> <span class='ocrx_word' id='word_1_88' title='bbox 196 1165 226 1217; x_wconf 89' lang='lat' dir='ltr'>te</span> <span class='ocrx_word' id='word_1_89' title='bbox 248 1156 481 1232; x_wconf 88' lang='lat' dir='ltr'>fleretvictima,</span> <span class='ocrx_word' id='word_1_90' title='bbox 503 1158 608 1236; x_wconf 84' lang='lat' dir='ltr'>quiin</span> <span class='ocrx_word' id='word_1_91' title='bbox 623 1175 691 1216; x_wconf 87' lang='lat' dir='ltr'>sese</span> <span class='ocrx_word' id='word_1_92' title='bbox 713 1158 829 1237; x_wconf 89' lang='lat' dir='ltr'>recepit</span> <span class='ocrx_word' id='word_1_93' title='bbox 852 1164 986 1236; x_wconf 89' lang='lat' dir='ltr'>tuapec·</span> <span class='ocrx_word' id='word_1_94' title='bbox 997 1180 1002 1190; x_wconf 86' lang='lat'><strong>·</strong></span> 
     </span>
     <span class='ocr_line' id='line_1_12' title="bbox 60 1238 986 1321; baseline -0.001 -19"><span class='ocrx_word' id='word_1_95' title='bbox 60 1249 156 1318; x_wconf 83' lang='lat' dir='ltr'>cata,</span> <span class='ocrx_word' id='word_1_96' title='bbox 191 1248 222 1300; x_wconf 91' lang='lat' dir='ltr'>et</span> <span class='ocrx_word' id='word_1_97' title='bbox 243 1259 300 1321; x_wconf 87' lang='lat' dir='ltr'>pro</span> <span class='ocrx_word' id='word_1_98' title='bbox 327 1246 367 1301; x_wconf 85' lang='lat' dir='ltr'>te</span> <span class='ocrx_word' id='word_1_99' title='bbox 391 1241 533 1299; x_wconf 81' lang='lat' dir='ltr'>sustinuit</span> <span class='ocrx_word' id='word_1_100' title='bbox 561 1241 636 1300; x_wconf 90' lang='lat' dir='ltr'>iram</span> <span class='ocrx_word' id='word_1_101' title='bbox 661 1238 718 1301; x_wconf 88' lang='lat' dir='ltr'>Dei</span> <span class='ocrx_word' id='word_1_102' title='bbox 753 1241 900 1300; x_wconf 87' lang='lat' dir='ltr'>adversus</span> <span class='ocrx_word' id='word_1_103' title='bbox 934 1247 986 1301; x_wconf 90' lang='lat' dir='ltr'>tua</span> 
     </span>
     <span class='ocr_line' id='line_1_13' title="bbox 60 1320 985 1420; baseline 0 -36"><span class='ocrx_word' id='word_1_104' title='bbox 60 1330 195 1420; x_wconf 81' lang='lat' dir='ltr'>peccata</span> <span class='ocrx_word' id='word_1_105' title='bbox 215 1330 246 1383; x_wconf 91' lang='lat' dir='ltr'>et</span> <span class='ocrx_word' id='word_1_106' title='bbox 267 1341 324 1383; x_wconf 86' lang='lat' dir='ltr'>sua</span> <span class='ocrx_word' id='word_1_107' title='bbox 345 1330 445 1383; x_wconf 91' lang='lat' dir='ltr'>morte</span> <span class='ocrx_word' id='word_1_108' title='bbox 468 1322 523 1383; x_wconf 94' lang='lat' dir='ltr'>luit</span> <span class='ocrx_word' id='word_1_109' title='bbox 555 1331 585 1382; x_wconf 92' lang='lat' dir='ltr'>et</span> <span class='ocrx_word' id='word_1_110' title='bbox 619 1322 766 1403; x_wconf 81' lang='lat' dir='ltr'>pependit</span> <span class='ocrx_word' id='word_1_111' title='bbox 786 1320 907 1419; x_wconf 79' lang='grc' dir='ltr'><strong><em>λύτρον</em></strong></span> <span class='ocrx_word' id='word_1_112' title='bbox 931 1342 985 1384; x_wconf 87' lang='lat' dir='ltr'>seu</span> 
     </span>
     <span class='ocr_line' id='line_1_14' title="bbox 60 1405 985 1502; baseline -0.001 -35"><span class='ocrx_word' id='word_1_113' title='bbox 60 1409 212 1488; x_wconf 90' lang='lat' dir='ltr'>pretium,</span> <span class='ocrx_word' id='word_1_114' title='bbox 234 1424 272 1466; x_wconf 91' lang='lat' dir='ltr'>ao</span> <span class='ocrx_word' id='word_1_115' title='bbox 292 1406 391 1466; x_wconf 88' lang='lat' dir='ltr'>factus</span> <span class='ocrx_word' id='word_1_116' title='bbox 413 1424 469 1485; x_wconf 89' lang='lat' dir='ltr'>pro</span> <span class='ocrx_word' id='word_1_117' title='bbox 501 1414 531 1465; x_wconf 90' lang='lat' dir='ltr'>te</span> <span class='ocrx_word' id='word_1_118' title='bbox 554 1405 735 1502; x_wconf 79' lang='lat' dir='ltr'>deprecator</span> <span class='ocrx_word' id='word_1_119' title='bbox 766 1406 900 1487; x_wconf 85' lang='lat' dir='ltr'>placavit</span> <span class='ocrx_word' id='word_1_120' title='bbox 932 1407 985 1466; x_wconf 90' lang='lat' dir='ltr'>tibi</span> 
     </span>
     <span class='ocr_line' id='line_1_15' title="bbox 60 1489 983 1572; baseline -0.001 -22"><span class='ocrx_word' id='word_1_121' title='bbox 60 1499 194 1572; x_wconf 89' lang='lat' dir='ltr'>patrem,</span> <span class='ocrx_word' id='word_1_122' title='bbox 216 1508 254 1548; x_wconf 92' lang='lat' dir='ltr'>ac</span> <span class='ocrx_word' id='word_1_123' title='bbox 275 1490 336 1549; x_wconf 87' lang='lat' dir='ltr'>iarn</span> <span class='ocrx_word' id='word_1_124' title='bbox 351 1489 491 1562; x_wconf 86' lang='lat' dir='ltr'>liberavit</span> <span class='ocrx_word' id='word_1_125' title='bbox 513 1508 532 1548; x_wconf 90' lang='lat' dir='ltr'>a</span> <span class='ocrx_word' id='word_1_126' title='bbox 553 1490 618 1548; x_wconf 90' lang='lat' dir='ltr'>iure</span> <span class='ocrx_word' id='word_1_127' title='bbox 640 1496 671 1549; x_wconf 89' lang='lat' dir='ltr'>et</span> <span class='ocrx_word' id='word_1_128' title='bbox 686 1496 839 1569; x_wconf 77' lang='lat' dir='ltr'>potestate</span> <span class='ocrx_word' id='word_1_129' title='bbox 854 1491 983 1569; x_wconf 88' lang='lat' dir='ltr'>peccati,</span> 
     </span>
     <span class='ocr_line' id='line_1_16' title="bbox 62 1571 984 1652; baseline -0.003 -17.889"><span class='ocrx_word' id='word_1_130' title='bbox 62 1574 171 1635; x_wconf 88' lang='lat' dir='ltr'>mortis</span> <span class='ocrx_word' id='word_1_131' title='bbox 195 1576 350 1650; x_wconf 72' lang='lat' dir='ltr'>aeternae,</span> <span class='ocrx_word' id='word_1_132' title='bbox 373 1577 501 1633; x_wconf 88' lang='lat' dir='ltr'>satanae</span> <span class='ocrx_word' id='word_1_133' title='bbox 524 1580 554 1630; x_wconf 92' lang='lat' dir='ltr'>et</span> <span class='ocrx_word' id='word_1_134' title='bbox 574 1571 750 1633; x_wconf 85' lang='lat' dir='ltr'>inferorum.</span> <span class='ocrx_word' id='word_1_135' title='bbox 784 1573 880 1632; x_wconf 90' lang='lat' dir='ltr'>Hoc&#39;</span> <span class='ocrx_word' id='word_1_136' title='bbox 873 1591 984 1652; x_wconf 80' lang='lat' dir='ltr'>ingens</span> 
     </span>
     <span class='ocr_line' id='line_1_17' title="bbox 61 1654 1023 1735; baseline -0.003 -18"><span class='ocrx_word' id='word_1_137' title='bbox 61 1665 94 1717; x_wconf 92' lang='lat' dir='ltr'>et</span> <span class='ocrx_word' id='word_1_138' title='bbox 124 1654 330 1715; x_wconf 87' lang='lat' dir='ltr'>inenarrabile</span> <span class='ocrx_word' id='word_1_139' title='bbox 363 1654 544 1715; x_wconf 85' lang='lat' dir='ltr'>beneficium</span> <span class='ocrx_word' id='word_1_140' title='bbox 580 1654 634 1714; x_wconf 88' lang='lat' dir='ltr'>Dei</span> <span class='ocrx_word' id='word_1_141' title='bbox 673 1674 727 1735; x_wconf 90' lang='lat' dir='ltr'>per</span> <span class='ocrx_word' id='word_1_142' title='bbox 757 1654 852 1714; x_wconf 87' lang='lat' dir='ltr'>fllium</span> <span class='ocrx_word' id='word_1_143' title='bbox 890 1656 920 1713; x_wconf 93' lang='lat' dir='ltr'>in</span> <span class='ocrx_word' id='word_1_144' title='bbox 957 1663 986 1714; x_wconf 91' lang='lat' dir='ltr'>te</span> <span class='ocrx_word' id='word_1_145' title='bbox 1016 1660 1023 1675; x_wconf 77' lang='lat'>⁸</span> 
     </span>
     <span class='ocr_line' id='line_1_18' title="bbox 62 1736 985 1816; baseline -0.004 -16"><span class='ocrx_word' id='word_1_146' title='bbox 62 1740 209 1800; x_wconf 89' lang='lat' dir='ltr'>collatum</span> <span class='ocrx_word' id='word_1_147' title='bbox 234 1737 287 1798; x_wconf 89' lang='lat' dir='ltr'>tibi</span> <span class='ocrx_word' id='word_1_148' title='bbox 310 1740 422 1798; x_wconf 91' lang='lat' dir='ltr'>nuncio</span> <span class='ocrx_word' id='word_1_149' title='bbox 447 1744 477 1797; x_wconf 93' lang='lat' dir='ltr'>et</span> <span class='ocrx_word' id='word_1_150' title='bbox 499 1736 615 1814; x_wconf 84' lang='lat' dir='ltr'>offero,</span> <span class='ocrx_word' id='word_1_151' title='bbox 650 1737 709 1798; x_wconf 91' lang='lat' dir='ltr'>hoc</span> <span class='ocrx_word' id='word_1_152' title='bbox 731 1739 755 1797; x_wconf 89' lang='lat' dir='ltr'>si</span> <span class='ocrx_word' id='word_1_153' title='bbox 778 1736 840 1797; x_wconf 87' lang='lat' dir='ltr'>lide</span> <span class='ocrx_word' id='word_1_154' title='bbox 861 1738 985 1816; x_wconf 88' lang='lat' dir='ltr'>accipis,</span> 
     </span>
     <span class='ocr_line' id='line_1_19' title="bbox 61 1818 986 1899; baseline -0.003 -17"><span class='ocrx_word' id='word_1_155' title='bbox 61 1822 167 1883; x_wconf 86' lang='lat' dir='ltr'>salvus</span> <span class='ocrx_word' id='word_1_156' title='bbox 190 1841 232 1881; x_wconf 89' lang='lat' dir='ltr'>es.</span> <span class='ocrx_word' id='word_1_157' title='bbox 275 1820 333 1880; x_wconf 91' lang='lat' dir='ltr'>Hic</span> <span class='ocrx_word' id='word_1_158' title='bbox 354 1820 470 1880; x_wconf 88' lang='lat' dir='ltr'>clarum</span> <span class='ocrx_word' id='word_1_159' title='bbox 493 1827 550 1899; x_wconf 90' lang='lat' dir='ltr'>est,</span> <span class='ocrx_word' id='word_1_160' title='bbox 579 1818 706 1879; x_wconf 89' lang='lat' dir='ltr'>multum</span> <span class='ocrx_word' id='word_1_161' title='bbox 739 1822 887 1882; x_wconf 80' lang='lat' dir='ltr'>interesse</span> <span class='ocrx_word' id='word_1_162' title='bbox 908 1822 986 1881; x_wconf 91' lang='lat' dir='ltr'>inter</span> 
     </span>
     <span class='ocr_line' id='line_1_20' title="bbox 61 1903 984 1984; baseline -0.004 -17"><span class='ocrx_word' id='word_1_163' title='bbox 61 1907 142 1967; x_wconf 85' lang='lat' dir='ltr'>haec</span> <span class='ocrx_word' id='word_1_164' title='bbox 163 1903 226 1964; x_wconf 92' lang='lat' dir='ltr'>duo</span> <span class='ocrx_word' id='word_1_165' title='bbox 249 1905 426 1983; x_wconf 89' lang='lat' dir='ltr'>ministeria,</span> <span class='ocrx_word' id='word_1_166' title='bbox 450 1904 511 1963; x_wconf 89' lang='lat' dir='ltr'>hoc</span> <span class='ocrx_word' id='word_1_167' title='bbox 533 1912 587 1978; x_wconf 85' lang='lat' dir='ltr'>est,</span> <span class='ocrx_word' id='word_1_168' title='bbox 610 1904 689 1964; x_wconf 89' lang='lat' dir='ltr'>inter</span> <span class='ocrx_word' id='word_1_169' title='bbox 703 1903 872 1964; x_wconf 89' lang='lat' dir='ltr'>doctrinam</span> <span class='ocrx_word' id='word_1_170' title='bbox 898 1904 984 1984; x_wconf 86' lang='lat' dir='ltr'>legis,</span> 
     </span>
     <span class='ocr_line' id='line_1_21' title="bbox 63 1985 986 2069; baseline 0 -22"><span class='ocrx_word' id='word_1_171' title='bbox 63 2007 144 2069; x_wconf 90' lang='lat' dir='ltr'>quae</span> <span class='ocrx_word' id='word_1_172' title='bbox 166 1986 316 2067; x_wconf 88' lang='lat' dir='ltr'>ostendit,</span> <span class='ocrx_word' id='word_1_173' title='bbox 340 1987 412 2065; x_wconf 91' lang='lat' dir='ltr'>quid</span> <span class='ocrx_word' id='word_1_174' title='bbox 434 2005 491 2046; x_wconf 86' lang='lat' dir='ltr'>noa</span> <span class='ocrx_word' id='word_1_175' title='bbox 514 1987 580 2047; x_wconf 91' lang='lat' dir='ltr'>Deo</span> <span class='ocrx_word' id='word_1_176' title='bbox 604 1985 793 2068; x_wconf 86' lang='lat' dir='ltr'>debeamus,</span> <span class='ocrx_word' id='word_1_177' title='bbox 823 1994 853 2048; x_wconf 91' lang='lat' dir='ltr'>et</span> <span class='ocrx_word' id='word_1_178' title='bbox 877 2005 986 2048; x_wconf 88' lang='lat' dir='ltr'>vocem</span> 
     </span>
    </p>
   </div>
   <div class='ocr_carea' id='block_1_9' title="bbox 62 2068 1147 2150">
    <p class='ocr_par' dir='ltr' id='par_1_9' title="bbox 62 2068 1147 2150">
     <span class='ocr_line' id='line_1_22' title="bbox 62 2068 1147 2150; baseline -0.01 -18"><span class='ocrx_word' id='word_1_179' title='bbox 62 2069 238 2149; x_wconf 80' lang='lat' dir='ltr'>Evangelii,</span> <span class='ocrx_word' id='word_1_180' title='bbox 263 2088 342 2148; x_wconf 90' lang='lat' dir='ltr'>qaae</span> <span class='ocrx_word' id='word_1_181' title='bbox 364 2068 475 2130; x_wconf 81' lang='lat' dir='ltr'>Christi</span> <span class='ocrx_word' id='word_1_182' title='bbox 505 2069 685 2130; x_wconf 85' lang='lat' dir='ltr'>beneficiam</span> <span class='ocrx_word' id='word_1_183' title='bbox 719 2070 808 2130; x_wconf 83' lang='grc' dir='ltr'>ιιοιιιι</span> <span class='ocrx_word' id='word_1_184' title='bbox 832 2072 985 2150; x_wconf 84' lang='lat' dir='ltr'>proponit,</span> <span class='ocrx_word' id='word_1_185' title='bbox 1066 2143 1069 2147; x_wconf 15' lang='grc' dir='ltr'><strong>Δ</strong></span> <span class='ocrx_word' id='word_1_186' title='bbox 1144 2074 1147 2081; x_wconf 87' lang='grc'><strong>’</strong></span> 
     </span>
    </p>
   </div>
   <div class='ocr_carea' id='block_1_10' title="bbox 62 2152 986 2318">
    <p class='ocr_par' dir='ltr' id='par_1_10' title="bbox 62 2152 986 2318">
     <span class='ocr_line' id='line_1_23' title="bbox 62 2152 986 2233; baseline -0.003 -17"><span class='ocrx_word' id='word_1_187' title='bbox 62 2157 142 2216; x_wconf 90' lang='lat' dir='ltr'>sicut</span> <span class='ocrx_word' id='word_1_188' title='bbox 165 2154 280 2213; x_wconf 89' lang='lat' dir='ltr'>clarum</span> <span class='ocrx_word' id='word_1_189' title='bbox 303 2159 358 2227; x_wconf 90' lang='lat' dir='ltr'>est,</span> <span class='ocrx_word' id='word_1_190' title='bbox 381 2171 525 2233; x_wconf 86' lang='lat' dir='ltr'>magnum</span> <span class='ocrx_word' id='word_1_191' title='bbox 548 2152 711 2213; x_wconf 91' lang='lat' dir='ltr'>discrimen</span> <span class='ocrx_word' id='word_1_192' title='bbox 743 2172 811 2214; x_wconf 87' lang='lat' dir='ltr'>esse</span> <span class='ocrx_word' id='word_1_193' title='bbox 832 2156 910 2214; x_wconf 88' lang='lat' dir='ltr'>inter</span> <span class='ocrx_word' id='word_1_194' title='bbox 929 2154 986 2213; x_wconf 90' lang='lat' dir='ltr'>Dei</span> 
     </span>
     <span class='ocr_line' id='line_1_24' title="bbox 64 2235 986 2318; baseline 0 -20"><span class='ocrx_word' id='word_1_195' title='bbox 64 2257 174 2318; x_wconf 77' lang='grc' dir='ltr'>ορειιι·</span> <span class='ocrx_word' id='word_1_196' title='bbox 183 2242 215 2296; x_wconf 87' lang='grc' dir='ltr'>ει</span> <span class='ocrx_word' id='word_1_197' title='bbox 235 2243 340 2298; x_wconf 88' lang='lat' dir='ltr'>nostra</span> <span class='ocrx_word' id='word_1_198' title='bbox 361 2253 465 2314; x_wconf 88' lang='lat' dir='ltr'>opera,</span> <span class='ocrx_word' id='word_1_199' title='bbox 488 2235 630 2313; x_wconf 80' lang='lat' dir='ltr'>adeoque</span> <span class='ocrx_word' id='word_1_200' title='bbox 649 2238 727 2297; x_wconf 89' lang='lat' dir='ltr'>inter</span> <span class='ocrx_word' id='word_1_201' title='bbox 749 2236 847 2297; x_wconf 90' lang='lat' dir='ltr'>Deum</span> <span class='ocrx_word' id='word_1_202' title='bbox 871 2245 901 2296; x_wconf 90' lang='lat' dir='ltr'>et</span> <span class='ocrx_word' id='word_1_203' title='bbox 919 2255 986 2299; x_wconf 91' lang='lat' dir='ltr'>nos.</span> 
     </span>
    </p>
   </div>
   <div class='ocr_carea' id='block_1_11' title="bbox 146 2318 1126 2399">
    <p class='ocr_par' dir='ltr' id='par_1_11' title="bbox 146 2318 1126 2399">
     <span class='ocr_line' id='line_1_25' title="bbox 146 2318 1126 2399; baseline -0.003 -17"><span class='ocrx_word' id='word_1_204' title='bbox 146 2318 212 2382; x_wconf 84' lang='lat' dir='ltr'>Sed</span> <span class='ocrx_word' id='word_1_205' title='bbox 235 2334 317 2379; x_wconf 89' lang='lat' dir='ltr'>nunc</span> <span class='ocrx_word' id='word_1_206' title='bbox 338 2319 376 2379; x_wconf 92' lang='lat' dir='ltr'>de</span> <span class='ocrx_word' id='word_1_207' title='bbox 400 2319 512 2399; x_wconf 90' lang='lat' dir='ltr'>priore,</span> <span class='ocrx_word' id='word_1_208' title='bbox 535 2318 672 2396; x_wconf 79' lang='lat' dir='ltr'>hocest,</span> <span class='ocrx_word' id='word_1_209' title='bbox 696 2320 925 2380; x_wconf 26' lang='lat' dir='ltr'>detminieterio</span> <span class='ocrx_word' id='word_1_210' title='bbox 948 2319 988 2379; x_wconf 92' lang='lat' dir='ltr'>le·</span> <span class='ocrx_word' id='word_1_211' title='bbox 1049 2383 1052 2388; x_wconf 66' lang='grc'><em>,</em></span> <span class='ocrx_word' id='word_1_212' title='bbox 1123 2335 1126 2339; x_wconf 91' lang='grc'><em>·</em></span> 
     </span>
    </p>
   </div>
   <div class='ocr_carea' id='block_1_12' title="bbox 63 2400 990 2815">
    <p class='ocr_par' dir='ltr' id='par_1_12' title="bbox 63 2400 990 2815">
     <span class='ocr_line' id='line_1_26' title="bbox 63 2400 989 2484; baseline -0.002 -20"><span class='ocrx_word' id='word_1_213' title='bbox 63 2405 111 2484; x_wconf 82' lang='lat' dir='ltr'>gis</span> <span class='ocrx_word' id='word_1_214' title='bbox 134 2400 298 2463; x_wconf 89' lang='lat' dir='ltr'>dicendum</span> <span class='ocrx_word' id='word_1_215' title='bbox 322 2410 377 2463; x_wconf 89' lang='lat' dir='ltr'>est.</span> <span class='ocrx_word' id='word_1_216' title='bbox 421 2400 479 2461; x_wconf 89' lang='lat' dir='ltr'>Hic</span> <span class='ocrx_word' id='word_1_217' title='bbox 500 2402 629 2482; x_wconf 89' lang='lat' dir='ltr'>primum</span> <span class='ocrx_word' id='word_1_218' title='bbox 652 2403 891 2482; x_wconf 80' lang='lat' dir='ltr'>consideremus,</span> <span class='ocrx_word' id='word_1_219' title='bbox 914 2420 989 2482; x_wconf 91' lang='lat' dir='ltr'>quo-</span> 
     </span>
     <span class='ocr_line' id='line_1_27' title="bbox 65 2484 989 2566; baseline -0.003 -19"><span class='ocrx_word' id='word_1_220' title='bbox 65 2485 161 2548; x_wconf 92' lang='lat' dir='ltr'>modo</span> <span class='ocrx_word' id='word_1_221' title='bbox 197 2495 228 2545; x_wconf 90' lang='lat' dir='ltr'>et</span> <span class='ocrx_word' id='word_1_222' title='bbox 251 2504 312 2564; x_wconf 86' lang='lat' dir='ltr'>qna</span> <span class='ocrx_word' id='word_1_223' title='bbox 333 2504 450 2564; x_wconf 85' lang='lat' dir='ltr'>pompa</span> <span class='ocrx_word' id='word_1_224' title='bbox 480 2485 591 2545; x_wconf 89' lang='lat' dir='ltr'>tradita</span> <span class='ocrx_word' id='word_1_225' title='bbox 613 2487 653 2545; x_wconf 88' lang='lat' dir='ltr'>sit</span> <span class='ocrx_word' id='word_1_226' title='bbox 681 2484 870 2566; x_wconf 85' lang='lat' dir='ltr'>lexpopnlo</span> <span class='ocrx_word' id='word_1_227' title='bbox 894 2485 989 2545; x_wconf 89' lang='lat' dir='ltr'>lsrael</span> 
     </span>
     <span class='ocr_line' id='line_1_28' title="bbox 63 2568 988 2648; baseline -0.001 -19"><span class='ocrx_word' id='word_1_228' title='bbox 63 2572 94 2630; x_wconf 93' lang='lat' dir='ltr'>in</span> <span class='ocrx_word' id='word_1_229' title='bbox 118 2569 194 2630; x_wconf 81' lang='lat' dir='ltr'>Sina</span> <span class='ocrx_word' id='word_1_230' title='bbox 217 2568 332 2648; x_wconf 88' lang='lat' dir='ltr'>monte,</span> <span class='ocrx_word' id='word_1_231' title='bbox 356 2575 387 2627; x_wconf 89' lang='lat' dir='ltr'>et</span> <span class='ocrx_word' id='word_1_232' title='bbox 405 2574 533 2648; x_wconf 86' lang='lat' dir='ltr'>propter</span> <span class='ocrx_word' id='word_1_233' title='bbox 565 2586 641 2646; x_wconf 83' lang='lat' dir='ltr'>quaa</span> <span class='ocrx_word' id='word_1_234' title='bbox 674 2587 791 2631; x_wconf 87' lang='lat' dir='ltr'>causas.</span> <span class='ocrx_word' id='word_1_235' title='bbox 836 2568 988 2647; x_wconf 88' lang='lat' dir='ltr'>Principio</span> 
     </span>
     <span class='ocr_line' id='line_1_29' title="bbox 65 2649 990 2730; baseline -0.003 -17"><span class='ocrx_word' id='word_1_236' title='bbox 65 2651 255 2724; x_wconf 81' lang='lat' dir='ltr'>enim&#39;Deua</span> <span class='ocrx_word' id='word_1_237' title='bbox 289 2655 380 2711; x_wconf 88' lang='lat' dir='ltr'>etiam</span> <span class='ocrx_word' id='word_1_238' title='bbox 419 2651 518 2711; x_wconf 89' lang='lat' dir='ltr'>locum</span> <span class='ocrx_word' id='word_1_239' title='bbox 549 2652 734 2730; x_wconf 77' lang='lat' dir='ltr'>peculiarem</span> <span class='ocrx_word' id='word_1_240' title='bbox 766 2651 822 2710; x_wconf 90' lang='lat' dir='ltr'>sibi</span> <span class='ocrx_word' id='word_1_241' title='bbox 855 2649 990 2729; x_wconf 87' lang='lat' dir='ltr'>deligere</span> 
     </span>
     <span class='ocr_line' id='line_1_30' title="bbox 65 2733 989 2815; baseline -0.004 -19"><span class='ocrx_word' id='word_1_242' title='bbox 65 2736 181 2808; x_wconf 72' lang='lat' dir='ltr'>uoluit,</span> <span class='ocrx_word' id='word_1_243' title='bbox 204 2733 286 2795; x_wconf 88' lang='lat' dir='ltr'>unde</span> <span class='ocrx_word' id='word_1_244' title='bbox 308 2734 404 2794; x_wconf 88' lang='lat' dir='ltr'>voluit</span> <span class='ocrx_word' id='word_1_245' title='bbox 426 2735 527 2814; x_wconf 90' lang='lat' dir='ltr'>palam</span> <span class='ocrx_word' id='word_1_246' title='bbox 551 2735 690 2815; x_wconf 87' lang='lat' dir='ltr'>conspici</span> <span class='ocrx_word' id='word_1_247' title='bbox 722 2753 807 2794; x_wconf 90' lang='lat' dir='ltr'>snam</span> <span class='ocrx_word' id='word_1_248' title='bbox 841 2752 989 2814; x_wconf 77' lang='lat' dir='ltr'>praesen-</span> 
     </span>
    </p>
   </div>
   <div class='ocr_carea' id='block_1_13' title="bbox 64 2817 1127 2898">
    <p class='ocr_par' dir='ltr' id='par_1_13' title="bbox 64 2817 1127 2898">
     <span class='ocr_line' id='line_1_31' title="bbox 64 2817 1127 2898; baseline -0.003 -19"><span class='ocrx_word' id='word_1_249' title='bbox 64 2821 139 2895; x_wconf 84' lang='lat' dir='ltr'>tiam</span> <span class='ocrx_word' id='word_1_250' title='bbox 162 2826 194 2878; x_wconf 92' lang='lat' dir='ltr'>et</span> <span class='ocrx_word' id='word_1_251' title='bbox 215 2818 312 2878; x_wconf 88' lang='lat' dir='ltr'>audiri</span> <span class='ocrx_word' id='word_1_252' title='bbox 339 2833 445 2881; x_wconf 85' lang='lat' dir='ltr'>vocem</span> <span class='ocrx_word' id='word_1_253' title='bbox 468 2836 564 2880; x_wconf 84' lang='lat' dir='ltr'>anam</span> <span class='ocrx_word' id='word_1_254' title='bbox 594 2817 665 2879; x_wconf 89' lang='lat' dir='ltr'>Non</span> <span class='ocrx_word' id='word_1_255' title='bbox 688 2817 769 2898; x_wconf 91' lang='lat' dir='ltr'>qnod</span> <span class='ocrx_word' id='word_1_256' title='bbox 794 2817 877 2878; x_wconf 86' lang='lat' dir='ltr'>Deus</span> <span class='ocrx_word' id='word_1_257' title='bbox 903 2836 989 2878; x_wconf 88' lang='lat' dir='ltr'>more</span> <span class='ocrx_word' id='word_1_258' title='bbox 1041 2837 1044 2842; x_wconf 93' lang='lat'><em>·</em></span> <span class='ocrx_word' id='word_1_259' title='bbox 1084 2861 1087 2869; x_wconf 88' lang='lat'>.</span> <span class='ocrx_word' id='word_1_260' title='bbox 1125 2844 1127 2849; x_wconf 50' lang='lat'><strong><em>¹</em></strong></span> 
     </span>
    </p>
   </div>
   <div class='ocr_carea' id='block_1_14' title="bbox 14 2900 1076 3814">
    <p class='ocr_par' dir='ltr' id='par_1_14' title="bbox 14 2900 1076 3649">
     <span class='ocr_line' id='line_1_32' title="bbox 66 2900 989 2983; baseline -0.003 -20"><span class='ocrx_word' id='word_1_261' title='bbox 66 2907 174 2963; x_wconf 86' lang='lat' dir='ltr'>nostro</span> <span class='ocrx_word' id='word_1_262' title='bbox 216 2901 369 2981; x_wconf 88' lang='lat' dir='ltr'>corporali</span> <span class='ocrx_word' id='word_1_263' title='bbox 405 2907 437 2960; x_wconf 88' lang='lat' dir='ltr'>et</span> <span class='ocrx_word' id='word_1_264' title='bbox 458 2920 549 2961; x_wconf 89' lang='lat' dir='ltr'>sensu</span> <span class='ocrx_word' id='word_1_265' title='bbox 571 2908 716 2983; x_wconf 87' lang='lat' dir='ltr'>percepta</span> <span class='ocrx_word' id='word_1_266' title='bbox 739 2920 816 2961; x_wconf 89' lang='lat' dir='ltr'>voce</span> <span class='ocrx_word' id='word_1_267' title='bbox 837 2900 945 2979; x_wconf 92' lang='lat' dir='ltr'>loquat</span> <span class='ocrx_word' id='word_1_268' title='bbox 946 2921 989 2979; x_wconf 94' lang='lat' dir='ltr'>ur,</span> 
     </span>
     <span class='ocr_line' id='line_1_33' title="bbox 44 2983 990 3066; baseline -0.002 -21"><span class='ocrx_word' id='word_1_269' title='bbox 44 3004 136 3065; x_wconf 14' lang='lat' dir='ltr'>*aum</span> <span class='ocrx_word' id='word_1_270' title='bbox 159 2985 199 3044; x_wconf 90' lang='lat' dir='ltr'>sit</span> <span class='ocrx_word' id='word_1_271' title='bbox 222 3004 283 3045; x_wconf 91' lang='lat' dir='ltr'>non</span> <span class='ocrx_word' id='word_1_272' title='bbox 307 3002 468 3064; x_wconf 89' lang='lat' dir='ltr'>corporea,</span> <span class='ocrx_word' id='word_1_273' title='bbox 491 2983 547 3043; x_wconf 84' lang='lat' dir='ltr'>sed</span> <span class='ocrx_word' id='word_1_274' title='bbox 569 2985 733 3064; x_wconf 89' lang='lat' dir='ltr'>spiritualis</span> <span class='ocrx_word' id='word_1_275' title='bbox 756 2985 909 3066; x_wconf 82' lang='lat' dir='ltr'>essentia,</span> <span class='ocrx_word' id='word_1_276' title='bbox 932 3003 990 3044; x_wconf 90' lang='lat' dir='ltr'>nea</span> 
     </span>
     <span class='ocr_line' id='line_1_34' title="bbox 67 3064 990 3147; baseline -0.002 -19"><span class='ocrx_word' id='word_1_277' title='bbox 67 3068 182 3128; x_wconf 88' lang='lat' dir='ltr'>babeat</span> <span class='ocrx_word' id='word_1_278' title='bbox 201 3066 332 3147; x_wconf 86' lang='lat' dir='ltr'>physica</span> <span class='ocrx_word' id='word_1_279' title='bbox 351 3086 469 3146; x_wconf 86' lang='lat' dir='ltr'>organa</span> <span class='ocrx_word' id='word_1_280' title='bbox 492 3069 577 3127; x_wconf 87' lang='lat' dir='ltr'>vocis</span> <span class='ocrx_word' id='word_1_281' title='bbox 600 3068 795 3144; x_wconf 87' lang='lat' dir='ltr'>articulatae,</span> <span class='ocrx_word' id='word_1_282' title='bbox 818 3064 873 3127; x_wconf 85' lang='lat' dir='ltr'>se&#39;d</span> <span class='ocrx_word' id='word_1_283' title='bbox 896 3068 990 3145; x_wconf 91' lang='lat' dir='ltr'>qnod,</span> 
     </span>
     <span class='ocr_line' id='line_1_35' title="bbox 18 3149 990 3249; baseline -0.002 -38"><span class='ocrx_word' id='word_1_284' title='bbox 18 3198 21 3203; x_wconf 88' lang='lat'><em>.</em></span> <span class='ocrx_word' id='word_1_285' title='bbox 68 3152 120 3249; x_wconf 81' lang='lat' dir='ltr'>qni</span> <span class='ocrx_word' id='word_1_286' title='bbox 143 3149 280 3210; x_wconf 86' lang='lat' dir='ltr'>condidit</span> <span class='ocrx_word' id='word_1_287' title='bbox 301 3169 400 3210; x_wconf 88' lang='lat' dir='ltr'>rernm</span> <span class='ocrx_word' id='word_1_288' title='bbox 423 3157 563 3210; x_wconf 88' lang='lat' dir='ltr'>naturam</span> <span class='ocrx_word' id='word_1_289' title='bbox 598 3158 628 3210; x_wconf 92' lang='lat' dir='ltr'>et</span> <span class='ocrx_word' id='word_1_290' title='bbox 650 3170 685 3211; x_wconf 90' lang='lat' dir='ltr'>os</span> <span class='ocrx_word' id='word_1_291' title='bbox 709 3170 747 3210; x_wconf 88' lang='lat' dir='ltr'>ac</span> <span class='ocrx_word' id='word_1_292' title='bbox 769 3151 903 3230; x_wconf 83' lang='lat' dir='ltr'>linguam</span> <span class='ocrx_word' id='word_1_293' title='bbox 926 3158 990 3215; x_wconf 77' lang='lat' dir='ltr'>om·-</span> 
     </span>
     <span class='ocr_line' id='line_1_36' title="bbox 69 3226 989 3310; baseline -0.004 -16"><span class='ocrx_word' id='word_1_294' title='bbox 69 3237 150 3294; x_wconf 92' lang='lat' dir='ltr'>nium</span> <span class='ocrx_word' id='word_1_295' title='bbox 174 3226 343 3310; x_wconf 88' lang='lat' dir='ltr'>hominum,</span> <span class='ocrx_word' id='word_1_296' title='bbox 365 3233 446 3293; x_wconf 89' lang='lat' dir='ltr'>idern</span> <span class='ocrx_word' id='word_1_297' title='bbox 460 3235 551 3294; x_wconf 91' lang='lat' dir='ltr'>etiam</span> <span class='ocrx_word' id='word_1_298' title='bbox 573 3235 656 3294; x_wconf 91' lang='lat' dir='ltr'>illum</span> <span class='ocrx_word' id='word_1_299' title='bbox 680 3252 858 3295; x_wconf 87' lang='lat' dir='ltr'>aonumaeu</span> <span class='ocrx_word' id='word_1_300' title='bbox 881 3252 989 3293; x_wconf 88' lang='lat' dir='ltr'>vocem</span> 
     </span>
     <span class='ocr_line' id='line_1_37' title="bbox 68 3315 992 3395; baseline -0.001 -19"><span class='ocrx_word' id='word_1_301' title='bbox 68 3319 98 3376; x_wconf 95' lang='lat' dir='ltr'>in</span> <span class='ocrx_word' id='word_1_302' title='bbox 119 3316 195 3378; x_wconf 79' lang='lat' dir='ltr'>Sina</span> <span class='ocrx_word' id='word_1_303' title='bbox 217 3316 353 3376; x_wconf 89' lang='lat' dir='ltr'>auditam</span> <span class='ocrx_word' id='word_1_304' title='bbox 376 3324 448 3376; x_wconf 90' lang='lat' dir='ltr'>tunc</span> <span class='ocrx_word' id='word_1_305' title='bbox 469 3315 616 3395; x_wconf 87' lang='lat' dir='ltr'>condidit,</span> <span class='ocrx_word' id='word_1_306' title='bbox 639 3337 709 3378; x_wconf 91' lang='lat' dir='ltr'>nam</span> <span class='ocrx_word' id='word_1_307' title='bbox 729 3337 799 3378; x_wconf 89' lang='lat' dir='ltr'>cum</span> <span class='ocrx_word' id='word_1_308' title='bbox 820 3334 912 3377; x_wconf 90' lang='lat' dir='ltr'>nemo</span> <span class='ocrx_word' id='word_1_309' title='bbox 934 3316 992 3375; x_wconf 90' lang='lat' dir='ltr'>ho·</span> 
     </span>
     <span class='ocr_line' id='line_1_38' title="bbox 61 3398 992 3480; baseline -0.002 -20"><span class='ocrx_word' id='word_1_310' title='bbox 61 3402 206 3478; x_wconf 81' lang='lat' dir='ltr'>minum,</span> <span class='ocrx_word' id='word_1_311' title='bbox 241 3400 349 3480; x_wconf 89' lang='lat' dir='ltr'>quibus</span> <span class='ocrx_word' id='word_1_312' title='bbox 383 3400 488 3480; x_wconf 81' lang='lat' dir='ltr'>lin-gua</span> <span class='ocrx_word' id='word_1_313' title='bbox 511 3407 542 3461; x_wconf 90' lang='lat' dir='ltr'>et</span> <span class='ocrx_word' id='word_1_314' title='bbox 573 3401 774 3470; x_wconf 86' lang='lat' dir='ltr'>instrumenta</span> <span class='ocrx_word' id='word_1_315' title='bbox 811 3400 897 3460; x_wconf 83' lang='lat' dir='ltr'>vocis</span> <span class='ocrx_word' id='word_1_316' title='bbox 919 3398 992 3459; x_wconf 85' lang='lat' dir='ltr'>data</span> 
     </span>
     <span class='ocr_line' id='line_1_39' title="bbox 71 3483 990 3564; baseline -0.004 -19"><span class='ocrx_word' id='word_1_317' title='bbox 71 3491 149 3562; x_wconf 89' lang='lat' dir='ltr'>sunt,</span> <span class='ocrx_word' id='word_1_318' title='bbox 173 3485 310 3564; x_wconf 82' lang='lat' dir='ltr'>cogitata</span> <span class='ocrx_word' id='word_1_319' title='bbox 331 3493 362 3554; x_wconf 88' lang='lat' dir='ltr'>at</span> <span class='ocrx_word' id='word_1_320' title='bbox 383 3502 474 3544; x_wconf 88' lang='lat' dir='ltr'>senaa</span> <span class='ocrx_word' id='word_1_321' title='bbox 496 3485 588 3544; x_wconf 90' lang='lat' dir='ltr'>animi</span> <span class='ocrx_word' id='word_1_322' title='bbox 617 3500 696 3544; x_wconf 86' lang='lat' dir='ltr'>voca</span> <span class='ocrx_word' id='word_1_323' title='bbox 722 3483 859 3564; x_wconf 87' lang='lat' dir='ltr'>proferre</span> <span class='ocrx_word' id='word_1_324' title='bbox 882 3483 990 3563; x_wconf 87' lang='lat' dir='ltr'>possit,</span> 
     </span>
     <span class='ocr_line' id='line_1_40' title="bbox 14 3566 1076 3649; baseline -0.007 -17"><span class='ocrx_word' id='word_1_325' title='bbox 14 3628 22 3649; x_wconf 64' lang='lat'><em>„</em></span> <span class='ocrx_word' id='word_1_326' title='bbox 71 3569 128 3628; x_wconf 89' lang='lat' dir='ltr'>nisi</span> <span class='ocrx_word' id='word_1_327' title='bbox 149 3567 327 3628; x_wconf 88' lang='lat' dir='ltr'>etiam-hoc</span> <span class='ocrx_word' id='word_1_328' title='bbox 349 3566 432 3627; x_wconf 88' lang='lat' dir='ltr'>Deus</span> <span class='ocrx_word' id='word_1_329' title='bbox 454 3566 556 3644; x_wconf 89' lang='lat' dir='ltr'>addat,</span> <span class='ocrx_word' id='word_1_330' title='bbox 580 3573 613 3627; x_wconf 91' lang='lat' dir='ltr'>nt</span> <span class='ocrx_word' id='word_1_331' title='bbox 635 3586 711 3627; x_wconf 91' lang='lat' dir='ltr'>voce</span> <span class='ocrx_word' id='word_1_332' title='bbox 723 3567 822 3647; x_wconf 90' lang='lat' dir='ltr'>possit</span> <span class='ocrx_word' id='word_1_333' title='bbox 839 3567 891 3642; x_wconf 88' lang='lat' dir='ltr'>uti,</span> <span class='ocrx_word' id='word_1_334' title='bbox 915 3567 990 3625; x_wconf 87' lang='lat' dir='ltr'>satis</span> <span class='ocrx_word' id='word_1_335' title='bbox 1072 3570 1076 3579; x_wconf 91' lang='lat'>&#39;</span> 
     </span>
    </p>

    <p class='ocr_par' dir='ltr' id='par_1_15' title="bbox 51 3649 991 3814">
     <span class='ocr_line' id='line_1_41' title="bbox 73 3649 991 3732; baseline -0.003 -22"><span class='ocrx_word' id='word_1_336' title='bbox 73 3657 201 3732; x_wconf 82' lang='lat' dir='ltr'>apparet</span> <span class='ocrx_word' id='word_1_337' title='bbox 229 3651 303 3711; x_wconf 63' lang='lat' dir='ltr'>‹tam’</span> <span class='ocrx_word' id='word_1_338' title='bbox 325 3669 394 3710; x_wconf 89' lang='lat' dir='ltr'>esse</span> <span class='ocrx_word' id='word_1_339' title='bbox 415 3651 473 3710; x_wconf 91' lang='lat' dir='ltr'>Dei</span> <span class='ocrx_word' id='word_1_340' title='bbox 496 3649 610 3710; x_wconf 91' lang='lat' dir='ltr'>donum</span> <span class='ocrx_word' id='word_1_341' title='bbox 641 3653 770 3730; x_wconf 86' lang='lat' dir='ltr'>etopus</span> <span class='ocrx_word' id='word_1_342' title='bbox 798 3649 897 3727; x_wconf 87' lang='lat' dir='ltr'>ipsum</span> <span class='ocrx_word' id='word_1_343' title='bbox 928 3668 991 3709; x_wconf 85' lang='lat' dir='ltr'>aer·</span> 
     </span>
     <span class='ocr_line' id='line_1_42' title="bbox 51 3732 991 3814; baseline 0 -21"><span class='ocrx_word' id='word_1_344' title='bbox 51 3749 54 3754; x_wconf 86' lang='grc'><strong>’</strong></span> <span class='ocrx_word' id='word_1_345' title='bbox 77 3753 207 3812; x_wconf 89' lang='lat' dir='ltr'>monem,</span> <span class='ocrx_word' id='word_1_346' title='bbox 231 3732 372 3812; x_wconf 86' lang='lat' dir='ltr'>adeoque</span> <span class='ocrx_word' id='word_1_347' title='bbox 384 3740 533 3814; x_wconf 83' lang='lat' dir='ltr'>etvocem</span> <span class='ocrx_word' id='word_1_348' title='bbox 547 3735 675 3812; x_wconf 87' lang='lat' dir='ltr'>eiusque</span> <span class='ocrx_word' id='word_1_349' title='bbox 691 3733 877 3810; x_wconf 86' lang='lat' dir='ltr'>facultatem,</span> <span class='ocrx_word' id='word_1_350' title='bbox 900 3751 991 3812; x_wconf 88' lang='lat' dir='ltr'>quam</span> 
     </span>
    </p>
   </div>
   <div class='ocr_carea' id='block_1_15' title="bbox 0 0 1194 4162">
    <p class='ocr_par' dir='ltr' id='par_1_16' title="bbox 0 0 1194 4162">
     <span class='ocr_line' id='line_1_43' title="bbox 0 0 1194 4162; baseline 0 0"><span class='ocrx_word' id='word_1_351' title='bbox 0 0 1194 4162; x_wconf 95' lang='lat' dir='ltr'> </span> 
     </span>
    </p>
   </div>
  </div>
 </body>
</html>
