2348 4162
127 242 190 310 172
377 243 420 301 Da
438 258 521 300 servu
540 242 655 300 arbitrio
674 243 710 301 D.
727 243 763 299 M.
780 244 809 301 b.

125 414 217 476 etiam
239 414 269 474 in
293 413 570 475 minimcartieulc.
606 414 707 494 Atque
727 413 752 474 si
775 414 865 475 etiam
888 412 1052 491 donemus,

125 498 245 575 aliquos
268 495 429 580 eiectos*)
452 498 482 558 in
506 516 609 558 errore
638 498 734 558 teneri
760 497 791 556 in
815 502 882 557 tota
902 497 985 567 vita,
1008 501 1052 557 tn

127 600 197 641 men
221 587 292 640 ante
315 587 443 643 mortem
467 600 595 642 necesse
629 587 676 641 est
697 587 731 641 ut
751 579 880 640 redeant
904 580 935 641 in
958 580 1052 655 viam,

126 664 198 742 quia
220 663 357 725 Christus
380 664 454 726 dicit
474 664 560 727 Iaan.
590 663 674 744 10¹):
695 660 797 726 Nemo
819 665 920 745 rapiet
941 682 996 723 cos
1012 661 1053 723 ds

128 766 220 808 manu
244 765 321 811 mea.
365 744 427 809 Sed
449 748 500 808 bic
521 745 619 822 labor,
641 745 742 821 hoc²)
769 765 847 827 cpus
880 752 927 807 est
965 750 1051 807 certo

126 837 279 908 constare,
304 830 419 910 anilii,
443 850 521 911 quos
543 835 574 890 tu
599 829 760 891 ecelesiam
784 849 896 905 vocas,
918 829 1053 890 ecclesie

126 916 195 993 sint,
218 913 266 973 vei
289 914 392 993 potius
428 935 465 974 an
489 919 555 976 tcta
576 915 640 975 vita
668 920 805 974 errantes
834 912 957 973 demum
979 917 1052 973 ante

126 1003 254 1058 mortem
279 999 340 1057 sint
360 996 487 1059 reducti.
536 994 646 1076 Neque
669 998 750 1058 enim
773 998 909 1076 sequitur
931 997 1051 1056 statim:

126 1080 156 1142 si
180 1079 263 1140 Deus
284 1078 354 1139 illcs
379 1099 509 1156 omnes,
532 1099 609 1159 quos
632 1079 775 1159 adducis,
812 1076 1049 1159 quantumvis³)

126 1163 220 1242 ionga
242 1163 321 1223 serie
344 1164 540 1239 seculorum,
569 1162 790 1225 eruditissimos
812 1163 919 1239 viros,
940 1180 1051 1242 passus

125 1247 165 1306 sit
187 1264 301 1326 errare,
324 1265 398 1325 ergo
421 1247 584 1308 ecclesiam
606 1265 692 1306 suam
715 1265 825 1327 pessus
847 1250 1029 1309 esterrare.

70 1402 77 1410 .
208 1328 287 1411 Vide
308 1330 456 1410 populum
482 1330 538 1390 Dei
561 1329 679 1406 israel,
708 1327 760 1390 ubi
781 1330 812 1389 in
834 1333 920 1389 tanto
942 1347 1050 1408 regum

125 1431 253 1473 numero
276 1418 306 1473 et
327 1419 465 1493 tempore
489 1432 617 1474 neunus
640 1411 762 1493 quidem
785 1432 841 1472 rex
862 1416 1051 1491 numeratur,

124 1497 175 1576 qui
197 1514 259 1556 non
284 1502 370 1556 erret.
414 1496 454 1556 Et
475 1496 531 1557 snb
553 1494 622 1556 Elia
644 1495 795 1576 propheta
818 1495 863 1554 sic
885 1513 997 1556 omnes
1020 1500 1052 1554 et

124 1598 226 1654 omne,
249 1577 331 1658 quod
354 1578 509 1660 publicum
535 1584 600 1638 erat
620 1580 706 1639 istius
729 1578 835 1659 populi
848 1625 857 1658 ,
879 1576 999 1638 cbierat
1019 1578 1051 1639 in

125 1661 320 1737 idolatriam,
352 1669 384 1722 ut
407 1682 441 1722 se
463 1662 561 1723 solum
583 1662 721 1723 relictum
744 1666 880 1741 putaret,
911 1679 983 1721 cum
1004 1661 1053 1721 in-

126 1747 223 1825 terim,
247 1745 318 1806 dum
340 1765 444 1825 reges,
467 1745 632 1826 principes,
654 1743 847 1820 sacerdotes,
869 1744 1051 1825 prophetae,

125 1835 157 1889 et
178 1828 322 1908 quicquid
345 1834 466 1908 poterat
487 1827 621 1908 populus
655 1828 703 1889 vel
738 1827 871 1889 eeclesia
892 1827 950 1888 Dei
981 1825 1051 1906 dici,

125 1909 278 1992 perditum
301 1913 369 1988 iret,
392 1917 510 1988 septem
544 1911 638 1972 miliia
673 1910 729 1971 sibi
762 1911 927 1972 reservarit
956 1910 1053 1989 Deus,

126 2013 203 2074 quos
226 1995 293 2074 quis
315 1994 391 2054 vidit
412 2001 465 2054 aut
485 1995 571 2056 novit
593 2013 663 2055 esse
685 1994 834 2075 populum
855 1993 939 2054 Dei?
976 1992 1052 2068 Quis

124 2077 216 2156 igitur
238 2083 269 2137 ct
290 2097 372 2138 nunc
393 2097 507 2158 negare
530 2076 656 2157 audeat,
679 2078 777 2138 Deum
799 2075 856 2137 sub
879 2076 947 2137 istis
968 2076 1052 2157 prin·

75 2207 79 2215 .
126 2158 244 2240 cipibus
266 2161 339 2220 viris
358 2164 439 2236 (non
463 2162 543 2221 enim
566 2162 623 2221 nisi
648 2162 730 2222 viros
752 2158 867 2239 publici
890 2159 1052 2221 ministerii

126 2250 156 2303 et
177 2244 309 2303 nominis
331 2242 489 2322 recenses)
518 2245 549 2304 in
572 2243 665 2323 vulgo
696 2242 752 2303 sibi
784 2260 926 2304 servasse
955 2242 1051 2303 ecele-

125 2327 201 2386 siam
235 2332 266 2388 et
287 2327 357 2387 ilios
380 2346 498 2404 omnes,
522 2327 666 2406 exemplo
689 2325 848 2387 israelitici
870 2331 979 2408 regni,
1001 2344 1051 2406 pc·

124 2410 184 2470 rire
212 2411 408 2489 permisisse?
438 2408 686 2491 quandoquidem
715 2409 870 2489 peculiare
897 2415 945 2470 est
974 2409 1050 2485 Dec,

126 2493 241 2554 electos
264 2490 360 2554 israel
380 2493 538 2573 impedire,
561 2500 592 2554 et
616 2494 745 2573 pingues
768 2510 874 2552 eorum
897 2491 1049 2571 occidere,

126 2574 240 2640 Palam.
255 2575 296 2643 78
306 2575 351 2653 ⁴),
373 2577 476 2638 faeces
499 2596 572 2637 vero
596 2583 627 2637 et
641 2574 895 2656 reliquiaslsrael
918 2594 1050 2654 servare,

126 2667 158 2719 ut
180 2659 331 2739 isaias**)
356 2659 436 2724 dicii.

209 2742 288 2818 Quid
311 2742 423 2803 accidit
445 2741 501 2802 sub
523 2743 591 2822 ipsc
615 2741 746 2817 Christo,
770 2739 820 2801 ubi
844 2759 954 2801 omnes
977 2758 1049 2820 apo·

126 2825 197 2886 stoli
221 2825 429 2901 scandalisati,
452 2832 515 2886 turn
537 2827 606 2904 ipse
628 2823 667 2884 ad
689 2825 833 2885 universo
857 2823 977 2902 populo
1000 2842 1049 2883 ne·

126 2914 215 2987 gatus
238 2915 268 2968 et
291 2906 452 2970 damnatus
475 2915 530 2986 est,
553 2908 606 2968 vix
628 2926 689 2967 unc
708 2913 739 2967 et
760 2906 856 2967 altero
878 2905 1048 2967 Nicodemc
1070 2932 1078 2948 ·

126 2996 157 3050 et
179 2991 321 3070 losephc,
344 2998 406 3052 turn
429 2992 549 3052 latrone
569 2993 600 3052 in
616 3010 707 3052 cruce
725 2988 881 3050 servatis?
915 2989 957 3050 At
978 3008 1049 3050 nun·

127 3071 199 3152 quid
221 3073 266 3133 ilii
280 3074 411 3155 populus
423 3075 479 3135 Dei
502 3080 566 3135 turn
590 3071 795 3138 dicebantur?
818 3071 916 3133 Erant
928 3071 1048 3152 quidem

128 3156 260 3237 populus
282 3157 338 3217 Dei
360 3158 506 3237 reliquus,
529 3156 583 3218 sed
606 3176 668 3218 nau
693 3154 927 3235 nominabatur,
952 3156 980 3216 is
1003 3154 1049 3235 qui

127 3239 352 3315 nominabatur,
375 3259 438 3301 non
460 3246 535 3303 erat.
579 3239 655 3315 Quis
678 3240 757 3318 scit,
793 3239 817 3299 si
846 3244 913 3300 toto
948 3234 1049 3299 mundi

128 3341 226 3398 cursu,
250 3323 289 3384 ab
314 3325 431 3404 origine
454 3343 519 3403 sua,
541 3343 663 3403 semper
677 3322 746 3383 talis
771 3321 861 3382 fuerit
882 3323 983 3383 status
1004 3339 1049 3383 sc·

199 3623 230 3695 *)
254 3621 350 3679 Matth.
370 3625 413 3679 24.
452 3624 483 3691 1)
505 3623 536 3676 In
556 3622 619 3678 edd.
635 3621 713 3692 crigr
733 3621 810 3676 ioan.
825 3622 850 3678 8.
887 3621 921 3691 2)
946 3625 980 3679 In
1010 3620 1048 3679 cd.

128 3696 211 3753 1525:
241 3694 294 3750 hic.
359 3697 391 3766 3)
418 3695 450 3750 In
483 3694 527 3751 ed.
556 3695 625 3752 1525
652 3699 680 3747 et
709 3692 753 3747 ed.
790 3693 866 3749 len:
897 3694 1048 3763 quantavis.

128 3767 162 3838 4)
188 3768 220 3823 In
245 3765 308 3823 edd.
327 3768 411 3839 erige
431 3766 475 3823 77.
513 3765 562 3837 **)
582 3764 657 3821 Esai.
677 3768 701 3821 1.
