<?xml version="1.0" encoding="UTF-8"?>
<!DOCTYPE html PUBLIC "-//W3C//DTD XHTML 1.0 Transitional//EN"
    "http://www.w3.org/TR/xhtml1/DTD/xhtml1-transitional.dtd">
<html xmlns="http://www.w3.org/1999/xhtml" xml:lang="en" lang="en">
 <head>
  <title>
</title>
<meta http-equiv="Content-Type" content="text/html;charset=utf-8" />
  <meta name='ocr-system' content='tesseract 3.04.00' />
  <meta name='ocr-capabilities' content='ocr_page ocr_carea ocr_par ocr_line ocrx_word'/>
</head>
<body>
  <div class='ocr_page' id='page_1' title='image "./dmartinilutheri02luthgoog_0378.png"; bbox 0 0 2348 4162; ppageno 0'>
   <div class='ocr_carea' id='block_1_1' title="bbox 334 248 1043 318">
    <p class='ocr_par' dir='ltr' id='par_1_1' title="bbox 334 248 1043 318">
     <span class='ocr_line' id='line_1_1' title="bbox 334 248 1043 318; baseline 0.007 -11"><span class='ocrx_word' id='word_1_1' title='bbox 334 248 371 307; x_wconf 85' lang='lat' dir='ltr'><strong>ad</strong></span> <span class='ocrx_word' id='word_1_2' title='bbox 388 250 423 309; x_wconf 91' lang='lat' dir='ltr'><strong>D.</strong></span> <span class='ocrx_word' id='word_1_3' title='bbox 441 249 584 309; x_wconf 82' lang='lat' dir='ltr'><strong>Erasmum</strong></span> <span class='ocrx_word' id='word_1_4' title='bbox 602 250 826 309; x_wconf 84' lang='lat' dir='ltr'><strong>Rotcrodamum.</strong></span> <span class='ocrx_word' id='word_1_5' title='bbox 980 250 1043 318; x_wconf 82' lang='lat'><strong>365</strong></span> 
     </span>
    </p>
   </div>
   <div class='ocr_carea' id='block_1_2' title="bbox 121 422 1057 3660">
    <p class='ocr_par' dir='ltr' id='par_1_2' title="bbox 121 422 1046 1250">
     <span class='ocr_line' id='line_1_2' title="bbox 125 422 1043 503; baseline 0.002 -19"><span class='ocrx_word' id='word_1_6' title='bbox 125 423 275 503; x_wconf 87' lang='lat' dir='ltr'><strong>queritur,</strong></span> <span class='ocrx_word' id='word_1_7' title='bbox 312 430 490 503; x_wconf 85' lang='lat' dir='ltr'><strong>peccatores</strong></span> <span class='ocrx_word' id='word_1_8' title='bbox 523 425 553 484; x_wconf 94' lang='lat' dir='ltr'><strong>in</strong></span> <span class='ocrx_word' id='word_1_9' title='bbox 586 423 700 486; x_wconf 90' lang='lat' dir='ltr'><strong>mundo</strong></span> <span class='ocrx_word' id='word_1_10' title='bbox 733 422 889 484; x_wconf 86' lang='lat' dir='ltr'><strong>abundare</strong></span> <span class='ocrx_word' id='word_1_11' title='bbox 922 422 1043 486; x_wconf 87' lang='lat' dir='ltr'><strong>divitiis.</strong></span> 
     </span>
     <span class='ocr_line' id='line_1_3' title="bbox 124 505 1043 586; baseline -0.002 -19"><span class='ocrx_word' id='word_1_12' title='bbox 124 505 271 583; x_wconf 86' lang='lat' dir='ltr'><strong>Obsecro,</strong></span> <span class='ocrx_word' id='word_1_13' title='bbox 293 526 332 567; x_wconf 94' lang='lat' dir='ltr'><strong>an</strong></span> <span class='ocrx_word' id='word_1_14' title='bbox 354 525 417 567; x_wconf 92' lang='lat' dir='ltr'><strong>non</strong></span> <span class='ocrx_word' id='word_1_15' title='bbox 441 508 575 566; x_wconf 89' lang='lat' dir='ltr'><strong>omnium</strong></span> <span class='ocrx_word' id='word_1_16' title='bbox 606 506 719 568; x_wconf 88' lang='lat' dir='ltr'><strong>iudicio</strong></span> <span class='ocrx_word' id='word_1_17' title='bbox 742 508 964 586; x_wconf 84' lang='lat' dir='ltr'><strong>iniquissimum</strong></span> <span class='ocrx_word' id='word_1_18' title='bbox 987 513 1043 585; x_wconf 85' lang='lat' dir='ltr'><strong>ost,</strong></span> 
     </span>
     <span class='ocr_line' id='line_1_4' title="bbox 124 588 1044 674; baseline -0.001 -25"><span class='ocrx_word' id='word_1_19' title='bbox 124 589 222 651; x_wconf 87' lang='lat' dir='ltr'><strong>malos</strong></span> <span class='ocrx_word' id='word_1_20' title='bbox 255 588 404 650; x_wconf 85' lang='lat' dir='ltr'><strong>fortunari</strong></span> <span class='ocrx_word' id='word_1_21' title='bbox 435 595 465 649; x_wconf 88' lang='lat' dir='ltr'><strong>et</strong></span> <span class='ocrx_word' id='word_1_22' title='bbox 486 589 586 650; x_wconf 89' lang='lat' dir='ltr'><strong>bonos</strong></span> <span class='ocrx_word' id='word_1_23' title='bbox 608 589 724 674; x_wconf 81' lang='lat' dir='ltr'><strong>afiligi?</strong></span> <span class='ocrx_word' id='word_1_24' title='bbox 773 589 816 651; x_wconf 89' lang='lat' dir='ltr'><strong>At</strong></span> <span class='ocrx_word' id='word_1_25' title='bbox 835 591 878 650; x_wconf 88' lang='lat' dir='ltr'><strong>ita</strong></span> <span class='ocrx_word' id='word_1_26' title='bbox 895 589 958 649; x_wconf 84' lang='lat' dir='ltr'><strong>¹lert</strong></span> <span class='ocrx_word' id='word_1_27' title='bbox 979 607 1044 649; x_wconf 88' lang='lat' dir='ltr'><strong>cur-</strong></span> 
     </span>
     <span class='ocr_line' id='line_1_5' title="bbox 122 671 1046 753; baseline 0.001 -21"><span class='ocrx_word' id='word_1_28' title='bbox 122 691 172 733; x_wconf 84' lang='lat' dir='ltr'><strong>sus</strong></span> <span class='ocrx_word' id='word_1_29' title='bbox 206 671 322 733; x_wconf 87' lang='lat' dir='ltr'><strong>mnndi.</strong></span> <span class='ocrx_word' id='word_1_30' title='bbox 380 672 439 732; x_wconf 90' lang='lat' dir='ltr'><strong>Hic</strong></span> <span class='ocrx_word' id='word_1_31' title='bbox 465 673 556 732; x_wconf 86' lang='lat' dir='ltr'><strong>etiarn</strong></span> <span class='ocrx_word' id='word_1_32' title='bbox 592 692 712 733; x_wconf 90' lang='lat' dir='ltr'><strong>summa</strong></span> <span class='ocrx_word' id='word_1_33' title='bbox 740 673 865 753; x_wconf 88' lang='lat' dir='ltr'><strong>ingenia</strong></span> <span class='ocrx_word' id='word_1_34' title='bbox 896 691 934 732; x_wconf 89' lang='lat' dir='ltr'><strong>eo</strong></span> <span class='ocrx_word' id='word_1_35' title='bbox 957 671 1046 753; x_wconf 81' lang='lat' dir='ltr'><strong>lapsa</strong></span> 
     </span>
     <span class='ocr_line' id='line_1_6' title="bbox 122 755 1044 836; baseline -0.001 -19"><span class='ocrx_word' id='word_1_36' title='bbox 122 761 202 833; x_wconf 83' lang='lat' dir='ltr'><strong>sunt,</strong></span> <span class='ocrx_word' id='word_1_37' title='bbox 224 762 259 815; x_wconf 91' lang='lat' dir='ltr'><strong>nt</strong></span> <span class='ocrx_word' id='word_1_38' title='bbox 278 755 376 816; x_wconf 86' lang='lat' dir='ltr'><strong>Deum</strong></span> <span class='ocrx_word' id='word_1_39' title='bbox 399 774 468 816; x_wconf 88' lang='lat' dir='ltr'><strong>esse</strong></span> <span class='ocrx_word' id='word_1_40' title='bbox 489 762 613 836; x_wconf 85' lang='lat' dir='ltr'>negent,</span> <span class='ocrx_word' id='word_1_41' title='bbox 636 763 667 816; x_wconf 89' lang='lat' dir='ltr'><strong>et</strong></span> <span class='ocrx_word' id='word_1_42' title='bbox 687 756 853 817; x_wconf 77' lang='lat' dir='ltr'><strong>Fortunam</strong></span> <span class='ocrx_word' id='word_1_43' title='bbox 877 756 980 816; x_wconf 90' lang='lat' dir='ltr'><strong>omnia</strong></span> <span class='ocrx_word' id='word_1_44' title='bbox 1002 762 1044 816; x_wconf 89' lang='lat' dir='ltr'><strong>te·</strong></span> 
     </span>
     <span class='ocr_line' id='line_1_7' title="bbox 123 837 1044 919; baseline 0 -20"><span class='ocrx_word' id='word_1_45' title='bbox 123 858 206 900; x_wconf 86' lang='lat' dir='ltr'><strong>mere</strong></span> <span class='ocrx_word' id='word_1_46' title='bbox 237 857 360 898; x_wconf 90' lang='lat' dir='ltr'><strong>versare</strong></span> <span class='ocrx_word' id='word_1_47' title='bbox 389 837 523 919; x_wconf 84' lang='lat' dir='ltr'><strong>lingant,</strong></span> <span class='ocrx_word' id='word_1_48' title='bbox 558 840 665 917; x_wconf 86' lang='lat' dir='ltr'><strong>quales</strong></span> <span class='ocrx_word' id='word_1_49' title='bbox 693 839 834 919; x_wconf 75' lang='lat' dir='ltr'><strong>Epicurei</strong></span> <span class='ocrx_word' id='word_1_50' title='bbox 862 845 893 899; x_wconf 89' lang='lat' dir='ltr'><strong>et</strong></span> <span class='ocrx_word' id='word_1_51' title='bbox 922 838 1044 899; x_wconf 82' lang='lat' dir='ltr'><strong>Plinius.</strong></span> 
     </span>
     <span class='ocr_line' id='line_1_8' title="bbox 121 919 1044 1002; baseline -0.001 -20"><span class='ocrx_word' id='word_1_52' title='bbox 121 920 243 983; x_wconf 80' lang='lat' dir='ltr'>Deinde</span> <span class='ocrx_word' id='word_1_53' title='bbox 264 919 445 983; x_wconf 82' lang='lat' dir='ltr'><strong>Aristoteles</strong></span> <span class='ocrx_word' id='word_1_54' title='bbox 465 940 554 999; x_wconf 64' lang='lat' dir='ltr'><strong>,suum</strong></span> <span class='ocrx_word' id='word_1_55' title='bbox 577 922 652 982; x_wconf 91' lang='lat' dir='ltr'><strong>illud</strong></span> <span class='ocrx_word' id='word_1_56' title='bbox 675 924 805 1002; x_wconf 90' lang='lat' dir='ltr'><strong>primum</strong></span> <span class='ocrx_word' id='word_1_57' title='bbox 818 920 892 995; x_wconf 80' lang='lat' dir='ltr'><strong>Ena,</strong></span> <span class='ocrx_word' id='word_1_58' title='bbox 915 927 948 981; x_wconf 90' lang='lat' dir='ltr'><strong>ut</strong></span> <span class='ocrx_word' id='word_1_59' title='bbox 970 921 1044 983; x_wconf 88' lang='lat' dir='ltr'><strong>libc-</strong></span> 
     </span>
     <span class='ocr_line' id='line_1_9' title="bbox 121 1004 1044 1085; baseline -0.001 -19"><span class='ocrx_word' id='word_1_60' title='bbox 121 1018 167 1065; x_wconf 85' lang='lat' dir='ltr'><strong>ret</strong></span> <span class='ocrx_word' id='word_1_61' title='bbox 189 1025 209 1066; x_wconf 87' lang='lat' dir='ltr'><strong>a</strong></span> <span class='ocrx_word' id='word_1_62' title='bbox 231 1006 363 1080; x_wconf 86' lang='lat' dir='ltr'><strong>miseria,</strong></span> <span class='ocrx_word' id='word_1_63' title='bbox 385 1006 477 1065; x_wconf 77' lang='lat' dir='ltr'>sentit</span> <span class='ocrx_word' id='word_1_64' title='bbox 498 1006 597 1085; x_wconf 90' lang='lat' dir='ltr'><strong>ipsum</strong></span> <span class='ocrx_word' id='word_1_65' title='bbox 621 1005 694 1065; x_wconf 87' lang='lat' dir='ltr'>nihil</span> <span class='ocrx_word' id='word_1_66' title='bbox 719 1023 818 1066; x_wconf 90' lang='lat' dir='ltr'><strong>rerum</strong></span> <span class='ocrx_word' id='word_1_67' title='bbox 841 1004 963 1084; x_wconf 88' lang='lat' dir='ltr'><strong>videre,</strong></span> <span class='ocrx_word' id='word_1_68' title='bbox 986 1004 1044 1065; x_wconf 90' lang='lat' dir='ltr'><strong>nisi</strong></span> 
     </span>
     <span class='ocr_line' id='line_1_10' title="bbox 121 1086 1046 1169; baseline -0.001 -20"><span class='ocrx_word' id='word_1_69' title='bbox 121 1108 155 1149; x_wconf 87' lang='lat' dir='ltr'><strong>se</strong></span> <span class='ocrx_word' id='word_1_70' title='bbox 177 1087 299 1167; x_wconf 87' lang='lat' dir='ltr'><strong>solum,</strong></span> <span class='ocrx_word' id='word_1_71' title='bbox 335 1086 416 1167; x_wconf 88' lang='lat' dir='ltr'><strong>quod</strong></span> <span class='ocrx_word' id='word_1_72' title='bbox 441 1088 470 1147; x_wconf 91' lang='lat' dir='ltr'><strong>ei</strong></span> <span class='ocrx_word' id='word_1_73' title='bbox 497 1087 746 1149; x_wconf 84' lang='lat' dir='ltr'><strong>molestissimum</strong></span> <span class='ocrx_word' id='word_1_74' title='bbox 768 1107 837 1149; x_wconf 86' lang='lat' dir='ltr'><strong>asse</strong></span> <span class='ocrx_word' id='word_1_75' title='bbox 869 1094 956 1169; x_wconf 88' lang='lat' dir='ltr'><strong>putat</strong></span> <span class='ocrx_word' id='word_1_76' title='bbox 999 1094 1046 1148; x_wconf 90' lang='lat' dir='ltr'><strong>tot</strong></span> 
     </span>
     <span class='ocr_line' id='line_1_11' title="bbox 121 1169 564 1250; baseline 0 -18"><span class='ocrx_word' id='word_1_77' title='bbox 121 1170 213 1250; x_wconf 81' lang='lat' dir='ltr'><strong>mala,</strong></span> <span class='ocrx_word' id='word_1_78' title='bbox 236 1176 282 1231; x_wconf 86' lang='lat' dir='ltr'><strong>tot</strong></span> <span class='ocrx_word' id='word_1_79' title='bbox 304 1172 427 1232; x_wconf 90' lang='lat' dir='ltr'><strong>iniurias</strong></span> <span class='ocrx_word' id='word_1_80' title='bbox 452 1169 564 1232; x_wconf 87' lang='lat' dir='ltr'><strong>videre.</strong></span> 
     </span>
    </p>

    <p class='ocr_par' dir='ltr' id='par_1_3' title="bbox 121 1252 1048 1999">
     <span class='ocr_line' id='line_1_12' title="bbox 205 1252 1046 1334; baseline 0.001 -21"><span class='ocrx_word' id='word_1_81' title='bbox 205 1252 377 1334; x_wconf 74' lang='lat' dir='ltr'>Prophetae</span> <span class='ocrx_word' id='word_1_82' title='bbox 410 1272 505 1330; x_wconf 89' lang='lat' dir='ltr'><strong>vero,</strong></span> <span class='ocrx_word' id='word_1_83' title='bbox 538 1255 588 1334; x_wconf 88' lang='lat' dir='ltr'><strong>qui</strong></span> <span class='ocrx_word' id='word_1_84' title='bbox 613 1254 709 1315; x_wconf 86' lang='lat' dir='ltr'><strong>Deum</strong></span> <span class='ocrx_word' id='word_1_85' title='bbox 744 1273 813 1315; x_wconf 86' lang='lat' dir='ltr'><strong>esse</strong></span> <span class='ocrx_word' id='word_1_86' title='bbox 841 1252 1046 1331; x_wconf 87' lang='lat' dir='ltr'><strong>crediderunt,</strong></span> 
     </span>
     <span class='ocr_line' id='line_1_13' title="bbox 122 1335 1044 1417; baseline 0 -20"><span class='ocrx_word' id='word_1_87' title='bbox 122 1337 221 1416; x_wconf 86' lang='lat' dir='ltr'><strong>magis</strong></span> <span class='ocrx_word' id='word_1_88' title='bbox 255 1343 410 1398; x_wconf 77' lang='lat' dir='ltr'><strong>tentantur</strong></span> <span class='ocrx_word' id='word_1_89' title='bbox 443 1335 482 1397; x_wconf 92' lang='lat' dir='ltr'><strong>de</strong></span> <span class='ocrx_word' id='word_1_90' title='bbox 514 1338 673 1417; x_wconf 88' lang='lat' dir='ltr'><strong>iniquitate</strong></span> <span class='ocrx_word' id='word_1_91' title='bbox 697 1338 774 1416; x_wconf 87' lang='lat' dir='ltr'><strong>Dei,</strong></span> <span class='ocrx_word' id='word_1_92' title='bbox 812 1345 844 1397; x_wconf 88' lang='lat' dir='ltr'><strong>ut</strong></span> <span class='ocrx_word' id='word_1_93' title='bbox 864 1337 1044 1413; x_wconf 83' lang='lat' dir='ltr'><strong>Hieremias,</strong></span> 
     </span>
     <span class='ocr_line' id='line_1_14' title="bbox 121 1418 1046 1500; baseline -0.001 -19"><span class='ocrx_word' id='word_1_94' title='bbox 121 1418 212 1496; x_wconf 86' lang='lat' dir='ltr'><strong>Hiob,</strong></span> <span class='ocrx_word' id='word_1_95' title='bbox 235 1418 343 1493; x_wconf 84' lang='lat' dir='ltr'><strong>David,</strong></span> <span class='ocrx_word' id='word_1_96' title='bbox 365 1420 487 1499; x_wconf 87' lang='lat' dir='ltr'><strong>Assaph</strong></span> <span class='ocrx_word' id='word_1_97' title='bbox 510 1428 539 1479; x_wconf 90' lang='lat' dir='ltr'><strong>et</strong></span> <span class='ocrx_word' id='word_1_98' title='bbox 561 1422 621 1482; x_wconf 89' lang='lat' dir='ltr'><strong>alii.</strong></span> <span class='ocrx_word' id='word_1_99' title='bbox 665 1419 745 1495; x_wconf 78' lang='lat' dir='ltr'><strong>Quid</strong></span> <span class='ocrx_word' id='word_1_100' title='bbox 761 1427 850 1500; x_wconf 88' lang='lat' dir='ltr'><strong>putas</strong></span> <span class='ocrx_word' id='word_1_101' title='bbox 865 1420 1046 1481; x_wconf 87' lang='lat' dir='ltr'><strong>Demosthe·</strong></span> 
     </span>
     <span class='ocr_line' id='line_1_15' title="bbox 121 1502 1045 1583; baseline 0.001 -21"><span class='ocrx_word' id='word_1_102' title='bbox 121 1522 176 1563; x_wconf 88' lang='lat' dir='ltr'><strong>nes</strong></span> <span class='ocrx_word' id='word_1_103' title='bbox 200 1510 232 1562; x_wconf 90' lang='lat' dir='ltr'><strong>et</strong></span> <span class='ocrx_word' id='word_1_104' title='bbox 245 1502 352 1562; x_wconf 82' lang='lat' dir='ltr'><strong>Cicero</strong></span> <span class='ocrx_word' id='word_1_105' title='bbox 376 1504 547 1581; x_wconf 84' lang='lat' dir='ltr'><strong>cogitarint,</strong></span> <span class='ocrx_word' id='word_1_106' title='bbox 571 1522 639 1563; x_wconf 89' lang='lat' dir='ltr'><strong>cum</strong></span> <span class='ocrx_word' id='word_1_107' title='bbox 662 1505 774 1579; x_wconf 83' lang='lat' dir='ltr'><strong>omnia,</strong></span> <span class='ocrx_word' id='word_1_108' title='bbox 797 1522 876 1582; x_wconf 87' lang='lat' dir='ltr'><strong>quae</strong></span> <span class='ocrx_word' id='word_1_109' title='bbox 893 1510 1045 1583; x_wconf 86' lang='lat' dir='ltr'><strong>poterant,</strong></span> 
     </span>
     <span class='ocr_line' id='line_1_16' title="bbox 122 1584 1044 1665; baseline 0 -19"><span class='ocrx_word' id='word_1_110' title='bbox 122 1584 306 1665; x_wconf 80' lang='lat' dir='ltr'><strong>effecissent,</strong></span> <span class='ocrx_word' id='word_1_111' title='bbox 330 1595 360 1645; x_wconf 89' lang='lat' dir='ltr'><strong>et</strong></span> <span class='ocrx_word' id='word_1_112' title='bbox 383 1587 472 1646; x_wconf 87' lang='lat' dir='ltr'><strong>talem</strong></span> <span class='ocrx_word' id='word_1_113' title='bbox 497 1586 669 1646; x_wconf 89' lang='lat' dir='ltr'><strong>mercedem</strong></span> <span class='ocrx_word' id='word_1_114' title='bbox 683 1588 794 1647; x_wconf 84' lang='lat' dir='ltr'><strong>misero</strong></span> <span class='ocrx_word' id='word_1_115' title='bbox 816 1588 938 1647; x_wconf 86' lang='lat' dir='ltr'><strong>interitu</strong></span> <span class='ocrx_word' id='word_1_116' title='bbox 962 1605 1044 1646; x_wconf 90' lang='lat' dir='ltr'><strong>rece·</strong></span> 
     </span>
     <span class='ocr_line' id='line_1_17' title="bbox 121 1667 1048 1749; baseline -0.003 -17"><span class='ocrx_word' id='word_1_117' title='bbox 121 1667 254 1749; x_wconf 82' lang='lat' dir='ltr'><strong>parunt?</strong></span> <span class='ocrx_word' id='word_1_118' title='bbox 307 1668 347 1729; x_wconf 80' lang='lat' dir='ltr'><strong>Et</strong></span> <span class='ocrx_word' id='word_1_119' title='bbox 368 1676 469 1728; x_wconf 87' lang='lat' dir='ltr'><strong>tamen</strong></span> <span class='ocrx_word' id='word_1_120' title='bbox 492 1669 570 1730; x_wconf 91' lang='lat' dir='ltr'><strong>haeo</strong></span> <span class='ocrx_word' id='word_1_121' title='bbox 601 1671 742 1748; x_wconf 87' lang='lat' dir='ltr'><strong>iniquitas</strong></span> <span class='ocrx_word' id='word_1_122' title='bbox 764 1670 821 1729; x_wconf 87' lang='lat' dir='ltr'><strong>Dei</strong></span> <span class='ocrx_word' id='word_1_123' title='bbox 849 1669 1048 1729; x_wconf 88' lang='lat' dir='ltr'><strong>vehementer</strong></span> 
     </span>
     <span class='ocr_line' id='line_1_18' title="bbox 121 1751 1046 1833; baseline -0.001 -20"><span class='ocrx_word' id='word_1_124' title='bbox 121 1751 290 1833; x_wconf 88' lang='lat' dir='ltr'><strong>probabilis</strong></span> <span class='ocrx_word' id='word_1_125' title='bbox 321 1760 352 1812; x_wconf 90' lang='lat' dir='ltr'><strong>et</strong></span> <span class='ocrx_word' id='word_1_126' title='bbox 385 1755 572 1832; x_wconf 74' lang='lat' dir='ltr'><strong>argumentis</strong></span> <span class='ocrx_word' id='word_1_127' title='bbox 611 1752 720 1813; x_wconf 89' lang='lat' dir='ltr'><strong>talibus</strong></span> <span class='ocrx_word' id='word_1_128' title='bbox 749 1752 903 1830; x_wconf 88' lang='lat' dir='ltr'><strong>traducta,</strong></span> <span class='ocrx_word' id='word_1_129' title='bbox 937 1751 1046 1831; x_wconf 87' lang='lat' dir='ltr'><strong>quibua</strong></span> 
     </span>
     <span class='ocr_line' id='line_1_19' title="bbox 121 1834 1046 1915; baseline 0 -20"><span class='ocrx_word' id='word_1_130' title='bbox 121 1834 207 1896; x_wconf 88' lang='lat' dir='ltr'><strong>nulla</strong></span> <span class='ocrx_word' id='word_1_131' title='bbox 227 1835 305 1895; x_wconf 89' lang='lat' dir='ltr'><strong>ratio</strong></span> <span class='ocrx_word' id='word_1_132' title='bbox 328 1841 381 1895; x_wconf 89' lang='lat' dir='ltr'><strong>aut</strong></span> <span class='ocrx_word' id='word_1_133' title='bbox 403 1835 504 1894; x_wconf 91' lang='lat' dir='ltr'><strong>lumen</strong></span> <span class='ocrx_word' id='word_1_134' title='bbox 527 1843 653 1895; x_wconf 87' lang='lat' dir='ltr'><strong>naturae</strong></span> <span class='ocrx_word' id='word_1_135' title='bbox 675 1843 777 1915; x_wconf 87' lang='lat' dir='ltr'><strong>potest</strong></span> <span class='ocrx_word' id='word_1_136' title='bbox 794 1837 945 1913; x_wconf 86' lang='lat' dir='ltr'><strong>resistere,</strong></span> <span class='ocrx_word' id='word_1_137' title='bbox 968 1835 1046 1895; x_wconf 94' lang='lat' dir='ltr'><strong>tolli·</strong></span> 
     </span>
     <span class='ocr_line' id='line_1_20' title="bbox 122 1917 1046 1999; baseline -0.001 -20"><span class='ocrx_word' id='word_1_138' title='bbox 122 1926 171 1979; x_wconf 87' lang='lat' dir='ltr'><strong>tur</strong></span> <span class='ocrx_word' id='word_1_139' title='bbox 203 1917 348 1979; x_wconf 76' lang='lat' dir='ltr'><strong>facillime</strong></span> <span class='ocrx_word' id='word_1_140' title='bbox 371 1938 426 1998; x_wconf 92' lang='lat' dir='ltr'><strong>per</strong></span> <span class='ocrx_word' id='word_1_141' title='bbox 458 1918 556 1978; x_wconf 85' lang='lat' dir='ltr'><strong>lucem</strong></span> <span class='ocrx_word' id='word_1_142' title='bbox 580 1918 739 1999; x_wconf 79' lang='lat' dir='ltr'><strong>Evangelii</strong></span> <span class='ocrx_word' id='word_1_143' title='bbox 775 1926 806 1979; x_wconf 88' lang='lat' dir='ltr'><strong>ct</strong></span> <span class='ocrx_word' id='word_1_144' title='bbox 838 1919 1046 1998; x_wconf 89' lang='lat' dir='ltr'><strong>cognitionem</strong></span> 
     </span>
    </p>

    <p class='ocr_par' dir='ltr' id='par_1_4' title="bbox 121 2000 1047 2580">
     <span class='ocr_line' id='line_1_21' title="bbox 158 2000 1046 2084; baseline -0.002 -22"><span class='ocrx_word' id='word_1_145' title='bbox 158 2002 241 2063; x_wconf 87' lang='lat' dir='ltr'><strong>aliae</strong></span> <span class='ocrx_word' id='word_1_146' title='bbox 254 2046 263 2083; x_wconf 93' lang='lat'><strong>,</strong></span> <span class='ocrx_word' id='word_1_147' title='bbox 291 2019 352 2080; x_wconf 87' lang='lat' dir='ltr'><strong>qua</strong></span> <span class='ocrx_word' id='word_1_148' title='bbox 375 2002 542 2079; x_wconf 88' lang='lat' dir='ltr'><strong>docemur,</strong></span> <span class='ocrx_word' id='word_1_149' title='bbox 565 2003 676 2082; x_wconf 87' lang='lat' dir='ltr'><strong>impios</strong></span> <span class='ocrx_word' id='word_1_150' title='bbox 699 2002 899 2082; x_wconf 82' lang='lat' dir='ltr'><strong>corporaliter</strong></span> <span class='ocrx_word' id='word_1_151' title='bbox 921 2000 1046 2084; x_wconf 87' lang='lat' dir='ltr'><strong>quidem</strong></span> 
     </span>
     <span class='ocr_line' id='line_1_22' title="bbox 143 2084 1047 2165; baseline -0.001 -19"><span class='ocrx_word' id='word_1_152' title='bbox 143 2103 244 2162; x_wconf 89' lang='lat' dir='ltr'><strong>orere,</strong></span> <span class='ocrx_word' id='word_1_153' title='bbox 266 2084 319 2144; x_wconf 86' lang='lat' dir='ltr'><strong>sad</strong></span> <span class='ocrx_word' id='word_1_154' title='bbox 343 2085 446 2144; x_wconf 90' lang='lat' dir='ltr'><strong>anima</strong></span> <span class='ocrx_word' id='word_1_155' title='bbox 467 2084 561 2164; x_wconf 88' lang='lat' dir='ltr'><strong>perdi.</strong></span> <span class='ocrx_word' id='word_1_156' title='bbox 595 2085 711 2165; x_wconf 78' lang='lat' dir='ltr'><strong>Estque</strong></span> <span class='ocrx_word' id='word_1_157' title='bbox 733 2087 826 2146; x_wconf 88' lang='lat' dir='ltr'><strong>totius</strong></span> <span class='ocrx_word' id='word_1_158' title='bbox 848 2086 934 2146; x_wconf 87' lang='lat' dir='ltr'><strong>istius</strong></span> <span class='ocrx_word' id='word_1_159' title='bbox 956 2102 1047 2165; x_wconf 86' lang='lat' dir='ltr'><strong>qnae-</strong></span> 
     </span>
     <span class='ocr_line' id='line_1_23' title="bbox 121 2166 1047 2248; baseline 0 -20"><span class='ocrx_word' id='word_1_160' title='bbox 121 2169 231 2229; x_wconf 85' lang='lat' dir='ltr'><strong>stionis</strong></span> <span class='ocrx_word' id='word_1_161' title='bbox 253 2166 423 2227; x_wconf 87' lang='lat' dir='ltr'><strong>insolubilis</strong></span> <span class='ocrx_word' id='word_1_162' title='bbox 444 2168 504 2228; x_wconf 85' lang='lat' dir='ltr'><strong>ista</strong></span> <span class='ocrx_word' id='word_1_163' title='bbox 525 2167 625 2228; x_wconf 88' lang='lat' dir='ltr'><strong>brevis</strong></span> <span class='ocrx_word' id='word_1_164' title='bbox 648 2170 760 2229; x_wconf 90' lang='lat' dir='ltr'><strong>solutio</strong></span> <span class='ocrx_word' id='word_1_165' title='bbox 782 2168 886 2229; x_wconf 93' lang='lat' dir='ltr'><strong>inuno</strong></span> <span class='ocrx_word' id='word_1_166' title='bbox 909 2168 1047 2248; x_wconf 89' lang='lat' dir='ltr'><strong>verbulo,</strong></span> 
     </span>
     <span class='ocr_line' id='line_1_24' title="bbox 122 2250 1047 2331; baseline 0 -20"><span class='ocrx_word' id='word_1_167' title='bbox 122 2250 256 2330; x_wconf 90' lang='lat' dir='ltr'><strong>scilicet,</strong></span> <span class='ocrx_word' id='word_1_168' title='bbox 279 2268 348 2310; x_wconf 86' lang='lat' dir='ltr'><strong>essa</strong></span> <span class='ocrx_word' id='word_1_169' title='bbox 370 2251 462 2310; x_wconf 90' lang='lat' dir='ltr'><strong>vitam</strong></span> <span class='ocrx_word' id='word_1_170' title='bbox 486 2251 658 2328; x_wconf 86' lang='lat' dir='ltr'><strong>posthanc</strong></span> <span class='ocrx_word' id='word_1_171' title='bbox 680 2254 797 2330; x_wconf 88' lang='lat' dir='ltr'><strong>vitam,</strong></span> <span class='ocrx_word' id='word_1_172' title='bbox 828 2254 857 2312; x_wconf 93' lang='lat' dir='ltr'><strong>in</strong></span> <span class='ocrx_word' id='word_1_173' title='bbox 880 2270 940 2331; x_wconf 87' lang='lat' dir='ltr'><strong>qua</strong></span> <span class='ocrx_word' id='word_1_174' title='bbox 962 2251 1047 2330; x_wconf 91' lang='lat' dir='ltr'><strong>quid-</strong></span> 
     </span>
     <span class='ocr_line' id='line_1_25' title="bbox 122 2333 1047 2414; baseline -0.001 -20"><span class='ocrx_word' id='word_1_175' title='bbox 122 2333 195 2414; x_wconf 88' lang='lat' dir='ltr'><strong>quid</strong></span> <span class='ocrx_word' id='word_1_176' title='bbox 218 2333 349 2393; x_wconf 89' lang='lat' dir='ltr'><strong>hicnon</strong></span> <span class='ocrx_word' id='word_1_177' title='bbox 373 2341 419 2393; x_wconf 88' lang='lat' dir='ltr'><strong>est</strong></span> <span class='ocrx_word' id='word_1_178' title='bbox 441 2336 578 2414; x_wconf 90' lang='lat' dir='ltr'><strong>punitum</strong></span> <span class='ocrx_word' id='word_1_179' title='bbox 602 2346 632 2394; x_wconf 87' lang='lat' dir='ltr'><strong>et</strong></span> <span class='ocrx_word' id='word_1_180' title='bbox 652 2343 888 2414; x_wconf 86' lang='lat' dir='ltr'><strong>remuneratum,</strong></span> <span class='ocrx_word' id='word_1_181' title='bbox 910 2334 973 2393; x_wconf 95' lang='lat' dir='ltr'><strong>illic</strong></span> <span class='ocrx_word' id='word_1_182' title='bbox 993 2354 1047 2412; x_wconf 89' lang='lat' dir='ltr'><strong>pu·</strong></span> 
     </span>
     <span class='ocr_line' id='line_1_26' title="bbox 123 2415 1045 2494; baseline -0.001 -17"><span class='ocrx_word' id='word_1_183' title='bbox 123 2419 224 2479; x_wconf 84' lang='lat' dir='ltr'><strong>cietur</strong></span> <span class='ocrx_word' id='word_1_184' title='bbox 253 2424 283 2477; x_wconf 90' lang='lat' dir='ltr'><strong>et</strong></span> <span class='ocrx_word' id='word_1_185' title='bbox 315 2415 578 2494; x_wconf 86' lang='lat' dir='ltr'><strong>remunerabitur,</strong></span> <span class='ocrx_word' id='word_1_186' title='bbox 611 2434 682 2478; x_wconf 92' lang='lat' dir='ltr'><strong>cum</strong></span> <span class='ocrx_word' id='word_1_187' title='bbox 712 2417 790 2478; x_wconf 88' lang='lat' dir='ltr'><strong>haec</strong></span> <span class='ocrx_word' id='word_1_188' title='bbox 826 2419 889 2477; x_wconf 90' lang='lat' dir='ltr'><strong>vita</strong></span> <span class='ocrx_word' id='word_1_189' title='bbox 910 2417 949 2476; x_wconf 88' lang='lat' dir='ltr'><strong>sit</strong></span> <span class='ocrx_word' id='word_1_190' title='bbox 970 2416 1045 2477; x_wconf 90' lang='lat' dir='ltr'><strong>nihil</strong></span> 
     </span>
     <span class='ocr_line' id='line_1_27' title="bbox 123 2500 973 2580; baseline 0.001 -20"><span class='ocrx_word' id='word_1_191' title='bbox 123 2501 181 2561; x_wconf 90' lang='lat' dir='ltr'><strong>nisi</strong></span> <span class='ocrx_word' id='word_1_192' title='bbox 201 2518 383 2580; x_wconf 78' lang='lat' dir='ltr'><strong>praecursus</strong></span> <span class='ocrx_word' id='word_1_193' title='bbox 406 2508 458 2560; x_wconf 87' lang='lat' dir='ltr'><strong>aut</strong></span> <span class='ocrx_word' id='word_1_194' title='bbox 481 2500 597 2559; x_wconf 88' lang='lat' dir='ltr'><strong>initium</strong></span> <span class='ocrx_word' id='word_1_195' title='bbox 620 2501 721 2579; x_wconf 81' lang='lat' dir='ltr'><strong>potius</strong></span> <span class='ocrx_word' id='word_1_196' title='bbox 742 2500 860 2560; x_wconf 86' lang='lat' dir='ltr'><strong>futurae</strong></span> <span class='ocrx_word' id='word_1_197' title='bbox 883 2500 973 2562; x_wconf 88' lang='lat' dir='ltr'><strong>vilae.</strong></span> 
     </span>
    </p>

    <p class='ocr_par' dir='ltr' id='par_1_5' title="bbox 122 2581 1057 3660">
     <span class='ocr_line' id='line_1_28' title="bbox 207 2581 1049 2662; baseline -0.002 -18"><span class='ocrx_word' id='word_1_198' title='bbox 207 2581 239 2644; x_wconf 81' lang='lat' dir='ltr'><strong>Si</strong></span> <span class='ocrx_word' id='word_1_199' title='bbox 260 2584 351 2662; x_wconf 89' lang='lat' dir='ltr'><strong>igitur</strong></span> <span class='ocrx_word' id='word_1_200' title='bbox 383 2583 435 2644; x_wconf 87' lang='lat' dir='ltr'><strong>lux</strong></span> <span class='ocrx_word' id='word_1_201' title='bbox 464 2582 642 2662; x_wconf 80' lang='lat' dir='ltr'><strong>Evangelii,</strong></span> <span class='ocrx_word' id='word_1_202' title='bbox 677 2602 756 2662; x_wconf 89' lang='lat' dir='ltr'><strong>quae</strong></span> <span class='ocrx_word' id='word_1_203' title='bbox 791 2583 859 2643; x_wconf 92' lang='lat' dir='ltr'><strong>solo</strong></span> <span class='ocrx_word' id='word_1_204' title='bbox 893 2582 987 2642; x_wconf 88' lang='lat' dir='ltr'><strong>verbo</strong></span> <span class='ocrx_word' id='word_1_205' title='bbox 1016 2588 1049 2642; x_wconf 86' lang='lat' dir='ltr'><strong>et</strong></span> 
     </span>
     <span class='ocr_line' id='line_1_29' title="bbox 122 2664 1047 2747; baseline -0.001 -22"><span class='ocrx_word' id='word_1_206' title='bbox 122 2665 184 2727; x_wconf 83' lang='lat' dir='ltr'><strong>flde</strong></span> <span class='ocrx_word' id='word_1_207' title='bbox 207 2665 300 2747; x_wconf 87' lang='lat' dir='ltr'><strong>valet,</strong></span> <span class='ocrx_word' id='word_1_208' title='bbox 323 2673 438 2726; x_wconf 88' lang='lat' dir='ltr'><strong>tantum</strong></span> <span class='ocrx_word' id='word_1_209' title='bbox 463 2664 571 2744; x_wconf 87' lang='lat' dir='ltr'><strong>efficit,</strong></span> <span class='ocrx_word' id='word_1_210' title='bbox 601 2673 633 2726; x_wconf 92' lang='lat' dir='ltr'><strong>ut</strong></span> <span class='ocrx_word' id='word_1_211' title='bbox 661 2667 718 2726; x_wconf 85' lang='lat' dir='ltr'><strong>ista</strong></span> <span class='ocrx_word' id='word_1_212' title='bbox 741 2667 880 2745; x_wconf 81' lang='lat' dir='ltr'><strong>quaestio</strong></span> <span class='ocrx_word' id='word_1_213' title='bbox 904 2664 1047 2724; x_wconf 87' lang='lat' dir='ltr'><strong>omnibns</strong></span> 
     </span>
     <span class='ocr_line' id='line_1_30' title="bbox 124 2746 1047 2828; baseline -0.001 -20"><span class='ocrx_word' id='word_1_214' title='bbox 124 2748 236 2809; x_wconf 87' lang='lat' dir='ltr'><strong>seculis</strong></span> <span class='ocrx_word' id='word_1_215' title='bbox 259 2755 389 2810; x_wconf 88' lang='lat' dir='ltr'><strong>tractata</strong></span> <span class='ocrx_word' id='word_1_216' title='bbox 411 2756 442 2808; x_wconf 86' lang='lat' dir='ltr'><strong>et</strong></span> <span class='ocrx_word' id='word_1_217' title='bbox 463 2766 617 2828; x_wconf 90' lang='lat' dir='ltr'><strong>nunquam</strong></span> <span class='ocrx_word' id='word_1_218' title='bbox 641 2749 744 2810; x_wconf 85' lang='lat' dir='ltr'><strong>soluta</strong></span> <span class='ocrx_word' id='word_1_219' title='bbox 780 2756 842 2809; x_wconf 93' lang='lat' dir='ltr'><strong>tam</strong></span> <span class='ocrx_word' id='word_1_220' title='bbox 865 2747 954 2808; x_wconf 83' lang='lat' dir='ltr'><strong>facile</strong></span> <span class='ocrx_word' id='word_1_221' title='bbox 976 2746 1047 2807; x_wconf 82' lang='lat' dir='ltr'><strong>diri·</strong></span> 
     </span>
     <span class='ocr_line' id='line_1_31' title="bbox 124 2831 1047 2913; baseline -0.002 -21"><span class='ocrx_word' id='word_1_222' title='bbox 124 2840 225 2893; x_wconf 88' lang='lat' dir='ltr'><strong>matur</strong></span> <span class='ocrx_word' id='word_1_223' title='bbox 246 2840 277 2893; x_wconf 86' lang='lat' dir='ltr'><strong>ct</strong></span> <span class='ocrx_word' id='word_1_224' title='bbox 299 2840 511 2912; x_wconf 85' lang='lat' dir='ltr'><strong>componatur,</strong></span> <span class='ocrx_word' id='word_1_225' title='bbox 535 2832 607 2911; x_wconf 87' lang='lat' dir='ltr'><strong>quid</strong></span> <span class='ocrx_word' id='word_1_226' title='bbox 628 2840 718 2913; x_wconf 89' lang='lat' dir='ltr'><strong>putas</strong></span> <span class='ocrx_word' id='word_1_227' title='bbox 740 2832 887 2909; x_wconf 87' lang='lat' dir='ltr'><strong>futurum,</strong></span> <span class='ocrx_word' id='word_1_228' title='bbox 910 2831 961 2891; x_wconf 92' lang='lat' dir='ltr'><strong>ubi</strong></span> <span class='ocrx_word' id='word_1_229' title='bbox 984 2849 1047 2890; x_wconf 88' lang='lat' dir='ltr'><strong>ces·</strong></span> 
     </span>
     <span class='ocr_line' id='line_1_32' title="bbox 124 2912 1047 2996; baseline -0.001 -22"><span class='ocrx_word' id='word_1_230' title='bbox 124 2922 213 2981; x_wconf 81' lang='lat' dir='ltr'><strong>canto</strong></span> <span class='ocrx_word' id='word_1_231' title='bbox 233 2912 348 2976; x_wconf 91' lang='lat' dir='ltr'><strong>lumine</strong></span> <span class='ocrx_word' id='word_1_232' title='bbox 371 2915 453 2976; x_wconf 88' lang='lat' dir='ltr'><strong>verbi</strong></span> <span class='ocrx_word' id='word_1_233' title='bbox 477 2921 508 2975; x_wconf 90' lang='lat' dir='ltr'><strong>et</strong></span> <span class='ocrx_word' id='word_1_234' title='bbox 529 2914 600 2975; x_wconf 86' lang='lat' dir='ltr'><strong>lldci</strong></span> <span class='ocrx_word' id='word_1_235' title='bbox 624 2936 671 2976; x_wconf 86' lang='lat' dir='ltr'><strong>res</strong></span> <span class='ocrx_word' id='word_1_236' title='bbox 692 2917 761 2996; x_wconf 85' lang='lat' dir='ltr'><strong>ipsa</strong></span> <span class='ocrx_word' id='word_1_237' title='bbox 782 2922 813 2976; x_wconf 89' lang='lat' dir='ltr'><strong>et</strong></span> <span class='ocrx_word' id='word_1_238' title='bbox 835 2916 980 2976; x_wconf 84' lang='lat' dir='ltr'><strong>maiestas</strong></span> <span class='ocrx_word' id='word_1_239' title='bbox 1004 2912 1047 2974; x_wconf 90' lang='lat' dir='ltr'><strong>di·</strong></span> 
     </span>
     <span class='ocr_line' id='line_1_33' title="bbox 124 2997 1047 3077; baseline 0 -20"><span class='ocrx_word' id='word_1_240' title='bbox 124 2999 195 3059; x_wconf 91' lang='lat' dir='ltr'><strong>vina</strong></span> <span class='ocrx_word' id='word_1_241' title='bbox 217 3018 272 3077; x_wconf 90' lang='lat' dir='ltr'><strong>per</strong></span> <span class='ocrx_word' id='word_1_242' title='bbox 293 3018 361 3058; x_wconf 86' lang='lat' dir='ltr'><strong>sese</strong></span> <span class='ocrx_word' id='word_1_243' title='bbox 374 2997 577 3058; x_wconf 83' lang='lat' dir='ltr'><strong>revelabitur?</strong></span> <span class='ocrx_word' id='word_1_244' title='bbox 612 3000 659 3058; x_wconf 84' lang='lat' dir='ltr'><strong>An</strong></span> <span class='ocrx_word' id='word_1_245' title='bbox 683 3018 743 3059; x_wconf 92' lang='lat' dir='ltr'><strong>non</strong></span> <span class='ocrx_word' id='word_1_246' title='bbox 757 3007 856 3077; x_wconf 88' lang='lat' dir='ltr'><strong>putas,</strong></span> <span class='ocrx_word' id='word_1_247' title='bbox 879 2997 962 3077; x_wconf 85' lang='lat' dir='ltr'><strong>quod</strong></span> <span class='ocrx_word' id='word_1_248' title='bbox 983 3003 1047 3057; x_wconf 88' lang='lat' dir='ltr'><strong>tum</strong></span> 
     </span>
     <span class='ocr_line' id='line_1_34' title="bbox 124 3080 1049 3161; baseline -0.003 -19"><span class='ocrx_word' id='word_1_249' title='bbox 124 3082 227 3142; x_wconf 88' lang='lat' dir='ltr'><strong>lumen</strong></span> <span class='ocrx_word' id='word_1_250' title='bbox 261 3081 378 3161; x_wconf 89' lang='lat' dir='ltr'><strong>gloriae</strong></span> <span class='ocrx_word' id='word_1_251' title='bbox 401 3082 612 3160; x_wconf 80' lang='lat' dir='ltr'><strong>quaestionem</strong></span> <span class='ocrx_word' id='word_1_252' title='bbox 635 3101 726 3161; x_wconf 91' lang='lat' dir='ltr'><strong>quam</strong></span> <span class='ocrx_word' id='word_1_253' title='bbox 749 3081 895 3142; x_wconf 85' lang='lat' dir='ltr'><strong>facillime</strong></span> <span class='ocrx_word' id='word_1_254' title='bbox 927 3080 1049 3141; x_wconf 87' lang='lat' dir='ltr'><strong>solvere</strong></span> 
     </span>
     <span class='ocr_line' id='line_1_35' title="bbox 123 3163 1048 3245; baseline -0.003 -19"><span class='ocrx_word' id='word_1_255' title='bbox 123 3165 232 3245; x_wconf 86' lang='lat' dir='ltr'><strong>possit,</strong></span> <span class='ocrx_word' id='word_1_256' title='bbox 255 3183 336 3243; x_wconf 88' lang='lat' dir='ltr'><strong>quac</strong></span> <span class='ocrx_word' id='word_1_257' title='bbox 356 3166 386 3224; x_wconf 94' lang='lat' dir='ltr'><strong>in</strong></span> <span class='ocrx_word' id='word_1_258' title='bbox 412 3165 524 3225; x_wconf 89' lang='lat' dir='ltr'><strong>lumina</strong></span> <span class='ocrx_word' id='word_1_259' title='bbox 547 3164 630 3224; x_wconf 90' lang='lat' dir='ltr'><strong>verbi</strong></span> <span class='ocrx_word' id='word_1_260' title='bbox 652 3171 704 3225; x_wconf 91' lang='lat' dir='ltr'><strong>aut</strong></span> <span class='ocrx_word' id='word_1_261' title='bbox 725 3165 843 3245; x_wconf 86' lang='lat' dir='ltr'><strong>gratiae</strong></span> <span class='ocrx_word' id='word_1_262' title='bbox 865 3172 913 3224; x_wconf 86' lang='lat' dir='ltr'><strong>est</strong></span> <span class='ocrx_word' id='word_1_263' title='bbox 933 3163 1048 3224; x_wconf 85' lang='lat' dir='ltr'><strong>insolu-</strong></span> 
     </span>
     <span class='ocr_line' id='line_1_36' title="bbox 124 3246 1049 3328; baseline -0.002 -20"><span class='ocrx_word' id='word_1_264' title='bbox 124 3248 192 3308; x_wconf 87' lang='lat' dir='ltr'><strong>bilis</strong></span> <span class='ocrx_word' id='word_1_265' title='bbox 205 3293 215 3327; x_wconf 95' lang='lat'><strong>,</strong></span> <span class='ocrx_word' id='word_1_266' title='bbox 244 3266 312 3307; x_wconf 89' lang='lat' dir='ltr'><strong>cum</strong></span> <span class='ocrx_word' id='word_1_267' title='bbox 337 3247 439 3308; x_wconf 90' lang='lat' dir='ltr'><strong>lumen</strong></span> <span class='ocrx_word' id='word_1_268' title='bbox 462 3249 579 3328; x_wconf 90' lang='lat' dir='ltr'><strong>gratiae</strong></span> <span class='ocrx_word' id='word_1_269' title='bbox 601 3255 661 3308; x_wconf 91' lang='lat' dir='ltr'><strong>tam</strong></span> <span class='ocrx_word' id='word_1_270' title='bbox 698 3247 788 3308; x_wconf 85' lang='lat' dir='ltr'><strong>facile</strong></span> <span class='ocrx_word' id='word_1_271' title='bbox 810 3246 937 3307; x_wconf 84' lang='lat' dir='ltr'><strong>solverit</strong></span> <span class='ocrx_word' id='word_1_272' title='bbox 958 3265 1049 3326; x_wconf 87' lang='lat' dir='ltr'><strong>quae-</strong></span> 
     </span>
     <span class='ocr_line' id='line_1_37' title="bbox 124 3327 1057 3391; baseline -0.003 0"><span class='ocrx_word' id='word_1_273' title='bbox 124 3332 256 3391; x_wconf 87' lang='lat' dir='ltr'><strong>stionem</strong></span> <span class='ocrx_word' id='word_1_274' title='bbox 279 3332 309 3391; x_wconf 93' lang='lat' dir='ltr'><strong>in</strong></span> <span class='ocrx_word' id='word_1_275' title='bbox 333 3329 445 3391; x_wconf 89' lang='lat' dir='ltr'><strong>lumine</strong></span> <span class='ocrx_word' id='word_1_276' title='bbox 467 3339 593 3391; x_wconf 88' lang='lat' dir='ltr'><strong>naturae</strong></span> <span class='ocrx_word' id='word_1_277' title='bbox 622 3329 839 3391; x_wconf 79' lang='lat' dir='ltr'><strong>insolubilem?</strong></span> <span class='ocrx_word' id='word_1_278' title='bbox 880 3329 954 3389; x_wconf 83' lang='lat' dir='ltr'><strong>Tria</strong></span> <span class='ocrx_word' id='word_1_279' title='bbox 976 3327 1057 3389; x_wconf 87' lang='lat' dir='ltr'><strong>mihi</strong></span> 
     </span>
     <span class='ocr_line' id='line_1_38' title="bbox 125 3412 1048 3495; baseline -0.002 -22"><span class='ocrx_word' id='word_1_280' title='bbox 125 3415 242 3476; x_wconf 87' lang='lat' dir='ltr'><strong>lomina</strong></span> <span class='ocrx_word' id='word_1_281' title='bbox 263 3432 356 3495; x_wconf 84' lang='lat' dir='ltr'><strong>pone,</strong></span> <span class='ocrx_word' id='word_1_282' title='bbox 378 3414 481 3474; x_wconf 91' lang='lat' dir='ltr'><strong>lumen</strong></span> <span class='ocrx_word' id='word_1_283' title='bbox 505 3422 640 3491; x_wconf 88' lang='lat' dir='ltr'><strong>naturae,</strong></span> <span class='ocrx_word' id='word_1_284' title='bbox 664 3414 766 3474; x_wconf 90' lang='lat' dir='ltr'><strong>lumen</strong></span> <span class='ocrx_word' id='word_1_285' title='bbox 789 3412 922 3493; x_wconf 88' lang='lat' dir='ltr'><strong>gratiae,</strong></span> <span class='ocrx_word' id='word_1_286' title='bbox 945 3412 1048 3473; x_wconf 88' lang='lat' dir='ltr'><strong>lumen</strong></span> 
     </span>
     <span class='ocr_line' id='line_1_39' title="bbox 124 3494 1048 3578; baseline -0.003 -22"><span class='ocrx_word' id='word_1_287' title='bbox 124 3498 253 3577; x_wconf 86' lang='lat' dir='ltr'><strong>gloriae,</strong></span> <span class='ocrx_word' id='word_1_288' title='bbox 277 3505 309 3556; x_wconf 89' lang='lat' dir='ltr'><strong>ut</strong></span> <span class='ocrx_word' id='word_1_289' title='bbox 330 3496 424 3558; x_wconf 88' lang='lat' dir='ltr'><strong>habet</strong></span> <span class='ocrx_word' id='word_1_290' title='bbox 444 3496 570 3578; x_wconf 90' lang='lat' dir='ltr'><strong>vulgata</strong></span> <span class='ocrx_word' id='word_1_291' title='bbox 592 3504 623 3557; x_wconf 89' lang='lat' dir='ltr'><strong>et</strong></span> <span class='ocrx_word' id='word_1_292' title='bbox 645 3498 727 3558; x_wconf 93' lang='lat' dir='ltr'><strong>bona</strong></span> <span class='ocrx_word' id='word_1_293' title='bbox 749 3495 915 3557; x_wconf 83' lang='lat' dir='ltr'><strong>distinctio.</strong></span> <span class='ocrx_word' id='word_1_294' title='bbox 950 3495 982 3555; x_wconf 93' lang='lat' dir='ltr'><strong>ln</strong></span> <span class='ocrx_word' id='word_1_295' title='bbox 1006 3494 1048 3554; x_wconf 93' lang='lat' dir='ltr'><strong>lu-</strong></span> 
     </span>
     <span class='ocr_line' id='line_1_40' title="bbox 126 3575 1048 3660; baseline -0.003 -20"><span class='ocrx_word' id='word_1_296' title='bbox 126 3582 208 3641; x_wconf 90' lang='lat' dir='ltr'><strong>mine</strong></span> <span class='ocrx_word' id='word_1_297' title='bbox 230 3587 359 3640; x_wconf 88' lang='lat' dir='ltr'><strong>naturue</strong></span> <span class='ocrx_word' id='word_1_298' title='bbox 382 3588 427 3640; x_wconf 87' lang='lat' dir='ltr'><strong>est</strong></span> <span class='ocrx_word' id='word_1_299' title='bbox 449 3580 627 3660; x_wconf 89' lang='lat' dir='ltr'><strong>insolubile,</strong></span> <span class='ocrx_word' id='word_1_300' title='bbox 649 3581 710 3640; x_wconf 90' lang='lat' dir='ltr'><strong>hoo</strong></span> <span class='ocrx_word' id='word_1_301' title='bbox 732 3599 799 3639; x_wconf 89' lang='lat' dir='ltr'><strong>esse</strong></span> <span class='ocrx_word' id='word_1_302' title='bbox 821 3580 943 3657; x_wconf 87' lang='lat' dir='ltr'><strong>iustum,</strong></span> <span class='ocrx_word' id='word_1_303' title='bbox 966 3575 1048 3657; x_wconf 90' lang='lat' dir='ltr'><strong>quod</strong></span> 
     </span>
    </p>
   </div>
   <div class='ocr_carea' id='block_1_3' title="bbox 125 3659 1049 3830">
    <p class='ocr_par' dir='ltr' id='par_1_6' title="bbox 125 3659 1049 3830">
     <span class='ocr_line' id='line_1_41' title="bbox 125 3659 1049 3743; baseline 0.002 -20"><span class='ocrx_word' id='word_1_304' title='bbox 125 3662 224 3724; x_wconf 86' lang='lat' dir='ltr'><strong>bonus</strong></span> <span class='ocrx_word' id='word_1_305' title='bbox 248 3662 400 3743; x_wconf 87' lang='lat' dir='ltr'><strong>affligatur</strong></span> <span class='ocrx_word' id='word_1_306' title='bbox 422 3670 452 3723; x_wconf 89' lang='lat' dir='ltr'><strong>et</strong></span> <span class='ocrx_word' id='word_1_307' title='bbox 469 3665 566 3726; x_wconf 92' lang='lat' dir='ltr'><strong>malus</strong></span> <span class='ocrx_word' id='word_1_308' title='bbox 589 3664 667 3724; x_wconf 90' lang='lat' dir='ltr'><strong>bene</strong></span> <span class='ocrx_word' id='word_1_309' title='bbox 690 3662 810 3726; x_wconf 88' lang='lat' dir='ltr'><strong>habeat.</strong></span> <span class='ocrx_word' id='word_1_310' title='bbox 851 3662 892 3721; x_wconf 90' lang='lat' dir='ltr'><strong>At</strong></span> <span class='ocrx_word' id='word_1_311' title='bbox 913 3662 973 3723; x_wconf 91' lang='lat' dir='ltr'><strong>hoc</strong></span> <span class='ocrx_word' id='word_1_312' title='bbox 990 3659 1049 3725; x_wconf 82' lang='lat' dir='ltr'><strong>dia·</strong></span> 
     </span>
     <span class='ocr_line' id='line_1_42' title="bbox 126 3745 491 3830; baseline -0.003 -19"><span class='ocrx_word' id='word_1_313' title='bbox 126 3748 218 3811; x_wconf 83' lang='lat' dir='ltr'><strong>solvit</strong></span> <span class='ocrx_word' id='word_1_314' title='bbox 240 3745 342 3807; x_wconf 89' lang='lat' dir='ltr'><strong>lumen</strong></span> <span class='ocrx_word' id='word_1_315' title='bbox 365 3748 491 3830; x_wconf 83' lang='lat' dir='ltr'><strong>gratiae.</strong></span> 
     </span>
    </p>
   </div>
   <div class='ocr_carea' id='block_1_4' title="bbox 0 0 1178 4162">
    <p class='ocr_par' dir='ltr' id='par_1_7' title="bbox 0 0 1178 4162">
     <span class='ocr_line' id='line_1_43' title="bbox 0 0 1178 4162; baseline 0 0"><span class='ocrx_word' id='word_1_316' title='bbox 0 0 1178 4162; x_wconf 95' lang='lat' dir='ltr'><strong> </strong></span> 
     </span>
    </p>
   </div>
  </div>
 </body>
</html>
