2348 4162
68 3824 108 3914 ἱ

208 247 273 315 406
413 245 619 303 Conciunculao
637 242 775 315 quaedam
792 242 828 299 D.
846 242 883 299 Ι.
901 242 933 297 L

292 411 368 471 ltem
386 410 543 489 qualitate.
577 409 681 490 Aliqui
701 409 742 471 ab
762 407 916 487 boatibna,
937 406 989 469 alii
1004 405 1042 467 ab
1061 404 1119 466 anri

210 496 266 575 cie,
284 494 365 571 filiis,
386 495 538 571 iratribus,
559 492 727 574 discipulis.

542 576 620 640 Item
642 576 804 639 relatione.

293 659 375 735 Quia
396 668 539 740 respectu
563 661 651 741 mali,
683 657 766 741 quod
788 658 842 719 alii
863 658 1036 739 patiuntur,
1062 652 1120 715 nihil

211 752 259 805 eut
284 742 415 821 (nedum
428 744 584 806 modicum
607 742 686 827 eut),
709 741 793 823 quod
807 741 1029 823 piipatiuntnr.
1056 735 1120 801 Nan

211 836 294 907 aunt,
315 829 366 908 qui
387 828 520 907 morbis,
540 829 667 889 infamia
690 836 721 888 et
742 825 811 887 aliia
846 824 936 886 malie
959 824 1052 886 etiarn
1072 840 1120 882 ne·

210 913 271 973 rito
293 910 480 991 affliguntur,
503 917 536 972 ut
557 912 649 991 suren,
671 912 818 972 latrones.

583 993 661 1057 Item
684 993 766 1058 loco.

295 1075 385 1152 Quod
407 1077 526 1138 felicius
561 1086 608 1139 eat
634 1078 699 1157 pati
733 1082 851 1137 tantum
881 1093 953 1135 cum
975 1073 1034 1154 piia
1055 1070 1121 1134 etin

211 1162 362 1223 societate
383 1160 545 1242 bonorum,
566 1158 657 1241 qinom
680 1162 760 1221 inter
781 1158 945 1240 malignos.

600 1245 747 1307 Econtra

294 1324 460 1406 impiorum
495 1327 611 1389 laetitia
644 1333 690 1388 eet
718 1325 856 1406 modica,
878 1332 1037 1405 tempore,
1067 1322 1122 1402 qnia
1163 1328 1165 1353 ¹

212 1410 297 1471 brevi
319 1407 470 1489 durat1),
497 1411 591 1491 aliqui
614 1412 668 1473 vix
689 1410 787 1489 diem,
815 1427 930 1470 annum
953 1406 1123 1487 triumphant
1163 1430 1165 1441 ·

211 1501 320 1555 contra
337 1494 422 1619 ppos,
445 1493 500 1556 eed
522 1494 707 1575 triumphent
728 1512 804 1554 sane
824 1497 891 1554 tota
901 1492 977 1571 vita,
998 1489 1072 1570 quid
1089 1492 1123 1549 cd

212 1576 265 1637 illa
288 1577 371 1638 vita.
1163 1630 1165 1635 .

297 1658 476 1734 Quantitate
503 1667 606 1721 tamen
636 1660 728 1721 etiam
762 1658 822 1741 ipai
850 1677 912 1719 non
945 1675 1069 1737 semper
1085 1656 1123 1717 la

213 1742 288 1804 bent
309 1762 402 1823 open,
431 1742 584 1821 honores,
615 1744 796 1820 uanitatem,
828 1746 863 1801 ut
881 1748 1046 1821 quaerunt,
1076 1740 1123 1801 inu

213 1834 367 1906 anguntur
388 1826 507 1886 miserie
529 1828 626 1906 curie,
654 1824 809 1897 consiliis.
842 1822 1055 1903 inquietudine
1074 1840 1123 1904 per·

213 1907 379 1988 sequendi,
414 1916 445 1968 et
478 1909 548 1990 plus
578 1909 695 1990 negotii
725 1907 841 1969 habent
873 1905 956 1968 male
988 1904 1124 1979 iaciendo,

213 2011 305 2071 quam
327 1993 370 2072 pii
391 1992 472 2053 male
498 1992 661 2073 patiendo,
690 1992 770 2052 sieut
797 1988 945 2072 scriptum
977 1998 1042 2051 eat:
1070 1988 1124 2050 lion

213 2084 260 2135 est
282 2094 344 2155 pax
365 2076 478 2155 impiis,
501 2086 664 2156 etuemper
679 2074 860 2137 malefactor
882 2072 1124 2148 eeuediucruoiat,

214 2157 372 2236 quomodo
395 2163 517 2235 noceat,
539 2164 695 2220 ettamen
718 2177 788 2219 aeae
810 2158 909 2238 magia
930 2155 1042 2237 perdit
1164 2196 1166 2203 ·

297 2239 461 2316 Qualitate.
503 2240 583 2302 Nam
618 2249 650 2303 et
676 2242 735 2322 ipsi
767 2260 836 2302 aeae
869 2240 990 2301 invinou
1011 2238 1124 2300 reddunt

214 2322 356 2384 omnibus
377 2322 483 2403 bonis,
521 2331 679 2385 eteorum
702 2323 874 2405 triumphus
902 2341 966 2384 non
989 2330 1073 2385 caret
1090 2322 1124 2380 in·

171 2452 178 2461 .
213 2406 312 2484 vidia,
334 2409 411 2467 sicut
434 2407 538 2468 tabula
552 2408 670 2489 Aesopi
692 2406 819 2488 indicat,
841 2405 924 2486 quod
947 2407 1041 2467 etiarn
1062 2407 1125 2467 inter

213 2509 283 2551 aeae
316 2490 479 2570 gallinacei
514 2488 691 2572 mordeant,
722 2498 754 2552 et
780 2489 913 2551 mundus
946 2490 1016 2570 ipae
1049 2489 1123 2550 etian

212 2576 291 2634 inter
312 2593 382 2634 ecee
404 2594 467 2635 non
489 2574 584 2635 habet
604 2594 730 2656 pacem,
764 2573 819 2635 aed
848 2571 1086 2649 tumultuantur,
1102 2574 1124 2629 et

212 2656 316 2718 larunt
329 2658 460 2718 invicem
473 2657 615 2719 omnibus
628 2658 723 2737 furiis,
736 2655 957 2738 superbiendo,
966 2652 1124 2726 ambiendo,

212 2738 378 2801 invidendo
407 2748 438 2801 et
459 2741 618 2821 nocendo,
653 2741 725 2802 dum
745 2740 867 2801 interim
899 2739 944 2819 pii
965 2738 1051 2801 bona
1069 2754 1125 2799 con·

213 2824 342 2884 scientia
363 2823 500 2903 gaudent
521 2825 552 2884 in
574 2824 772 2887 tribulatione
793 2842 860 2884 aua.

295 2905 467 2971 Relatione.
511 2906 592 2982 Quia
613 2914 755 2988 respectu
777 2905 869 2983 boni,
898 2902 984 2984 quod
1013 2905 1065 2966 alii
1083 2902 1125 2964 ha·

212 2987 303 3067 bent,
334 2991 514 3068 praesertim
543 2991 602 3070 pii,
635 2990 709 3052 nihil
737 2996 784 3051 eut
818 2988 941 3049 illorum
971 2986 1125 3069 triumphat

213 3071 270 3131 niai
292 3072 443 3132 somnium
469 3074 674 3134 tristissimum
697 3080 728 3134 et
749 3072 918 3134 vanissima
939 3072 1057 3151 opinio.
1084 3068 1125 3131 Hit

212 3152 502 3234 amplificationibus
532 3155 618 3218 addit
646 3156 821 3237 exemplum
853 3154 892 3216 de
923 3155 1052 3216 muliere
1071 3170 1126 3235 par·

212 3238 351 3298 turiente.

294 3319 495 3401 Singularitcr
522 3328 625 3383 tamen
654 3321 825 3384 notandum
853 3326 916 3403 eat,
944 3320 1030 3400 quod
1052 3316 1125 3381 tridi-

211 3404 284 3465 tiam
308 3411 338 3465 et
362 3403 506 3485 gaudium
531 3407 650 3483 piorum
673 3405 778 3467 delinit
799 3405 866 3484 hio,
900 3404 983 3485 quod
1006 3405 1047 3466 uit
1077 3417 1127 3465 uon

210 3486 315 3548 videre
338 3494 369 3549 et
391 3486 497 3549 videre
519 3488 683 3554 Christum.

288 3742 316 3807 l)
334 3740 365 3794 lu
385 3739 428 3795 od.
448 3740 532 3811 orig.:
552 3739 663 3797 durant
