2348 4162
434 228 473 289 Δ
492 232 573 290 1523.
915 228 979 297 499

96 395 233 478 ngadr.
255 396 365 461 Briele.
387 397 428 459 Ill
444 419 472 481 p.
486 399 556 483 154,
580 399 619 462 de
632 399 736 461 Wette
749 399 977 485 (Saidemanu),

97 479 227 541 Luthers
249 481 349 543 Briefa
371 479 429 564 VI,
462 503 492 564 p.
514 485 570 563 41,
604 490 636 545 et
657 483 788 546 Walchii
812 485 924 548 introd.
946 487 977 546 in

96 563 132 625 Τ.
154 564 224 626 XIV
249 563 329 647 Opp.
352 564 440 629 Luth.
462 586 491 649 p.
514 565 586 643 23).

241 730 388 792 Martinus
409 731 522 794 Luther
542 733 596 795 Pio
618 731 792 815 Lectori1).

142 863 280 927 Gratiam
303 873 334 926 et
355 884 473 946 pacem.
520 868 610 950 Vide,
644 887 779 949 quaeso,
810 867 908 929 lector
931 886 980 928 ca·

56 949 191 1028 rissime,
222 966 313 1028 quam
338 968 442 1010 verum
465 951 554 1013 nimis
577 952 688 1012 lactum
712 954 768 1032 sit,
791 951 874 1031 quod
897 951 980 1012 Chri-

56 1038 124 1092 stus
147 1033 208 1092 ait:
241 1032 334 1093 Filius
357 1033 499 1115 hominis,
523 1036 741 1115 cumvenerit,
766 1043 865 1116 putas,
889 1034 981 1094 fldem

55 1115 195 1177 inveniet
211 1116 242 1176 in
265 1115 368 1177 terra?
409 1117 456 1177 En
478 1125 525 1179 tot
545 1120 595 1180 hic
618 1126 767 1180 sectarum
791 1136 906 1200 genera
931 1123 982 1193 (ut

57 1199 179 1281 species
201 1205 233 1259 et
253 1198 411 1260 individua
427 1206 577 1283 taceam),
600 1220 727 1281 quarum
744 1201 899 1282 quaelibet
913 1218 981 1281 pro·
1011 1204 1018 1209 '

57 1282 127 1364 prio
149 1281 251 1342 lurore
273 1282 459 1363 singularem
491 1285 597 1345 salutis
631 1287 711 1345 viam
745 1284 824 1345 ultra
846 1296 876 1345 et
897 1302 982 1364 prae·

56 1372 105 1426 ter
127 1363 279 1426 Christum
313 1367 439 1429 invenit.
482 1366 561 1442 Quid
584 1368 748 1447 reliquum,
778 1386 909 1447 quaeso,
934 1366 983 1426 vel

59 1447 173 1509 Christi
197 1448 245 1508 vel
267 1447 339 1508 ddei
362 1450 394 1508 in
417 1455 496 1511 terra
520 1449 745 1531 relinquerent?
767 1449 860 1511 Plane
881 1450 982 1510 iocum

57 1529 185 1611 dixeris,
208 1530 354 1592 diluvium
374 1532 432 1592 sub
453 1533 521 1593 Noe
544 1533 652 1611 luisse,
674 1535 699 1594 si
721 1533 776 1593 has
799 1537 981 1610 cataractas,

57 1612 156 1674 nubes
179 1620 209 1675 et
220 1620 419 1694 tempestates
435 1616 661 1696 hypocritarum
679 1623 810 1696 spectes.
832 1616 914 1677 luter
926 1615 981 1674 has

57 1703 162 1758 tamen
176 1696 363 1777 perditiones
374 1700 504 1778 primum
517 1699 617 1760 locum
632 1699 793 1780 multiceps
805 1700 856 1759 illa
869 1707 898 1758 et
910 1698 983 1757 mul·

57 1781 140 1861 tipes
152 1798 189 1841 ac
200 1780 375 1841 multicolor
386 1783 480 1862 pestis
492 1782 663 1844 Minoritica
675 1781 781 1843 seeta²
810 1782 918 1842 merito
932 1780 983 1842 ob·

59 1864 149 1945 tinet,
172 1864 202 1924 iu
226 1882 287 1944 qua
309 1883 370 1925 uon
394 1865 546 1926 Francisci
569 1866 728 1947 exemplar
740 1885 780 1926 no
802 1866 829 1926 is
852 1863 902 1946 (ul
922 1866 982 1924 iac

58 1946 146 2030 taut)
170 1945 320 2024 referunt,
342 1947 396 2007 sed
420 1948 586 2010 mendaciis
609 1956 640 2009 et
662 1950 738 2009 fucis
762 1951 909 2010 maiorem
932 1966 980 2007 or·

59 2030 107 2091 bis
130 2038 248 2111 partem
271 2049 375 2091 secum
399 2031 544 2111 perdunt,
573 2039 621 2110 ut,
644 2032 767 2113 quando
790 2031 984 2112 Evangelion

59 2119 172 2175 contra
193 2119 291 2175 totum
313 2114 440 2175 istarum
467 2116 620 2176 larvarum
649 2117 744 2177 cahos
773 2117 920 2197 impetum
942 2114 983 2175 la-

59 2214 134 2257 cere
156 2197 276 2278 coepit,
314 2200 423 2258 merito
450 2199 481 2259 in
512 2200 570 2260 hos
604 2201 732 2280 primum
763 2206 794 2260 et
816 2199 983 2259 maximum

58 2280 164 2341 iacere
185 2278 306 2343 debeat.
328 2280 362 2341 Id
377 2284 477 2343 oneris
491 2282 583 2343 subiit
596 2283 777 2343 Franciscus
795 2281 985 2357 Lambertus,

59 2371 95 2424 ut
117 2363 168 2441 qui
191 2361 287 2445 probe
310 2382 364 2424 cos
386 2365 466 2424 intus
489 2367 571 2425 etin
592 2372 663 2425 cute
684 2382 816 2424 noscens
840 2364 985 2443 mysteria

58 2445 189 2528 pulchra
211 2448 311 2526 possit
333 2445 473 2528 prodere,
496 2465 576 2527 quaa
598 2467 711 2528 magna
730 2449 776 2507 sui
799 2447 933 2528 pernicie
955 2452 986 2505 et

59 2528 170 2590 didicit
190 2529 272 2610 apud
294 2548 368 2611 eos,
402 2536 433 2591 et
454 2549 536 2590 nunc
563 2531 730 2593 miserante
752 2530 887 2607 Christo,
928 2547 984 2588 ceu

58 2620 232 2674 extremum
264 2613 422 2674 auriculae
454 2632 493 2674 ex
528 2633 583 2674 ore
610 2613 692 2693 lupi,
725 2619 847 2694 ereptus
879 2620 925 2672 est
946 2611 985 2671 ab

57 2696 189 2757 isiomm
212 2695 392 2776 perditione.
432 2696 515 2776 Lege
531 2698 623 2778 igitur
644 2697 717 2756 felix
739 2714 775 2756 ac
798 2695 876 2774 vide,
901 2694 987 2755 Chri·

60 2784 143 2839 stnm
165 2779 345 2839 nouaclum
368 2782 399 2839 in
421 2779 568 2858 Luther0,
601 2779 655 2840 sed
678 2786 709 2841 et
739 2781 768 2839 iu
793 2777 895 2839 multis
917 2777 984 2838 aliis

58 2862 124 2923 suis
146 2863 228 2922 vasis
250 2863 338 2922 irasci
362 2869 393 2923 et
415 2863 520 2924 ulcisci
542 2881 610 2924 sese
633 2863 671 2923 de
689 2869 858 2944 purgurata
880 2860 987 2920 illast

59 2943 148 3006 ebria
170 2946 340 3027 meretrice,
361 2946 598 3008 fornicationum
623 2953 729 3026 matre,
753 2945 904 3025 simulque
927 2961 984 3004 nc·

56 3026 178 3092 hiscum
201 3047 271 3109 ora,
308 3035 355 3110 ut,
390 3029 474 3110 quod
502 3030 606 3110 coepit
628 3031 659 3090 in
692 3029 800 3111 uobis,
834 3025 982 3110 perficiat.

60 3111 174 3174 Amen.
216 3111 459 3194 Wittembargae
480 3113 665 3176 mnxxlu.
945 3111 948 3116 '

136 3380 165 3447 1)
184 3379 261 3434 Haec
278 3376 423 3451 inscriptio
451 3378 530 3435 deest
558 3377 633 3448 apud
652 3376 841 3444 Aurifabrnm,
868 3373 988 3444 repetita

60 3466 97 3508 ax
117 3450 248 3509 deWattii
274 3449 481 3522 (Seidemanni)
502 3450 631 3507 editione.
667 3454 700 3518 2)
721 3450 849 3508 ueWette
878 3446 988 3515 (Seide-

58 3523 177 3594 manu):
195 3521 283 3594 pestis
301 3523 473 3581 Minoriticao
491 3530 597 3581 sectae.

423 3744 633 3754 m

719 3839 783 3907 32*
