2348 4162
507 271 546 329 Α.
566 270 645 330 1544.
982 268 1046 339 567
1056 203 1057 207 Ν

122 445 237 506 sanetis
260 443 452 524 hominibus,
490 445 569 504 sieut
600 450 630 503 et
664 444 695 504 in
717 442 822 522 nobis5
855 461 935 523 quas
960 442 1047 504 'dixe-

122 535 192 589 runt
210 536 241 588 et
262 528 398 588 iecerunt
420 527 587 588 seeundum
598 526 790 609 tyrannidem
814 534 844 587 et
866 527 964 608 iegem
977 545 1046 607 peo-

122 612 184 672 eati
206 612 295 675 Rom.
319 612 402 673 vu:
425 610 515 686 Quod
530 609 603 672 voio'
626 609 749 690 bonum,
772 626 834 671 uon
849 612 940 689 isoio,
964 609 1046 690 quod

122 695 196 755 noio
219 694 355 774 maium,
390 695 451 754 boe
472 694 569 771 isoio,
603 696 709 775 itaque
735 712 797 755 non
820 712 879 774 ego
902 694 932 753 id
956 695 1046 773 fanin,

123 778 177 838 sed
202 778 285 857 quod
324 780 354 838 in
390 797 439 838 me
472 777 589 838 habitat
610 784 770 857 peeeetum
796 775 918 859 eto.¹):
958 784 1047 838 taoeo

122 862 295 938 mendeeie,
317 881 397 941 quae
420 867 491 921 sunt
511 861 541 919 in
565 878 670 920 eorum
694 860 837 920 historias
858 879 914 941 per
935 861 1046 940 impios

123 944 237 1005 dioboli
261 944 416 1004 ministros
439 944 599 1020 seminata,
623 950 740 1020 tamen,
763 962 831 1004 eum
855 951 978 1005 ventum
1001 950 1048 1004 est

123 1028 163 1088 ed
186 1046 317 1106 agonem
341 1036 372 1087 et
394 1027 636 1103 confessionem,
669 1025 823 1106 videmus,
858 1046 949 1107 quem
971 1046 1047 1108 pure

123 1118 155 1171 et
176 1117 354 1171 constanter
389 1109 481 1170 tidem
511 1126 599 1194 suam
632 1116 789 1173 testentur.
841 1109 920 1186 Quid
946 1111 1048 1190 potuit

124 1193 306 1254 Ambrosius
330 1195 425 1274 magis
449 1195 498 1274 pie
521 1201 551 1252 et
563 1192 671 1252 fortius
685 1192 798 1271 dieere,
815 1195 927 1254 eumin
944 1212 1048 1273 egone

123 1295 180 1337 suo
204 1277 372 1337 novissimo
395 1282 502 1336 eontra
524 1281 697 1354 peeeatum,
720 1283 866 1355 mortem,
895 1277 971 1337 iram
990 1276 1047 1336 Dei

123 1367 155 1419 et
176 1360 326 1420 infernum
358 1360 439 1419 bene
470 1376 579 1418 vooem
608 1357 870 1421 confidentissime
892 1359 986 1420 edidit
1007 1357 1047 1419 ad

124 1446 358 1504 circumstantes
379 1442 571 1502 eseerdotes:
594 1441 663 1501 Non
686 1441 731 1500 sie
753 1442 835 1523 vixi,
869 1450 901 1503 ut
923 1462 971 1503 me
994 1461 1047 1522 pu·

124 1526 197 1588 deat
218 1527 297 1587 inter
318 1545 374 1587 vos
397 1527 510 1603 vivere,
533 1542 591 1585 nee
614 1524 690 1584 mori
713 1525 817 1604 timeo,
839 1527 910 1605 quia
932 1524 1049 1585 bonum

125 1609 290 1669 Dominum
314 1609 478 1670 habemus:
501 1626 592 1687 quam
616 1625 725 1667 vooem
749 1607 779 1671 S.
803 1607 992 1690 Augustinus
1014 1608 1063 1668 in'

124 1710 181 1752 suo
204 1710 327 1772 quoque
350 1710 451 1772 agone
473 1688 600 1751 mirifiee
621 1691 865 1769 commendavit,
902 1697 935 1752 ut
955 1691 1048 1752 reteri

125 1776 325 1836 Poseidonias
357 1777 389 1835 in
421 1777 485 1836 eius
506 1773 647 1854 legenda.
690 1774 730 1834 Et
749 1774 816 1854 ipse
838 1775 1047 1856 quoque-Au·

124 1858 265 1938 gostinus
299 1878 369 1919 sese
391 1858 450 1918 hae
471 1876 549 1918 voee
571 1858 617 1918 sui
640 1852 918 1937 ipsius'sotabetur
939 1863 1049 1936 eontra

125 1943 347 2002 conscientiam
372 1942 534 2021 (quaeest
558 1941 662 2000 mortis
687 1941 898 2002 saevissimum
914 1940 1048 2001 ministe-

96 2068 99 2075 .
124 2026 235 2098 rium):
256 2025 425 2102 Turbabor‚
448 2025 556 2103 inquit,
580 2022 634 2083 sed
659 2043 719 2084 non
743 2023 954 2104 perturbabor,
976 2024 1047 2102 quie

125 2108 282 2168 vulnerum
296 2109 420 2169 Domini
442 2106 638 2169 recordabor.
683 2106 758 2182 Quis
771 2126 832 2168 oon
845 2107 937 2187 videt,
961 2125 1047 2169 sane-

125 2192 260 2252 tissimos
294 2193 375 2252 viros
409 2190 519 2251 taiibus
541 2190 642 2251 verbis
664 2193 768 2252 testari
794 2189 885 2251 iidem
908 2193 937 2250 in
960 2189 1050 2252 curt·-

126 2280 222 2352 stum,
246 2275 358 2335 nudem
382 2274 504 2355 quidem
525 2281 556 2333 et
578 2274 691 2357 seiam,
721 2274 774 2334 sed
793 2274 912 2334 firmem
935 2280 966 2333 et
985 2274 1048 2333 vie·

126 2357 232 2418 trieem
257 2360 362 2417 mortis
384 2365 414 2418 et
435 2355 576 2436 pseusti?
620 2355 696 2414 Nem
720 2357 776 2417 etsi
789 2357 883 2417 vitam
907 2362 939 2415 et
953 2352 1048 2436 opere
1101 2360 1108 2376 “

125 2459 183 2502 sus
203 2440 338 2501 iudicent
360 2458 462 2499 eoram
485 2437 659 2498 hominibus
679 2438 958 2519 irreprehensibilia
980 2456 1049 2498 esse

129 2527 226 2598 (siout
248 2523 336 2583 deeet
358 2530 389 2583 et
411 2522 560 2602 oportet),
583 2527 684 2580 tameo
702 2541 805 2582 eoram
819 2522 888 2583 Deo
912 2524 1048 2582 nituntur

126 2608 195 2669 soie
219 2606 428 2667 misericordia
460 2613 490 2664 et
521 2602 659 2664 bonitate
681 2606 760 2683 eius,
795 2606 895 2665 taeitis
923 2605 1048 2682 meritis,

127 2692 208 2751 etin
233 2690 407 2751 vulneribus
431 2687 553 2765 Christi,
575 2688 653 2747 sieut
675 2687 818 2748 columba
840 2688 894 2748 iiie
915 2689 945 2747 in
970 2687 1048 2747 fora·
1139 2688 1143 2693 ”

127 2773 258 2834 minibus
280 2781 387 2853 petrae
421 2772 521 2851 (petra
543 2775 644 2829 autem
667 2777 714 2831 est
736 2770 912 2848 Christus),
943 2770 1050 2831 volunt

127 2858 265 2917 inveniri.
308 2857 403 2916 Recte
436 2857 539 2932 itaque
562 2858 592 2912 et
615 2853 727 2914 utiliter
745 2853 884 2928 iacimus,
906 2855 931 2913 si
954 2852 1048 2913 Sene-

128 2950 227 3000 torum
250 2938 331 2999 dieta
365 2946 397 2998 et
419 2938 500 2998 iaote
537 2935 665 3014 primum
699 2957 718 2996 a
750 2935 916 2996 mendaciis
940 2935 1048 2996 alienis

128 3040 310 3104 purgemus,
338 3021 449 3081 deinde
471 3017 594 3079 verbum
618 3026 700 3080 reete
721 3026 862 3080 seeantes
885 3019 1050 3099 prudenter

127 3105 166 3165 ad
191 3106 326 3185 reguiam
362 3123 415 3164 seu
448 3103 623 3181 analogiam
657 3101 728 3163 fidei
758 3101 937 3182 probemus,
972 3103 1050 3161 siout

129 3189 219 3248 doeet
242 3187 427 3268 Apostolus:
451 3185 562 3247 Omnia
583 3184 726 3265 probate,
761 3185 843 3264 quod
867 3184 980 3245 bonum
1004 3191 1051 3243 est

128 3279 241 3331 tenete.
285 3269 353 3345 Qua
381 3270 592 3331 admonitione
615 3269 687 3346 quid
711 3287 788 3348 opus
810 3268 881 3344 fuit,
908 3269 933 3327 si
957 3266 1049 3327 Sauo·-

130 3362 229 3413 torum
254 3352 336 3413 dieta
358 3360 388 3412 et
410 3353 490 3411 foeta
513 3352 617 3412 omnia
639 3354 705 3411 sine
725 3351 839 3411 iudioio
861 3369 918 3431 pro
941 3351 1049 3410 ortion-

130 3439 165 3498 iis
188 3435 260 3496 fidei
291 3443 397 3495 essent
426 3432 589 3495 habenda?
631 3435 700 3496 Non
724 3435 779 3494 suit
800 3452 904 3494 eorum
927 3433 1050 3493 voeatio

129 3520 265 3599 aequalis
308 3519 519 3599 apostolorum
556 3523 586 3576 et
623 3518 840 3598 prophetarum
884 3516 1051 3579 vocationi.

139 3688 370 3698 ...--——----..

201 3785 229 3854 1)
249 3782 336 3853 Apud
354 3781 483 3840 dsWette
501 3781 592 3840 deest:
612 3787 665 3840 ste.
