2348 4162
202 222 265 289 258
444 219 489 277 Da
506 234 589 277 servo
606 217 722 277 arbitrio
738 218 774 275 D.
791 216 829 276 ll.
845 214 877 275 L

204 390 362 474 praecepit
408 390 469 470 illi,
522 396 555 449 ut
600 388 765 450 maledicat
807 388 917 450 David.
959 384 1126 463 Quomodo

204 475 375 555 praecipiat
397 473 479 533 Deus
502 473 695 554 maledicere,
718 472 836 533 scilicet
856 480 919 533 tarn
942 471 1126 533 virulentum

206 566 236 619 et
257 556 371 617 malum
394 556 493 637 opus?
535 556 702 616 Externum
736 573 798 617 non
833 560 899 616 crat
925 557 1047 635 uspiam
1068 553 1128 615 tale

205 648 415 722 praeceptum.
457 640 596 719 Respicit
616 640 708 720 igitur
728 638 829 699 David
851 638 915 719 illo,
937 637 1023 718 quod
1044 637 1127 699 Deus

207 726 403 804 omnipotens
436 723 527 801 dixit,
562 729 592 783 et
620 724 702 783 facta
729 729 814 801 suut,
847 720 908 784 hoc
935 728 998 799 ast,
1033 720 1127 782 verbo

207 816 333 869 aeterno
357 807 461 868 omnia
481 805 564 867 lacit.
607 805 714 885 ltaque
736 805 927 866 voluntatem
949 804 1044 867 Simei
1068 804 1128 865 iam

207 892 319 953 malam
342 909 410 950 cum
435 890 575 950 omnibus
598 889 757 969 memhris,
786 894 893 950 contra
915 886 1130 950 David'antea

207 992 381 1053 accensam,
405 973 508 1035 oblato
532 979 705 1053 opportune
718 972 828 1050 David,
851 977 884 1031 ut
906 972 1014 1033 merito
1037 969 1129 1033 talem

204 1057 440 1137 blasphemiam,
462 1056 542 1137 rapit
564 1056 666 1116 divina
689 1057 771 1117 actio
795 1054 1078 1135 etomnipotentia,
1100 1058 1131 1113 ot

206 1142 273 1222 ipse
295 1140 381 1201 Deus
403 1140 503 1200 bonus
526 1158 579 1218 per
610 1138 724 1199 malurn
754 1145 785 1199 et
805 1139 1018 1219 blasphemum
1041 1150 1134 1218 arga:

208 1243 280 1283 num
303 1224 467 1304 praecipit,
489 1222 605 1299 idest,
628 1221 721 1282 verbo
746 1221 819 1282 dicit
840 1221 981 1301 etfacit,
1013 1221 1131 1283 scilicet

208 1313 296 1387 raptu
317 1307 446 1367 actionis
469 1323 554 1382 suae,
575 1305 655 1365 hauc
675 1305 907 1385 blasphemiam.

292 1388 344 1450 Sic
363 1388 486 1449 indurat
505 1388 713 1467 Pharaonem,
737 1407 805 1449 cum
833 1389 947 1469 impiae
974 1393 1007 1449 et
1031 1386 1132 1447 malm

144 1471 145 1474 ’
210 1474 274 1533 eius
297 1473 449 1533 voluntati
472 1471 561 1532 offert
583 1472 708 1533 verbum
726 1477 859 1553 etopus,
883 1470 966 1551 quod
987 1469 1043 1533 illa
1057 1468 1131 1548 odit,

209 1556 284 1617 vitio
308 1556 425 1616 scilicet
447 1555 583 1635 ingenito
607 1562 638 1615 et
656 1555 787 1615 naturali
802 1556 1008 1637 corruptione.
1032 1553 1132 1633 Atque

210 1658 278 1701 cum
296 1640 379 1700 Deus
401 1641 508 1720 spiritu
527 1639 609 1699 intus
631 1657 699 1699 eam
722 1658 784 1699 non
800 1645 906 1719 mutat,
927 1644 1038 1718 pergat
1058 1653 1131 1697 vero

211 1719 370 1784 offerendo
394 1732 424 1782 et
446 1721 656 1802 obtrudend0‚
678 1721 798 1783 Pharao
821 1741 894 1783 varo
916 1723 1013 1802 vires,
1046 1736 1131 1801 opor,

210 1807 378 1887 potentiam
414 1824 501 1866 suam
530 1804 729 1867 considerans
769 1804 829 1866 illis
856 1804 967 1867 codem
1002 1802 1132 1865 naturali

211 1890 286 1950 vitio
323 1888 467 1967 confidit,
501 1887 589 1949 litut
625 1889 698 1949 hinc
719 1908 842 1949 suarum
864 1907 965 1950 rarum
987 1888 1133 1968 imagina-

86 2042 94 2053 ἱ
211 1974 297 2034 tione
330 1971 452 2032 inflatus
486 1980 517 2032 at
545 1972 713 2053 exaltatus,
750 1972 835 2033 illinc
862 1991 935 2033 vero
964 1969 1133 2031 humilitate

211 2056 291 2116 Masi
324 2063 354 2115 et
384 2055 468 2115 verbi
489 2055 548 2115 Dei
573 2055 695 2117 abiecta
725 2055 825 2117 torma
846 2055 997 2118 venientis
1034 2070 1134 2135 super·

136 2208 139 2213 ι
212 2139 269 2199 bus
293 2144 487 2219 contemptor
507 2138 615 2217 factus,
637 2137 804 2221 induretur,
827 2144 889 2200 turn
906 2138 1005 2219 magis
1024 2156 1063 2199 ao
1075 2155 1131 2197 ma·

123 2241 127 2251 ·
212 2223 258 2302 gis
280 2223 411 2282 irritetur
432 2227 462 2281 et
483 2223 678 2301 ingravetur,
710 2242 771 2303 quo
795 2224 893 2304 magis
914 2222 1021 2283 Moses
1043 2223 1132 2283 instat

213 2313 243 2366 et
266 2307 405 2367 minatur.
429 2305 514 2365 Haec
532 2312 633 2367 autem
658 2306 799 2367 voluntas
821 2308 886 2368 eius
908 2305 989 2365 mala
1013 2324 1048 2365 aa
1069 2302 1132 2365 sola

212 2408 275 2451 non
297 2395 472 2449 moveretur
494 2396 546 2449 aut
566 2390 768 2470 induraretur,
790 2389 845 2451 ssd
868 2389 1068 2469 omnipotens
1087 2405 1131 2448 ac·

213 2479 261 2534 tor
302 2492 370 2533 curn
399 2472 481 2533 illam
511 2480 585 2553 agat
615 2473 784 2534 inevitabili
821 2476 907 2535 motu
939 2480 974 2533 ut
1001 2473 1129 2552 reliquas

213 2562 379 2634 creaturas,
401 2574 529 2616 necesse
551 2561 598 2616 est
619 2576 688 2617 eam
711 2557 825 2637 aliquid
839 2557 928 2618 velle.
950 2556 1029 2617 Tum
1048 2551 1131 2618 simul

212 2639 285 2703 loris
309 2640 414 2720 offert,
447 2639 531 2719 quod
551 2641 728 2701 naturaliter
756 2641 840 2702 illam
863 2641 962 2701 irritat
984 2647 1019 2702 et
1039 2638 1130 2701 offen·

214 2723 274 2805 dit,
309 2723 343 2783 fit
369 2729 403 2783 ut
423 2722 543 2784 Pharao
571 2743 635 2784 non
665 2725 765 2805 possit
790 2726 888 2786 vitare
907 2722 1130 2785 indurationem

213 2809 271 2884 sui,
293 2808 371 2867 sicut
392 2808 488 2866 vitare
509 2824 571 2867 non
584 2812 688 2888 potest
710 2813 740 2868 et
754 2808 999 2887 omnipotentiae
1014 2806 1131 2869 divinae

214 2892 366 2951 actionem
407 2897 438 2949 et
461 2891 654 2951 aversionem
683 2909 737 2951 seu
766 2890 912 2953 malitiam
934 2909 1013 2953 suaa
1033 2891 1131 2953 volun·

214 2975 296 3036 tatis.
339 2971 442 3048 Quare
480 2973 633 3035 induratio
668 2973 835 3034 Pharaonis
870 2992 927 3055 per
959 2975 1061 3037 Deum
1092 2972 1132 3032 sio

213 3055 371 3136 impletur,
395 3056 477 3136 quod
499 3058 572 3117 foris
595 3057 700 3117 obiicit
721 3057 856 3118 malitiae
878 3059 959 3135 eius,
981 3053 1138 3137 quoditie.

216 3138 281 3199 odit
303 3140 490 3219 naturaliter,
513 3150 574 3200 tum
589 3142 669 3201 intus
683 3159 746 3201 non
769 3147 870 3201 cessat
892 3159 1021 3203 movere
1043 3138 1132 3203 omni·

214 3230 341 3304 potente
364 3231 449 3286 motu
471 3223 582 3284 malam
606 3225 652 3306 (ut
673 3222 803 3307 invenit)
834 3223 1042 3306 voluntatem,
1074 3222 1132 3284 ille·

215 3327 275 3388 que
303 3326 359 3388 pro
395 3308 510 3368 malitia
538 3307 701 3369 voluntatis
735 3327 810 3368 suae
841 3327 905 3369 non
937 3315 1044 3389 potest
1076 3323 1131 3367 non

216 3392 320 3454 odisse
341 3393 525 3452 contrarium
547 3391 605 3451 sihi
628 3399 659 3452 et
681 3391 837 3452 confidere
859 3392 921 3453 suis
944 3391 1072 3471 viribus,
1092 3388 1131 3449 sio

216 3475 403 3553 obstinatur,
436 3483 469 3535 ut
489 3492 589 3553 neque
611 3475 715 3535 audiat
737 3493 837 3554 neque
858 3476 976 3555 sapiat,
1012 3474 1068 3535 scd
1087 3488 1130 3533 ra·

215 3560 317 3638 piatur
338 3577 501 3639 possessus
524 3579 543 3619 a
566 3558 695 3637 Salona,
718 3559 802 3619 velut
822 3559 949 3619 insanus
972 3563 1005 3619 at
1025 3557 1129 3619 fflraua

297 3643 384 3703 Haec
405 3643 430 3702 si
452 3645 675 3723 persuasimus,
696 3643 823 3703 vicimus
845 3642 876 3702 iu
898 3641 959 3703 hac
980 3642 1130 3719 oausa'et

216 3728 355 3809 explosis
379 3730 474 3808 tropis
496 3732 528 3787 et
547 3727 661 3808 glossis
688 3725 847 3788 hominurn
868 3725 964 3790 verba
983 3725 1045 3789 Dei
1065 3724 1128 3784 sim·
