2348 4162
514 240 551 300 s.
574 244 652 305 rma.
741 197 746 203 ³
985 245 1047 313 491

123 411 168 473 las
192 411 279 474 Pauli
312 414 351 474 ad
372 414 531 477 Romanos
566 422 597 476 et
620 415 804 478 Corinthios.
829 416 918 482 1522.
941 417 971 479 l.
994 414 1048 500 (ci.

124 491 260 558 Walohii
284 496 399 560 lntrod.
420 499 451 558 in
475 499 553 579 Opp.
577 499 664 561 Luth.
686 500 720 559 T.
744 500 824 577 XIV,
846 520 876 580 p.
900 500 949 564 19.
972 522 1001 562 v.
1019 500 1047 564 d.

123 579 220 641 Hardt
244 579 373 662 Autogr.
395 581 483 643 Luth.
505 579 530 643 I.
553 602 582 662 p.
608 579 692 664 137).

539 749 634 811 lesus.

207 912 344 974 Gratiam
367 919 397 974 et
418 933 526 994 pacem
550 915 580 974 in
604 915 736 977 Christo.
777 915 910 975 Irascere
933 923 964 975 et
985 915 1049 976 noli

122 1015 270 1076 peccare,
304 996 430 1075 loquere
458 1017 549 1077 super
576 999 678 1059 cubile
706 1004 790 1072 tuum
820 1005 851 1058 et
878 999 952 1078 sile3
988 1017 1048 1078 ego

122 1098 202 1156 sum,
225 1081 276 1159 qui
299 1079 354 1140 has
377 1078 444 1140 tuas
457 1083 674 1142 annotationes
697 1081 756 1141 edo
778 1088 809 1141 et
839 1089 869 1141 te
890 1083 990 1160 ipsum
1010 1079 1049 1141 ad

122 1168 154 1222 te
176 1163 276 1225 mitto.
320 1162 351 1224 Si
383 1162 515 1244 tibiipsi
548 1184 609 1225 nou
639 1166 760 1245 places,
791 1173 873 1225 recte
895 1165 980 1245 iacis,
1002 1183 1049 1225 sa·

122 1245 162 1306 tis
185 1252 242 1323 ssi,
264 1246 334 1306 dum
351 1246 439 1306 nobis
462 1247 596 1327 placeas.
635 1249 684 1308 Ex
707 1258 757 1308 tua
781 1255 868 1327 parte
886 1255 1048 1328 peccatum

122 1335 180 1406 est,
202 1330 227 1389 si
250 1328 321 1408 quid
343 1328 394 1389 hic
414 1335 575 1409 peccatum
600 1340 661 1407 est,
684 1350 737 1390 cur
758 1350 820 1391 non
843 1338 874 1391 tu
897 1333 963 1410 ipse
987 1330 1048 1390 edi·

123 1411 217 1472 dist-i?
261 1413 321 1473 Cur
353 1413 443 1473 toties
466 1432 515 1472 me
548 1413 659 1474 frustra
682 1433 808 1493 rogare,
849 1414 1050 1474 mandasset

123 1514 234 1574 urgere
257 1515 365 1575 passus
388 1515 437 1573 es,
461 1502 492 1555 ut
515 1495 644 1557 ederes?
698 1497 783 1557 Haec
812 1517 867 1577 pro
901 1497 1049 1577 apologia

122 1596 195 1637 mea
215 1576 362 1638 adversus
393 1585 438 1638 te:
470 1578 542 1638 volo
563 1581 643 1639 euim
673 1586 740 1640 tuus
764 1579 809 1638 fur
836 1600 905 1640 esse
928 1589 957 1640 et
980 1580 1049 1659 dici,

121 1660 199 1720 nihil
221 1663 333 1722 veritus
356 1668 423 1721 tuas
445 1661 494 1720 vel
524 1663 664 1741 querelas
694 1662 742 1723 vel
771 1665 984 1723 accusationes
1006 1662 1049 1722 fu·

123 1752 217 1809 iuras.
252 1744 393 1806 Ceterum
417 1745 485 1824 illis,
511 1765 588 1824 quos
611 1746 731 1806 tuforte
753 1747 917 1825 suspicaris
940 1765 1048 1806 nasum

122 1834 297 1906 rugaturos,
321 1827 369 1887 vel
392 1827 501 1907 quibus
531 1835 562 1888 tu
592 1830 701 1889 metuis
731 1848 793 1889 non
817 1848 885 1889 esse
914 1829 1050 1889 satisfac·

122 1917 206 1988 tum,
239 1912 284 1970 sic
306 1910 429 1971 dixero:
453 1909 543 1971 Edita
570 1912 726 1974 meliora.
762 1911 828 1991 Ego
861 1911 942 1991 quod
964 1911 1049 1990 impii

121 1993 303 2054 Thomistae
325 2013 381 2055 suo
394 1994 533 2054 Thomas
548 1995 737 2055 mendaciter
755 2001 911 2075 arrogant,
934 1995 1051 2056 scilicet

122 2077 278 2136 nemiuem
302 2078 463 2157 scripsisse
485 2077 594 2138 melius
618 2079 647 2139 in
672 2086 811 2139 sanctum
834 2078 971 2157 Paulum,
994 2078 1049 2139 tibi

122 2179 196 2220 vere
225 2160 340 2220 tribuo:
369 2180 439 2221 nam
462 2160 521 2221 illis
551 2167 639 2222 satan
661 2162 713 2222 ille
735 2163 907 2241 persuasit,
937 2163 983 2221 sic
1011 2159 1050 2221 de

120 2242 244 2304 Thoma
272 2262 329 2303 suo
361 2243 503 2323 gloriari,
538 2240 598 2323 quo
629 2246 724 2324 impia
753 2246 818 2305 eius
851 2245 998 2322 dogmata
1020 2249 1051 2303 et

121 2344 245 2387 venena
267 2325 358 2387 latius
381 2335 597 2407 propagarent.
653 2327 721 2407 Ego
745 2329 825 2405 scio,
859 2346 919 2407 quo
943 2327 1050 2406 spiritu

122 2415 155 2471 at
177 2407 290 2469 iudicio
307 2411 352 2469 sic
375 2409 413 2470 de
436 2415 466 2468 te
482 2410 658 2488 pronuntio.
692 2409 771 2484 Quid
787 2409 826 2470 ad
848 2416 887 2486 te,
910 2410 934 2469 si
949 2428 1049 2469 meum

122 2492 186 2554 hoc
206 2492 349 2553 iudicium
377 2491 591 2572 suspenderint
621 2511 697 2553 naso
731 2495 786 2553 viri
819 2493 863 2552 illi
886 2493 996 2553 famosi
1019 2498 1050 2554 et

123 2575 287 2656 gigantes?
310 2595 410 2636 meum
434 2581 481 2635 est
502 2576 682 2654 periculum.
731 2574 810 2650 Quin
834 2576 964 2655 amplius
986 2576 1050 2636 irri-

123 2665 191 2719 tare
212 2657 285 2719 volo
309 2665 435 2719 nasutos
457 2660 544 2735 istos,
568 2664 598 2719 et
621 2657 706 2738 dico,
729 2658 908 2739 Hieronymi
931 2667 961 2718 et
985 2659 1049 2719 Ori·

122 2742 211 2822 genis
234 2744 473 2802 commentarios
506 2760 575 2802 esse
597 2760 696 2802 meras
734 2761 832 2821 nugas
856 2748 887 2801 et
908 2743 1049 2822 ineptias,

123 2826 148 2885 si
172 2825 230 2884 tuis
253 2824 506 2886 annotationibus
530 2831 755 2904 comparentur.
806 2823 896 2904 Quid,
919 2825 1049 2903 inquies,

123 2908 233 2968 attinet
256 2906 334 2968 adeo
351 2926 522 2988 provocare
545 2909 636 2968 etiam
653 2928 772 2969 summa
793 2909 917 2989 ingenia
939 2910 969 2968 in
989 2908 1049 2968 mei

121 2990 295 3061 iuvidiam?¹
1019 2989 1023 2995 ’

206 3072 294 3151 Esto,
317 3074 357 3134 sis
380 3073 512 3153 humilis,
535 3074 616 3134 sines
638 3079 741 3135 tamen
764 3093 813 3134 me
836 3075 866 3134 iu
892 3079 921 3135 te
943 3093 1049 3154 super·

128 3156 204 3220 bire.
249 3156 324 3232 Quis
346 3155 502 3239 prohibuit
523 3176 641 3217 summa
665 3158 798 3238 ingenia,
819 3176 859 3218 ne
873 3156 967 3217 edant
988 3175 1050 3217 me-

122 3239 202 3301 liora
224 3246 255 3301 et
275 3241 335 3301 mei
369 3239 471 3301 iudicii
497 3246 667 3321 coarguant
687 3240 913 3302 temeritatem?
933 3241 1048 3301 utinam

123 3329 239 3398 essent,
259 3324 311 3402 qui
334 3323 461 3385 meliora
485 3330 614 3403 possent
635 3331 666 3384 et
687 3323 853 3387 efficerent.
909 3324 1048 3402 Denique

123 3412 155 3467 et
177 3406 231 3467 tibi
254 3407 354 3467 minor
385 3406 485 3467 adhuc
506 3407 673 3468 iuraturum
696 3426 745 3467 me
768 3414 799 3467 et
820 3406 1048 3485 invulgaturum

122 3508 160 3550 ea
182 3490 291 3566 etiam,
314 3509 393 3569 quaa
415 3489 445 3549 in
468 3489 603 3551 Genesin
634 3495 665 3550 et
686 3490 877 3570 Euangeliou
902 3489 1047 3549 Matthaei

122 3579 154 3633 et
175 3570 301 3635 Ioannis
325 3571 487 3633 meditatus
517 3593 567 3652 es,
600 3574 657 3632 nisi
682 3579 712 3633 tu
736 3574 803 3654 ipse
838 3572 1047 3637 anteverteris.

123 3652 200 3718 Sola
222 3655 390 3735 Scriptura,
412 3657 529 3735 inquis,
551 3656 685 3736 legenda
716 3665 762 3716 est
785 3656 861 3716 citra
890 3674 1048 3716 commen-

121 3739 211 3802 taria.
264 3738 360 3801 Recte
382 3739 420 3801 de
442 3739 632 3822 Hieronymo
656 3748 688 3801 et
709 3739 843 3821 Origene
877 3745 908 3800 et
928 3738 1050 3800 Thoma
