2348 4162
125 245 188 313 292
367 246 412 303 Dc
429 260 512 302 servo
529 242 645 301 arbitrio
663 244 698 301 D.
713 244 749 301 tt.
768 244 815 301 L(

125 417 192 478 litia
213 416 339 477 deberet
359 416 508 495 spectari,
542 434 697 497 nunquam
725 414 910 477 cassandum
933 434 953 475 a
973 413 1045 476 diln-

126 503 177 561 vio
199 507 290 560 asset.
333 499 446 559 Verum
468 497 542 560 nolo
564 508 704 581 spectare
721 499 879 580 deinceps,
902 496 1045 578 quidme

125 589 249 645 reantur
269 590 326 646 etc.
370 582 416 642 lta
436 582 540 660 vides,
574 584 655 663 qnod
692 590 754 643 tam
789 590 863 643 ante
889 581 1046 658 diluvium,

127 686 216 746 quam
238 676 310 747 post
331 664 477 725 dilnvium
495 665 578 725 Deus
601 668 741 727 homines
763 666 863 727 malos
879 662 1046 741 ‘essentiis-

126 756 204 830 mat‚
229 760 262 809 ut
283 749 356 808 nihil
380 751 435 826 sit,
468 749 550 827 quod
574 749 702 810 diatriba
724 749 764 809 de
785 749 941 829 plerisque
963 746 1045 809 dicit.

126 831 245 894 Deinde
266 833 403 912 pronitas
426 838 479 890 aut
500 832 679 911 proclivitas
701 831 739 892 ad
753 832 867 892 malum
888 851 940 892 res
961 832 1046 912 parvi

126 918 273 976 momenti
297 914 415 974 videtur
438 913 600 991 diatribae,
636 916 721 995 quasi
755 923 881 977 nostrae
907 915 949 974 sit
970 915 1046 993 opis,

125 998 254 1076 iliam¹)
292 999 412 1076 erigere
444 1007 496 1057 aut
518 998 677 1078 cohibere,
704 1016 773 1058 cnm
796 992 955 1078 Scriptura
975 994 1048 1056 velit

126 1101 164 1142 ea
184 1082 337 1161 pronitate
355 1080 509 1140 assiduum
531 1081 614 1141 illum
637 1090 757 1162 raptum
781 1087 812 1142 et
833 1082 982 1160 impetum
995 1097 1046 1140 vo·

126 1165 250 1225 luntatis
272 1163 310 1224 ad
334 1164 445 1223 malum
474 1164 656 1244 significare.
700 1165 763 1224 Ant
783 1182 837 1224 cnr
858 1183 922 1224 nnn
945 1170 978 1224 et
998 1162 1048 1223 bio

125 1248 288 1307 Ebraicnm
311 1247 478 1325 consuluit,
513 1246 564 1306 ubi
586 1249 658 1307 nibil
687 1247 725 1308 de
760 1248 915 1327 pronitate
945 1247 1047 1306 diosas

126 1330 208 1409 dicit,
231 1350 269 1390 ne
292 1331 454 1390 cavillandi
467 1349 590 1389 cansam
614 1330 751 1390 babeas?
793 1330 940 1391 Siceninr
957 1327 1048 1390 babet

126 1413 200 1494 Gap.
224 1416 257 1476 6:
289 1409 361 1491 niort
381 1413 409 1481 2)
429 1406 468 1501 b?
487 1422 528 1491 aa
547 1422 589 1490 ‚egr
603 1406 659 1494 'ab
678 1411 802 1492 abacta
823 1422 889 1502 ⁸¹37,
901 1407 975 1503 ἦρ,
988 1411 1046 1472 hoc

125 1526 188 1579 est:
210 1517 309 1582 Omne
331 1519 510 1602 figmentum
533 1523 755 1601 cogitationum
770 1520 871 1582 cordis
893 1522 960 1582 eina
983 1528 1046 1582 tan·

125 1610 190 1662 tum
213 1603 325 1664 malum
349 1604 466 1664 cunctis
489 1603 606 1665 diebus.
648 1604 718 1665 Non
741 1603 814 1664 dicit
824 1605 977 1664 intentum
998 1602 1045 1664 vel

125 1705 256 1766 pronum
277 1688 315 1746 nd
339 1687 462 1762 malum,
480 1687 534 1746 sed
557 1686 818 1767 prorsuernalum‚
839 1706 878 1749 ac
901 1685 977 1748 nibil
988 1686 1043 1747 nisi

125 1769 239 1829 malum
261 1768 334 1851 fingi
357 1776 388 1830 et
410 1771 536 1851 cogitari
559 1770 598 1831 ab
621 1770 822 1831 hominetota
843 1772 918 1846 vita,
939 1778 1044 1831 natura

125 1852 259 1912 malitiae
287 1856 352 1913 eins
382 1853 534 1932 descripta
556 1860 621 1934 est,
654 1853 735 1934 quod
767 1872 828 1915 nec
847 1852 958 1927 faciat,
991 1870 1045 1913 nec

146 1936 222 1995 ossit
245 1935 342 2016 aliter,
366 1956 433 1995 cum
457 1937 496 1995 sit
518 1936 607 2011 mala,
629 1937 830 2016 nequeenim
853 1935 947 1998 arbor
968 1936 1044 1997 mala

123 1954 239 2137 bucina
260 2019 338 2079 alios
368 2037 459 2098 qoam
493 2018 592 2080 malos
614 2019 692 2080 farre
715 2026 835 2100 potest,
861 2026 943 2081 teste
965 2018 1043 2081 Obri-

125 2106 173 2160 sto
215 2106 239 2177 ).

208 2183 297 2259 Quod
322 2203 394 2244 vero
418 2183 547 2247 diatriba
570 2193 741 2265 argutatur:
775 2176 840 2246 Gur¹
874 2185 980 2247 datum
1010 2186 1044 2247 sit

124 2268 255 2345 spatium
280 2269 506 2346 poenitentiae,
536 2269 560 2327 si
595 2269 679 2328 nulla
714 2288 784 2349 pars
814 2269 1043 2350 resipiscentiae

124 2349 238 2429 pendet
260 2349 297 2410 ab
320 2351 455 2431 arbitrio,
478 2350 531 2410 sed
545 2352 648 2411 omnia
670 2352 854 2412 necessitate
876 2350 1043 2431 geruntur?

83 2497 88 2505 ,
124 2434 314 2513 respondeo:
346 2432 429 2493 idem
468 2435 552 2493 dices
584 2434 750 2495 adomnia
786 2443 955 2516 praecepta
976 2435 1041 2515 Dei,

124 2534 178 2576 cnr
199 2517 385 2597 praecipiat,
407 2519 432 2577 si
454 2518 638 2577 necessitate
660 2519 765 2578 omnia
786 2516 882 2577 fiant?
926 2518 1042 2579 Praeci-

125 2601 177 2680 pit,
201 2608 232 2659 ut
253 2600 372 2660 erudiat
392 2608 423 2660 et
443 2609 582 2680 moneat,
616 2600 687 2680 quid
711 2600 859 2681 debeant,
888 2607 922 2662 ut
943 2604 1043 2684 agnita

124 2701 179 2743 sua
200 2682 316 2743 malitia
338 2683 487 2744 humiliati
510 2686 689 2763 perveniant
710 2683 749 2743 ad
770 2687 918 2764 gratiam,
942 2693 976 2746 ut
997 2684 1042 2746 ab·

124 2765 205 2826 unde
227 2765 339 2826 dictum
363 2776 418 2829 est.
461 2766 528 2826 Stat
549 2784 623 2846 ergo
646 2775 677 2827 et
697 2766 747 2828 bic
769 2768 855 2828 locus
877 2767 981 2828 adhuc
1000 2769 1041 2828 in·

126 2851 224 2909 victus
246 2847 392 2909 adversus
415 2847 584 2909 libertatem
609 2850 731 2913 arbitrii.

205 2931 325 2991 Tertius
340 2930 370 3010 ³)
391 2941 437 2991 est
459 2932 509 2992 ille
531 2932 642 2992 Esaiae
663 2935 718 2998 40:
747 2930 889 3013 Suscepit
911 2933 1042 3014 duplicia

124 3014 163 3074 de
185 3034 277 3073 manu
300 3013 424 3076 Domini
446 3035 502 3096 pro
526 3016 667 3077 omnibus
690 3017 825 3095 peccatis
861 3017 935 3080 suis.
974 3015 1040 3077 His·

124 3116 274 3179 ronymus
297 3095 429 3181 (inquit)
454 3097 493 3158 de
514 3098 649 3159 vindicta
684 3100 787 3158 divina
819 3100 1041 3180 interpretatur,

125 3200 186 3241 non
210 3181 248 3240 de
269 3183 367 3261 gratia
389 3181 508 3242 reddita
528 3201 584 3262 pro
608 3181 787 3243 malefactis.

205 3264 324 3344 Audio,
353 3264 558 3345 Hieronymus
581 3268 654 3326 dicit
675 3267 735 3344 sic,
759 3282 833 3346 ergo
857 3272 905 3325 est
926 3284 1039 3327 verum.

123 3346 192 3428 Ego
215 3347 253 3408 de
274 3348 368 3409 Esaia
391 3349 529 3429 disputo,
567 3349 743 3410 clarissimis
770 3347 872 3411 verbis
895 3348 1039 3411 disseran·

123 3515 252 3522 ——-.-.

195 3616 224 3677 tt
246 3615 276 3668 In
295 3614 339 3670 ed.
360 3616 443 3673 1526:
462 3616 544 3670 illum.
564 3615 597 3685 2)
618 3616 649 3669 In
668 3613 732 3670 edd.
751 3614 855 3685 origga
875 3611 946 3669 chor
958 3613 1040 3670 letan

123 3682 339 3745 Mahescbeboth
358 3688 433 3743 libbo
445 3687 496 3743 rak
505 3703 537 3742 ra
546 3687 609 3743 chol
619 3686 722 3744 haiom.
759 3687 787 3755 ¹⁸)
807 3685 905 3742 ttattb.
923 3689 950 3744 7.
969 3688 1001 3755 3)
1012 3685 1039 3740 ln

124 3762 167 3816 ed.
187 3762 243 3815 len.
266 3761 310 3816 bio
340 3762 365 3814 in
394 3763 516 3831 margine
535 3760 648 3832 legitur:
667 3761 806 3816 Erasmus.
