2348 4162
339 271 377 328 ad
395 273 427 328 D.
448 237 591 329 Erasmum
610 271 835 331 Roterodamum.
986 274 1048 340 215

121 447 274 523 tanquam
302 459 339 504 os
368 461 469 504 meum
505 445 573 504 eris.
617 443 798 510 Evideutius
832 465 905 508 vero
933 446 1048 508 Zacha-

121 524 234 607 rias*)
261 524 348 587 liberi
380 525 495 588 arbitrii
528 533 672 588 conatum
706 527 836 606 indicat,
868 535 898 589 et
918 532 1047 610 gratiam

123 610 253 671 conanti
275 614 429 690 paratam:
453 609 672 670 Convertimiui
690 609 820 692 (inquit)
834 611 872 672 ad
896 632 954 690 me,
977 612 1050 673 dicit

122 692 277 836 geminus
312 693 518 773 exercituum,
552 699 583 753 et
613 705 776 754 convertar
804 695 842 754 ad
870 712 944 774 vos,
977 694 1050 756 dicit

155 794 287 838 ominus.

209 856 245 921 In
258 858 306 919 his
329 856 546 919 locisdiatribe
568 864 674 919 nostra
694 877 818 938 prorsus
840 858 914 919 nibil
936 859 1049 920 discer-

125 943 173 1003 nit
192 943 274 1003 inter
291 960 385 1002 voces
408 941 483 1021 legis
508 942 718 1022 etEvangelii,
741 943 934 1003 tamsciiicet
956 961 1050 1004 caeca

126 1033 160 1086 et
181 1026 291 1106 ignara
302 1032 358 1103 cst,
381 1031 426 1104 ut,
439 1023 510 1102 quid
524 1024 585 1103 lex,
608 1024 894 1104 quidEvaugelium
917 1026 966 1102 sit,
987 1045 1049 1086 non

125 1106 243 1173 videat.
287 1106 335 1166 Ex
359 1106 452 1167 Esaia
474 1107 555 1166 enim
578 1115 662 1185 toto,
696 1117 818 1189 praeter
838 1109 924 1169 illum
957 1128 1050 1168 unum

125 1192 246 1268 locum,
269 1187 303 1252 Si
325 1189 498 1269 volueritis,
530 1190 645 1250 nulium
683 1191 758 1271 legis
791 1191 920 1253 verbum
953 1191 1050 1272 affert,
1116 1189 1119 1195 ’

125 1274 237 1353 reliqui
257 1291 369 1352 'omnes
403 1276 475 1334 sunt
496 1272 694 1353 Evangelio,
731 1274 840 1352 quibus
870 1275 991 1335 contriti
1021 1281 1052 1335 et

126 1356 236 1421 afflicti
259 1354 352 1417 verbo
386 1357 502 1435 gratiae
532 1356 655 1417 oblatae
677 1364 826 1417 vocantur
847 1356 886 1418 ad
910 1357 1052 1418 consola·

127 1442 257 1503 tionem.
301 1437 362 1500 sed
396 1437 524 1499 diatribe
559 1439 653 1499 verba
688 1440 765 1519 legis
788 1460 827 1500 ex
857 1441 932 1518 ipsis
968 1441 1051 1502 facit.

128 1522 270 1585 Obsecro
303 1528 404 1581 autem
438 1528 485 1600 te,
517 1522 588 1601 quid
621 1522 673 1582 ille
694 1523 726 1582 in
748 1541 782 1582 re
804 1523 982 1601 theologica
1002 1522 1051 1583 vel

127 1606 227 1668 sacris
261 1604 358 1666 literis
388 1603 517 1680 efficiat,
550 1605 601 1683 qui
623 1605 759 1666 nondum
782 1624 820 1666 eo
842 1606 996 1684 pervenit,
1019 1610 1054 1666 ut

128 1687 203 1770 qnid
225 1687 288 1764 lex,
311 1686 382 1766 quid
404 1687 607 1767 Evangelium
629 1689 684 1764 sit,
706 1689 802 1766 norit,
826 1694 893 1763 aut,
916 1689 941 1747 si
962 1688 1052 1766 norit,

128 1777 310 1834 contemnat
331 1777 434 1831 tamen
458 1770 644 1831 observare?
666 1771 695 1830 Is
708 1772 813 1831 omnia
825 1772 952 1831 misceat
963 1788 1053 1849 opor·

129 1861 190 1935 tet,
212 1854 350 1935 coelum,
373 1853 539 1933 infernum,
564 1855 674 1932 vitam,
702 1860 846 1932 mortem,
869 1872 906 1914 ac
927 1871 1053 1933 prorsus

129 1937 205 1999 nihil
228 1936 268 1998 de
290 1936 411 1998 Obristo
440 1937 519 1996 scire
539 1935 701 2002 laborabit.
746 1936 793 1996 De
815 1955 876 2016 qua
897 1956 930 1997 re
952 1955 1052 1996 meam

130 2019 281 2083 diatriben
302 2021 380 2081 iufra
401 2018 536 2100 pluribus
559 2019 704 2081 monebo.

213 2100 294 2165 Illud
315 2099 535 2184 Ieremiae**)
562 2109 592 2163 et
613 2101 781 2163 Zachariae
803 2101 888 2163 vide:
925 2100 956 2162 Si
980 2119 1054 2161 con-

129 2187 269 2266 verteris,
292 2192 469 2246 convertam
492 2190 538 2262 te,
562 2193 607 2248 et:
630 2185 851 2246 Convertimini
874 2184 999 2263 adme,
1022 2190 1054 2243 et

131 2276 296 2333 convertar
317 2268 356 2329 ad
380 2287 446 2332 vos.
490 2267 633 2347 Nunquid
646 2269 798 2347 sequitur:
822 2268 1053 2346 Convertimini,

131 2372 206 2438 ergo
238 2354 368 2432 potestis
402 2350 561 2412 converti?
597 2348 744 2430 Nunquid
767 2353 918 2430 sequitur:
952 2350 1054 2429 Dilige

130 2435 300 2499 Dominum
317 2435 414 2495 Deum
438 2442 521 2493 tuum
545 2453 585 2492 ex
606 2439 673 2494 toto
698 2433 879 2510 cordetuo,
903 2451 977 2511 ergo
1001 2451 1054 2512 po-

132 2521 204 2580 teris
228 2517 355 2597 diligere
378 2536 419 2577 ex
440 2523 506 2578 toto
529 2516 644 2577 corde?
667 2515 747 2591 Quid
759 2517 851 2596 igitur
867 2514 1056 2576 concludunt

131 2607 316 2683 argumenta
347 2598 513 2677 eiusmodi,
548 2600 605 2659 nisi
627 2598 756 2661 liberum
779 2598 934 2661 arbitrium
957 2599 1056 2677 gratia

133 2686 189 2747 Dei
226 2702 288 2744 nou
325 2701 431 2762 egere,
470 2702 527 2742 sua
548 2701 622 2742 vero
656 2683 767 2742 virtute
803 2682 908 2742 omnia
935 2677 1055 2760 posse?

133 2767 257 2844 Quanto
279 2769 391 2826 rectius
413 2765 504 2845 igitur
526 2765 635 2845 verba,
659 2771 693 2826 ut
713 2766 815 2846 posita
835 2771 920 2845 sunt,
944 2764 1055 2843 accipi·

133 2848 246 2911 untur?
280 2848 310 2909 Si
334 2867 501 2909 conversus
524 2847 630 2925 fueris,
667 2855 853 2915 convertam
869 2854 899 2908 et
932 2865 992 2928 ego
1014 2854 1054 2925 te,

133 2933 192 2994 hoc
216 2937 274 3008 est,
297 2933 322 2991 si
345 2931 472 2992 desieris
495 2950 638 3010 peccare,
662 2932 799 2993 desinam
814 2938 844 2992 et
866 2950 924 3011 ego
939 2931 1057 3012 punire,
1137 2980 1140 2985 .

134 3022 227 3096 atque
248 3015 274 3074 ei
297 3033 464 3075 conversus
488 3014 566 3075 bene
588 3016 713 3093 vixeris,
737 3015 927 3076 benefaciam
945 3021 1056 3092 stege,

134 3109 257 3161 vertens
287 3098 494 3178 captivitatem
518 3104 549 3157 et
571 3097 652 3158 mala
674 3103 735 3179 tua.
781 3097 841 3159 Sed
864 3117 904 3157 ex
935 3099 972 3158 iis
994 3115 1055 3156 non

136 3183 284 3262 seqnitur,
307 3181 387 3260 quod
402 3200 455 3240 sua
470 3181 499 3240 vi
512 3180 606 3241 homo
618 3187 823 3257 convertatur,
846 3200 905 3241 nec
918 3180 979 3240 hoc
991 3180 1058 3260 ipsa

134 3265 228 3326 verba
239 3260 347 3325 dicunt
358 3263 412 3324 sed
425 3264 529 3323 dicunt
540 3264 728 3343 simpliciter,
736 3263 768 3325 Si
784 3265 981 3342 convertaris,
996 3280 1057 3341 quo

136 3352 280 3411 monetur
301 3346 406 3424 homo,
431 3346 502 3426 quid
525 3346 645 3411 debeat.
681 3346 813 3428 Cognito
836 3353 937 3406 autem
960 3365 998 3406 eo
1022 3363 1059 3404 ac

135 3433 217 3509 viso,
254 3430 336 3510 quod
361 3449 422 3490 non
446 3431 554 3510 possit,
588 3437 716 3508 quaerat
752 3430 832 3490 unde
852 3429 966 3508 possit,
1001 3427 1057 3486 nisi

134 3514 307 3577 Leviathan
343 3512 485 3575 diat-,cibes
512 3513 560 3590 (id
598 3519 659 3590 est,
694 3513 935 3574 additamentum
959 3517 989 3571 et
1013 3529 1058 3570 ee-

135 3598 227 3678 quela
250 3598 335 3674 eius)
357 3597 555 3674 interveniat,
577 3616 657 3678 quae
679 3594 776 3676 dicat,
807 3596 922 3673 alioqui
947 3594 1059 3656 frustra

206 3778 238 3844 *t
259 3777 343 3835 Zach.
361 3780 386 3835 2.
407 3777 452 3847 **)
472 3780 568 3833 leram.
588 3780 631 3835 15.
