2348 4162
125 272 169 340 50
435 272 578 328 Adversus
595 276 731 328 amatum

126 435 221 498 dasiis
242 431 418 517 profeotil)
443 434 474 496 in
496 434 621 498 arenam
644 397 854 518 descendunt,
886 453 947 497 neo
966 434 1048 497 desi·

124 521 201 582 nunt
222 525 325 580 tamen
347 519 483 598 mentiri,
508 525 673 600 postquam
695 519 808 581 multos
829 518 937 580 vident
958 539 976 579 a
999 537 1049 580 me

123 603 226 685 palam
247 605 418 683 eonvietoa,
439 620 501 663 uno
523 602 625 664 furore
658 601 825 664 mentiendi
847 621 955 664 omnes
976 621 1049 683 per·

123 691 211 768 gunt.
233 682 336 747 Habes
349 704 434 765 ergo,
454 684 579 767 Nisene,
592 686 773 766 hiopartem
784 704 947 759 armorum,
969 703 1050 765 quae

123 771 221 830 virum
249 769 334 830 illum
363 768 489 848 deoent3
520 775 552 830 et
580 787 670 849 quem
691 769 836 831 deserent
856 789 943 830 arma
962 767 1049 849 talia,

125 853 183 914 nisi
207 853 301 914 talem
322 851 440 912 virum?
473 911 476 915 ,

207 935 375 996 Veniamus
396 953 479 995 nuno
499 933 539 995 ad
561 953 625 996 rem
646 936 756 1015 ipsam,
779 944 810 996 et
831 935 978 1015 reliquam
1001 952 1050 994 ar-

126 1038 244 1081 morum
266 1025 385 1099 partem
414 1016 570 1078 videamus
602 1024 739 1079 armatae
766 1019 939 1080 testudinis.
979 1014 1050 1079 Imi-

126 1102 215 1162 tabor
236 1108 338 1162 autem
361 1101 536 1180 exemplum
558 1102 681 1163 Domini
703 1099 877 1180 Coclearia,
905 1107 941 1195 ug
955 1120 1049 1161 unum

124 1192 178 1247 aut
198 1184 329 1246 alterum
350 1184 526 1260 artioulum,
556 1186 641 1245 euius
664 1186 797 1245 maxime
819 1186 944 1261 referat,
978 1202 1051 1245 oon·

124 1269 219 1329 tutem
234 1266 277 1343 ²).
320 1267 399 1327 Nam
422 1274 452 1327 et
472 1268 539 1347 ipse
560 1287 622 1328 non
635 1273 732 1328 totum
746 1267 908 1329 butherum
923 1285 1050 1347 aggres-

127 1370 178 1411 sus
201 1358 263 1428 est,
300 1349 354 1410 sed
387 1357 448 1410 tres
483 1350 549 1410 illas
569 1352 687 1430 priores
709 1351 939 1432 Propositiones
961 1369 980 1410 a
1000 1368 1052 1411 me

126 1443 258 1496 assertas
281 1433 427 1494 adversus
441 1432 558 1493 Bullam
571 1434 834 1498 Eeoioleoninam.
876 1431 974 1513 Igitur
990 1433 1052 1495 hou

125 1519 260 1578 maxime
291 1523 380 1597 urget
414 1523 481 1577 toto
504 1515 607 1578 libello
629 1516 775 1598 Coeleus,
811 1524 843 1578 ut
874 1517 987 1578 falsum
1020 1521 1052 1577 et

125 1601 311 1662 haeretioum
335 1600 442 1679 faeiat,
476 1599 559 1679 quod
593 1601 707 1680 passim
732 1601 863 1682 asserui,
900 1599 968 1660 sola
987 1597 1050 1661 flde

127 1703 185 1746 nos
207 1682 373 1746 iustificari.

212 1769 314 1846 Atque
335 1771 369 1827 ut
390 1765 440 1825 bio
461 1765 590 1845 aliquod·
607 1766 774 1827 ineundum
796 1767 904 1828 audias
926 1784 983 1848 pro
1004 1785 1052 1828 ra·

127 1845 211 1912 tione
232 1851 360 1911 istorum
383 1847 510 1928 dierum,
533 1848 603 1911 ride
615 1869 744 1929 quaeso,
767 1852 807 1911 mi
819 1850 944 1930 Nisend,
965 1867 1053 1910 arma

127 1935 188 1994 ista
218 1931 436 1994 vuleaniesima
473 1933 719 1994 masculinissimi
755 1934 821 1999 viri.
884 1932 1052 2014 Postquam

128 2017 230 2077 multis
252 2016 374 2076 Patrum
397 2015 486 2076 dietis
508 2015 679 2096 docuisset,
709 2035 765 2096 per
787 2016 972 2098 baptismum
994 2035 1053 2077 nos

128 2099 210 2162 ablui
232 2119 251 2159 a
273 2100 418 2180 pennatis,
439 2118 495 2178 per
516 2099 668 2160 Christum
691 2099 785 2161 deleri
808 2106 953 2181 peaoata,
976 2101 1053 2160 oasi-

132 2190 195 2244 tate
217 2183 332 2262 operiri
354 2181 578 2243 multitudinem
591 2190 789 2262 peecatorum
811 2190 842 2244 et
863 2184 888 2244 si
911 2190 1058 2263 quasnnt

129 2266 249 2341 similia,
272 2264 395 2326 tandem
417 2267 501 2344 oogit
529 2272 690 2344 perorator
716 2266 770 2327 ille
792 2268 897 2328 omnia
917 2269 949 2326 iu
971 2266 1054 2327 huno

128 2349 342 2410 suavissimum
365 2348 532 2428 epilogum,
555 2347 675 2409 dioensz
717 2349 786 2411 Non
811 2346 1052 2430 ergosolafldes

128 2429 462 2508 iustitieet,'iuetitloat
481 2431 563 2492 enim
586 2430 715 2512 Spiritus
737 2440 877 2511 sanetus,
908 2430 1053 2503 iustifloat

129 2523 161 2576 et
173 2517 282 2596 gratia,
303 2513 448 2575 iustificat
459 2520 491 2575 et
503 2514 682 2595 baptismus,
698 2516 847 2577 iustifioat
860 2522 892 2578 et
902 2516 1052 2596 Christus,

128 2597 272 2660 iustifloat
301 2603 332 2658 et
363 2598 474 2658 oaritas
496 2605 556 2668 eto,
597 2598 612 2659 1
632 2618 714 2659 nuno
721 2646 731 2681 ,
758 2598 900 2678 Lntbere,
920 2605 952 2660 et
972 2617 1055 2681 nega

130 2681 278 2744 Ouoleum
301 2699 370 2742 esse
391 2687 539 2742 armatum
564 2682 669 2744 virum.

212 2763 269 2845 Tu,
290 2763 422 2844 Nisene,
444 2766 523 2825 forte
551 2764 600 2825 vel
622 2764 803 2845 dirumperis
830 2765 1052 2849 indignatione,

130 2848 178 2909 vel
199 2847 315 2909 fatiscis
335 2849 407 2912 risu.
452 2848 493 2908 At
522 2849 641 2908 interim
669 2854 723 2909 tuo
745 2850 874 2929 imperio
897 2869 957 2931 ego
979 2856 1053 2912 tem·

128 2950 186 3013 pus
199 2929 295 3012 perdo
319 2931 629 2991 euminsulsaislaet
650 2931 762 2992 stolida
783 2931 947 3012 testudine,
971 2951 1053 3014 quae

128 3013 278 3078 adversus
315 3033 365 3075 me
398 3014 534 3075 scribens
568 3032 628 3074 non
664 3021 781 3076 tantum
810 3016 918 3077 saltem
947 3015 1054 3078 hebuit

130 3097 328 3179 cogitandae,
349 3104 381 3157 ut
403 3099 574 3179 argumenti
607 3099 668 3158 vim
710 3118 779 3178 seu,
811 3107 845 3160 ut
867 3118 936 3160 eum
959 3105 1053 3161 testu·

131 3179 202 3242 dine
222 3181 465 3260 aristotelissem,
488 3183 645 3242 materiam
657 3182 825 3243 subiectam
847 3180 1053 3264 praevideret,

130 3270 164 3325 ut
185 3263 285 3343 eoiret,
309 3263 392 3343 quid,
414 3271 523 3325 eontra
542 3265 615 3344 quid
638 3266 793 3328 scriberet.

212 3347 253 3407 Et
273 3348 348 3408 satis
381 3350 490 3425 miror,
526 3358 588 3409 tam
618 3347 796 3428 diligentem
819 3348 1052 3430 compilatorem

132 3448 195 3492 non
219 3432 343 3493 auxisse
365 3432 456 3492 istum
480 3431 650 3513 epilogum,
672 3450 741 3492 oum
762 3431 877 3494 Paulus
900 3432 940 3494 ad
961 3433 1052 3500 Rom.

131 3517 181 3579 11.
202 3514 325 3594 scribat,
346 3533 381 3576 se
401 3517 523 3594 oonari,
545 3522 578 3576 ut
599 3514 720 3597 aliquos
742 3536 782 3578 ex
802 3515 925 3580 Iudaeis
947 3517 1053 3581 salvos

343 3691 550 3699 .——-—-—-

184 3775 217 3843 1)
236 3772 268 3828 ln
286 3772 329 3830 ed.
348 3776 418 3829 lan:
438 3774 566 3843 protecti.
603 3777 632 3847 2)
651 3773 734 3833 Ibida
752 3775 879 3835 retutem.
