2348 4162
238 290 242 298 ·
287 259 325 316 ad
343 261 378 317 D.
397 261 540 317 iirasmum
559 261 784 317 Roterodamum.
929 260 991 325 227

150 428 400 509 Principio'illud
422 427 567 495 Matthae.
588 432 627 495 23
649 430 799 511 procedit,
821 429 906 491 velut
928 449 991 489 mu·

64 531 188 573 scarum
200 513 356 580 Achillas:
378 514 554 595 Ierusalem,
568 512 747 590 Ierusalem,
770 516 891 594 quoties
908 513 991 573 volui

63 598 260 677 congregare
282 595 362 656 filios
389 604 475 676 tuos,
508 606 539 658 et
560 596 705 659 noluisti?
738 596 770 659 Si
793 602 903 657 cuncta
926 598 990 671 (iu-

63 678 151 761 quit)
175 678 252 739 liunt
273 682 466 760 necessitate,
488 700 592 741 noune
613 681 853 760 poteratmerito
866 696 991 760 respon·

64 764 140 822 dare
162 761 296 823 Domino
325 762 573 844 lerusolyma¹):
617 763 696 839 Quid
725 763 865 824 inanibus
903 761 991 822 laori-

65 846 125 906 mis
148 852 179 905 ta
201 845 361 907 maceras?
384 845 415 907 si
438 854 469 906 tu
493 846 620 907 nolebas
644 866 701 907 nos
724 846 900 907 auscultare
922 863 990 924 pro·

63 928 177 1009 phetis,
200 946 256 990 cur
276 948 331 989 eos
353 929 482 992 misisti?
506 930 666 991 Curuobis
679 932 821 1010 imputas,
844 927 926 1008 quod
939 936 990 988 tua

63 1010 236 1087 voluntate,
258 1019 363 1073 nostra
384 1015 569 1073 necessitate
590 1013 704 1074 iactum
727 1011 793 1074 ast?
822 1011 908 1071 Haeo
928 1011 1005 1085 illa„

148 1093 384 1176 Respondemus
407 1104 525 1157 autem:
549 1096 588 1157 Elt
609 1089 759 1157 donamus
780 1096 918 1174 interim,
940 1112 989 1155 ve-

63 1196 130 1237 ram
154 1182 185 1238 et
206 1176 319 1239 bonam
343 1198 411 1239 essa
432 1181 522 1239 istam
545 1180 701 1259 sequelam
722 1185 754 1241 et
774 1177 988 1259 probationem

67 1259 225 1336 diatribes,
249 1261 336 1341 quid,
359 1280 453 1342 rogo,
475 1261 643 1342 probatur?
666 1262 802 1342 nunquid
823 1259 989 1343 probabilis

63 1345 184 1424 opinio,
206 1361 285 1423 quae
307 1345 389 1425 dicit,
413 1346 540 1407 liberum
563 1346 718 1407 arbitrium
729 1364 791 1406 nou
803 1363 896 1424 posse
909 1344 989 1404 velle

62 1424 204 1487 bouum?
225 1429 287 1488 imo
310 1428 457 1508 probatur
479 1428 584 1508 libera,
607 1448 683 1489 sana
705 1436 736 1489 ct
758 1430 911 1508 potensin
925 1446 988 1488 om·

63 1510 130 1589 nia,
154 1528 234 1590 quae
255 1512 425 1592 propbetas
447 1512 606 1590 dixerunt,
635 1513 788 1576 voluntas.
832 1513 873 1570 At
894 1512 988 1572 talem

62 1611 126 1653 non
151 1596 287 1674 suscepit
307 1594 498 1674 probandam
521 1594 660 1672 diatriba,
683 1595 754 1673 quin
777 1595 845 1673 ipsa
859 1593 988 1653 diatriba

62 1675 113 1736 bic
146 1677 350 1757 respondeat:
385 1677 416 1739 Si
452 1677 578 1739 liberum
611 1678 765 1738 arbitrium
794 1695 856 1737 non
885 1683 987 1756 potest

61 1759 143 1820 valle
165 1759 291 1840 bonum,
316 1760 387 1839 quid
411 1762 577 1841 imputatur
599 1761 644 1838 ei,
667 1760 749 1839 quod
772 1778 833 1819 uon
859 1758 988 1819 audierit

61 1843 241 1924 propbetas,
263 1862 350 1923 quos,
373 1851 406 1903 ut
427 1843 509 1905 bona
531 1843 693 1923 docentes,
716 1842 821 1904 andire
842 1862 905 1903 uon
927 1860 985 1922 po-

61 1933 142 1988 tarat
173 1926 237 1988 suis
269 1927 402 1988 viribus?
435 1926 514 2002 Quid
546 1929 687 1987 inanibus
719 1927 853 1986 lacrimis
886 1927 987 2006 plorat

62 2009 214 2090 Christus,
237 2027 274 2069 ao
295 2010 320 2070 si
341 2010 384 2070 illi
407 2011 563 2090 potuerint
583 2010 672 2089 valle,
696 2010 778 2089 quod
800 2015 884 2069 certo
899 2010 985 2069 novit

61 2111 116 2154 cos
139 2111 203 2155 non
225 2092 432 2190 possevello?
454 2093 575 2153 Liberat
563 2095 739 2174 t„inquam
763 2091 890 2153 diatriba
904 2092 985 2152 Chri-

61 2186 141 2236 stum
164 2175 233 2237 ab
225 2176 353 2274 insania,
377 2195 432 2256 pro
455 2196 511 2237 sua
532 2176 584 2236 illa
601 2176 753 2257 probabili
775 2178 933 2256 opinione,
956 2182 986 2235 et

61 2278 135 2321 mox
156 2266 264 2320 nostra
286 2261 391 2340 opinio
414 2259 542 2321 liberata
563 2267 611 2320 est
632 2259 670 2320 ab
692 2262 752 2319 isto
774 2258 896 2319 Achille
922 2277 985 2318 mu

60 2362 192 2406 scarum
234 2338 333 2422 Igitur
354 2342 440 2403 locus
468 2344 520 2402 ille
542 2341 646 2403 Mattb
680 2347 732 2402 aut
755 2342 866 2422 probat
886 2346 984 2403 totum

60 2426 191 2487 liberum
213 2425 386 2503 arbitrium,
409 2433 580 2504 aulaeque
602 2426 719 2486 fortiter
740 2431 857 2504 pugnat
845 2424 985 2484 t·adver

59 2527 109 2569 sus
132 2511 141 2569 i
167 2527 233 2568 sam
260 2508 408 2569 diatriban
432 2515 464 2570 et
492 2528 549 2568 suo
579 2507 662 2568 illam
684 2508 786 2567 iaculo
809 2509 983 2587 prosternit.

174 2611 210 2653 os
232 2591 377 2669 dicimus,
400 2594 514 2652 utiam
538 2589 652 2671 anre2)
680 2590 827 2667 diximus,
862 2589 900 2649 da
939 2608 984 2650 se·

59 2683 144 2737 crata
163 2675 219 2735 illa
240 2675 398 2735 voluntate
412 2676 581 2735 maiestatis
604 2693 665 2734 non
680 2692 748 2733 esse
760 2671 984 2752 disputandum,

59 2767 89 2819 et
98 2758 304 2820 temeritatem
316 2759 492 2836 humanam,
515 2776 594 2837 quas
606 2763 753 2838 perpetua
774 2757 984 2837 perversitate,

59 2842 174 2903 relictis
199 2843 397 2921 necessariis,
431 2840 514 2901 illam
543 2860 664 2921 semper
685 2843 805 2921 impetit
826 2847 856 2900 et
877 2845 984 2920 tentat,

61 2943 128 2986 essa
162 2922 355 2985 avocandum
379 2933 410 2984 et
432 2922 664 3002 retrahendam,
700 2942 740 2984 ne
763 2932 894 3003 occupet
915 2942 984 2983 sese
1099 2966 1107 2977 .

60 3006 233 3069 scmtaudis
255 3007 314 3067 illis
335 3008 461 3068 secretis
484 3008 662 3087 maiestatis,
688 3026 767 3087 quaa
791 3006 983 3086 impossibile

60 3099 104 3152 eat
120 3093 289 3170 attingere,
312 3098 347 3151 ut
366 3109 445 3170 quae
467 3088 585 3150 habitet
607 3090 704 3150 lucem
727 3089 984 3169 inaccessibilem,

61 3180 139 3236 leste
161 3173 259 3237 Paulo
273 3171 322 3257 θ).
355 3172 494 3252 Occupet
515 3191 589 3232 vero
612 3191 681 3232 sese
703 3190 771 3232 cum
794 3173 863 3232 Deo
885 3176 983 3234 incar·

59 3264 151 3339 nato,
182 3276 237 3318 acu
263 3266 273 3297 ¹
264 3265 313 3334 ut
334 3257 446 3316 Paulus
460 3253 513 3338 “*l
536 3255 684 3334 loquitur)
707 3274 775 3315 cum
798 3255 866 3316 lesu
889 3258 983 3317 cruci·

31 3414 36 3420 .
60 3339 142 3422 llxo,
161 3342 194 3401 iu
218 3302 279 3420 qub
302 3343 375 3400 sunt
396 3358 503 3400 omues
527 3339 659 3399 thesauri
682 3339 853 3435 sapientiae
876 3344 907 3399 et
928 3340 983 3400 soi-

61 3425 172 3505 entiae,
195 3423 250 3484 sed
274 3422 457 3501 absconditi,
478 3442 533 3502 per
554 3412 634 3482 buno
651 3423 731 3482 enim
746 3419 867 3482 abunda
880 3421 983 3503 habet,

59 3507 132 3587 quid
153 3472 234 3568 scire
261 3514 292 3567 et
312 3525 374 3567 uon
404 3507 483 3566 scire
506 3505 625 3568 debeat
669 3504 752 3566 Deus
774 3506 895 3586 igitur
886 3523 983 3566 incar

130 3708 163 3777 1)
184 3706 216 3762 In
244 3704 288 3764 ed.
317 3708 387 3767 1525
417 3712 445 3763 et
473 3704 517 3763 ed.
541 3708 611 3763 Ian:
631 3705 808 3777 ierosolyma.
844 3706 877 3777 2)
898 3705 984 3762 ibid:

60 3786 151 3839 antea.
170 3781 203 3851 ³¹¹)
225 3782 250 3838 1.
269 3780 388 3836 Timoth.
408 3781 432 3839 6.
454 3779 497 3849 **)
516 3779 622 3849 coloss.
641 3780 666 3836 2.

708 3847 772 3917 to*
