2348 4162
57 3802 86 3920 Ι
124 3752 127 3757 ,

202 235 263 302 154
442 238 486 293 De
503 252 585 294 servo
604 236 719 293 arbitrio
738 238 771 297 n.
790 238 824 293 Μ.
843 240 873 294 13.
894 320 897 325 .

200 407 359 487 luntoteru‚
383 426 488 489 opere,
511 407 636 469 omniuo
659 426 698 468 ex
720 407 844 469 alterius
857 408 999 487 arbitrio,
1022 408 1122 471 oonsi-

200 491 252 569 lio,
277 491 442 570 voluntate,
465 510 559 572 opere
581 510 667 553 suam
690 489 825 571 pendere
846 492 986 570 sulutem,
1008 509 1122 572 nempe

199 574 257 635 Dei
279 575 383 635 solius.
438 573 610 655 Siquidem,
646 574 789 653 quamdiu
827 594 990 656 persuasus
1021 574 1122 651 fuerit,

199 676 268 718 sese
290 658 338 717 vel
362 658 510 718 tantulum
533 677 626 739 posse
654 677 709 738 pro
733 657 832 720 saluts
853 678 927 738 sue,
962 663 1067 719 munet
1087 657 1120 718 in

199 738 310 801 fldueia
331 742 388 822 sui,
410 760 467 801 neu
489 741 526 802 de
548 761 582 801 ee
604 742 724 822 penitus
755 739 919 822 desperet,
950 740 1032 802 ideo·
1056 758 1121 801 non

199 823 373 885 humiliatur
394 844 497 885 eoram
513 826 585 904 Deo,
609 824 663 885 sed
685 825 798 902 looum,
821 832 951 906 tempus,
976 843 1053 905 opus
1067 822 1123 884 sli-

199 906 281 988 quod
303 908 360 969 sibi
381 909 567 988 praesumit,
596 908 644 969 vel
666 915 794 990 sperat,
820 908 869 970 vel
891 913 978 989 optet
998 907 1122 983 saitem,

199 1002 259 1071 q'uo
283 989 404 1052 tandem
428 993 588 1072 perveniat
610 991 649 1052 ud
672 991 811 1055 sulutem.
866 991 925 1067 Qui
947 1009 1021 1052 vero
1045 988 1123 1050 nihil

198 1074 325 1149 dubitet,
348 1080 444 1135 totum
466 1076 497 1134 iu
520 1075 679 1137 voluntate
701 1075 759 1135 Dei
780 1073 924 1155 pendere,
944 1075 971 1136 is
994 1092 1122 1155 prorsus

199 1157 237 1218 de
259 1176 293 1218 se
305 1156 458 1239 desperat,
481 1159 555 1219 nihil
578 1159 672 1238 eligit,
696 1158 750 1219 sed
765 1165 924 1240 exspectat
939 1162 1121 1237 operantem

198 1240 307 1316 Deum,
329 1242 355 1300 is
378 1243 537 1322 proximus
560 1248 607 1302 est
628 1243 754 1323 gratiae,
777 1248 810 1302 ut
831 1241 933 1302 solvus
954 1240 1018 1302 fist.
1061 1239 1124 1303 ltu-

198 1342 258 1403 que
280 1328 406 1404 propter
427 1324 543 1386 eleetos
564 1327 623 1385 iste
640 1325 812 1405 vulgantur,
836 1332 869 1386 ut
888 1325 948 1386 isto
962 1323 1125 1384 modohu-

88 1439 91 1446 ·
199 1406 306 1468 miiiuti
339 1409 420 1468 etin
444 1408 569 1469 nihilum
592 1408 708 1469 redacti
732 1406 809 1471 selvi
833 1407 929 1484 fiunt,
959 1407 1055 1468 eeteri
1075 1425 1124 1469 re·

198 1491 310 1550 sistunt
331 1490 534 1552 humiliationi
556 1490 635 1568 huie,
659 1493 721 1551 imo
745 1492 892 1552 damnent
914 1490 1019 1551 dooeri
1040 1488 1125 1551 hane

198 1573 444 1654 desperationem
464 1576 520 1653 sui,
542 1574 656 1661 aliquid
679 1575 728 1636 vel
743 1575 927 1636 modioulum
952 1573 1010 1635 sibi
1032 1572 1125 1633 reliu-

198 1658 249 1737 qui
271 1657 388 1736 volnnt,
411 1658 494 1738 quod
511 1659 648 1739 possint3
669 1658 700 1718 hi
723 1659 843 1737 ooouite
861 1662 985 1718 manent
998 1655 1124 1736 superbi

198 1746 229 1801 et
251 1742 369 1822 gratiae
391 1742 446 1802 Dei
468 1741 646 1805 adversarii.
690 1741 775 1801 Haeo
797 1748 864 1820 est,
891 1741 1015 1819 iuquam
1027 1786 1037 1819 ,
1061 1758 1125 1800 una

198 1825 286 1899 ratio,
309 1830 342 1883 ut
362 1825 405 1904 pii
426 1825 662 1904 promissionem
692 1827 810 1906 gratiae
831 1823 982 1885 humiliati
1008 1840 1125 1902 eogno-

199 1913 297 1982 soaut,
319 1908 464 1967 invocent
486 1914 516 1968 et
538 1908 701 1988 auoipisut.

283 1989 389 2050 Aiters
410 1996 466 2069 est,
490 1990 573 2070 quod
595 1990 710 2070 fldes*)
739 1993 787 2052 eet
808 2009 908 2051 rerum
944 2007 1005 2050 uon
1029 2008 1125 2069 appu-

197 2073 346 2151 rentium3
365 2079 398 2132 ut
420 2092 493 2154 ergo
514 2073 587 2135 fidei
601 2073 689 2134 loeus
711 2074 760 2155 sit,
784 2092 863 2154 opus
878 2078 934 2150 est,
955 2078 987 2132 ut
1010 2072 1127 2148 omniu,

105 2212 107 2217 .
199 2173 279 2235 quse
301 2155 472 2237 ereduntur,
495 2156 743 2237 abscondentur,
766 2175 829 2218 nou
853 2159 954 2217 eutem
975 2155 1125 2216 remotius

199 2235 445 2317 absconduntur,
469 2258 559 2319 quam
583 2240 638 2300 sub
662 2241 816 2300 contrario
841 2239 983 2315 obieetu,
1017 2256 1124 2317 sensu,

199 2323 400 2402 experientia.
444 2322 495 2383 Sio
517 2324 624 2402 Deus,
648 2322 719 2383 dum
735 2321 911 2401 ,viviflout,
940 2321 1014 2383 feeit
1050 2319 1126 2383 illud

199 2404 382 2484 osoideudo,
403 2405 472 2466 dum
496 2405 658 2483 iustificat,
688 2406 760 2466 feeit
780 2405 857 2466 iilud
878 2424 949 2467 reos
970 2403 1125 2482 iaciendo,

200 2487 270 2548 dum
293 2490 324 2548 in
346 2488 467 2549 eoelum
486 2489 577 2565 vehit,
599 2488 672 2549 feeit
692 2489 723 2549 id
746 2489 785 2549 ud
797 2488 950 2548 infernum
971 2487 1125 2559 ducende,

200 2578 232 2632 ut
254 2571 326 2633 dieit
348 2572 520 2652 Scriptura:
554 2571 704 2633 Dominus
734 2570 907 2632 mortificat
926 2577 958 2632 et
978 2568 1125 2649 vivifieet,

200 2655 369 2718 deducitur
380 2656 495 2717 inferos
517 2661 548 2716 et
568 2654 694 2735 reduoit,
719 2659 746 2719 1.
769 2654 903 2716 Samuel.
924 2652 987 2735 2¹),
1009 2654 1048 2715 de
1061 2652 1125 2734 qui·

199 2737 255 2799 bus
278 2758 360 2799 nune
380 2757 443 2799 non
467 2744 514 2799 est
536 2739 624 2799 loeus
643 2737 791 2818 prolixius
818 2736 949 2802 diuendi.
994 2736 1056 2813 Qui
1073 2755 1126 2797 uo·

199 2827 262 2882 stru
284 2821 443 2902 legerunt,
477 2821 593 2883 hebent
628 2821 707 2881 haee
729 2820 784 2882 sibi
808 2820 1031 2901 vulgatissima.
1074 2818 1126 2883 sia

200 2911 355 2965 ueternum
379 2923 465 2965 suem
478 2905 673 2965 elementiam
696 2911 727 2965 et
740 2903 980 2965 misericordiam
994 2902 1126 2966 absonu-

200 2988 243 3049 dit
264 2987 321 3049 sub
345 2994 470 3048 aeterne
490 2990 546 3068 ire,
568 2989 714 3048 iustitium
738 2987 793 3048 sub
815 2988 984 3065 iniquitute.

281 3071 340 3131 Hie
361 3077 408 3131 est
420 3070 491 3132 fidei
506 3090 643 3131 summus
657 3070 779 3151 gradus,
805 3071 929 3131 eredere
951 3070 1039 3130 iilum
1058 3086 1126 3131 esse

201 3153 394 3232 elementem,
417 3156 542 3233 quitum
565 3172 683 3235 paucos
706 3154 815 3234 salvat,
838 3160 900 3214 tum
914 3151 1125 3215 multosdem·

201 3244 263 3317 nst,
286 3236 411 3298 eredere
433 3238 555 3317 iustum,
578 3239 630 3317 qui
652 3257 708 3297 sua
730 3237 889 3298 voluntate
906 3255 965 3298 nos
986 3254 1126 3298 neeesse·

200 3323 247 3382 rio
272 3319 464 3383 damnabiles
486 3320 569 3399 fauit,
593 3329 625 3382 ut
647 3320 795 3401 videatur,
816 3320 968 3382 referente
984 3320 1124 3399 Erasmo,

201 3404 348 3465 detentari
371 3403 554 3464 eruciatibus
567 3406 748 3465 miserorum
771 3411 802 3464 et
824 3403 1012 3486 odiopotius
1035 3421 1125 3483 quam

200 3507 308 3549 umore
330 3486 450 3567 diguus.
494 3486 526 3547 Si
543 3488 635 3568 igitur
657 3506 782 3567 possem
814 3485 877 3548 ulla
904 3488 1024 3549 rstione
1046 3505 1125 3548 oom-

276 3752 306 3823 *)
328 3751 433 3808 Ebrae.
452 3755 495 3809 11.
531 3754 560 3822 1)
579 3755 611 3809 In
630 3750 675 3808 ed.
695 3754 801 3810 astitit
821 3758 849 3808 et
868 3754 953 3812 15262
977 3756 994 3811 1
1013 3754 1126 3837 lieet„
