2348 4162
269 272 306 329 ad
323 273 357 328 D.
375 272 518 328 Erasmum
537 273 760 330 Roterodamum.
914 272 977 339 211

58 439 140 520 quod
162 441 305 521 iusseris,
328 448 419 522 atquc
442 443 521 505 adso
543 443 690 524 possibile
712 445 786 504 satis
810 445 881 519 luit,
914 462 977 505 non

58 532 159 587 umen
181 523 255 585 liat?
291 531 377 586 tanto
412 528 525 587 distant
553 528 732 608 imperativa
761 533 792 587 et
812 526 979 588 indicativa

58 608 150 668 verba
172 608 204 667 in
225 606 317 668 rebus
331 610 544 670 communibus
566 619 597 671 sl
617 610 780 672 facillimis.
823 610 930 670 Etvos
946 612 977 671 in

57 691 147 750 rebus
169 691 237 750 istis
245 738 254 770 ‚
288 690 355 771 plus
379 692 560 755 distantibus
584 712 673 772 quam
697 693 816 754 coelum
840 699 871 753 st
888 701 978 773 terra,

57 781 149 853 atque
169 772 251 834 adso
273 774 532 857 impossibilibus,
555 782 618 836 tam
640 776 741 837 subito
766 776 865 837 facitis
888 776 977 836 nobis
1092 834 1094 839 .

55 857 224 917 indicativa
251 877 292 917 ex
322 860 528 938 imperativis,
560 867 593 919 ut
616 878 688 919 mox
711 864 850 936 servata,
886 858 978 936 facta,

56 940 155 1001 electa
182 958 220 1000 ac
242 939 370 1021 impleta
402 940 503 1002 velitis
540 942 591 1002 vel
615 943 688 1002 talia
709 941 775 1002 fors
797 942 910 1001 nostris
933 943 978 1000 vi·

55 1024 153 1099 abus,
186 1040 278 1102 quam
306 1025 436 1103 primum
471 1024 635 1086 audieritis·
648 1043 757 1086 vocem
780 1025 976 1103 imperantis:

56 1105 124 1186 Fac,
150 1123 251 1186 serva,
274 1106 364 1187 elige.

137 1187 295 1263 Quartc¹l
319 1209 358 1248 ex
375 1189 497 1253 Deut3
521 1196 552 1249 ct
574 1192 613 1255 30
636 1189 727 1250 affers
752 1190 846 1251 multa
868 1188 979 1250 similia

57 1270 201 1353 eligendi,
223 1272 393 1350 avertendi,
416 1272 557 1332 servandi
580 1272 690 1349 verba,
714 1280 746 1332 ul
768 1272 800 1335 Si
835 1274 977 1350 servaris,

57 1355 78 1412 si
97 1373 230 1414 aversus
252 1354 360 1432 fueris,
396 1357 422 1415 si
445 1356 573 1436 elegeris
606 1363 664 1420 etc.
687 1356 789 1436 Haec,
824 1358 887 1434 ais,
910 1374 976 1416 om·

57 1437 104 1497 nia
125 1438 345 1517 intempestive
374 1439 562 1520 dicerentur,
598 1440 623 1499 si
645 1458 709 1499 non
732 1446 815 1500 esset
836 1438 979 1500 voluntas

57 1519 191 1581 hominis
216 1520 313 1581 libera
334 1521 372 1582 ad
396 1522 518 1584 bonum.

138 1603 345 1682 Respondeo:
370 1605 409 1664 Et
430 1612 478 1684 tu,
504 1623 572 1664 mea
595 1605 741 1682 diatriba,
774 1605 847 1664 satis
870 1605 977 1664 intem-

58 1687 177 1766 pestive
212 1706 253 1747 ex
285 1682 353 1747 is'tis
385 1687 486 1748 verbis
508 1687 628 1766 colligis
656 1687 830 1747 libertatem
852 1686 977 1747 arbitrii.

57 1770 211 1830 (locatum
234 1771 315 1830 euim
340 1776 371 1830 et
392 1770 525 1831 studium
550 1769 633 1830 liberi
648 1770 763 1830 arbitrii
776 1775 894 1830 lantum
909 1789 978 1830 eras

57 1850 234 1932 probatura,
256 1853 371 1914 nullum
394 1862 495 1914 autem
518 1852 621 1913 locum
644 1852 788 1932 adducis,
812 1854 862 1932 qui
885 1853 977 1914 talem

58 1942 203 1997 conatum
225 1936 344 2015 probet.
389 1935 524 1996 Adducis
553 1954 627 1997 vera
651 1956 705 1996 eos
727 1936 831 2012 locos,
856 1939 923 2017 qui,
953 1937 977 1996 si

58 2025 108 2080 lua
130 2019 259 2098 sequela
281 2019 413 2098 valeret,
442 2024 536 2079 tolum
559 2019 656 2080 libero
689 2019 814 2080 arbitrio
837 2019 978 2083 tribuant.

58 2101 288 2182 Distinguamus
324 2103 416 2183 igilur
453 2104 561 2161 iterum
595 2102 646 2162 hic
680 2101 776 2164 verba
804 2101 978 2182 Scripturas

59 2184 201 2262 adducta,
224 2191 255 2245 st
276 2185 411 2246 additam
435 2184 580 2246 diatribes
603 2186 769 2264 sequelam.
813 2185 915 2246 Verba
929 2184 980 2245 ad-

59 2268 149 2328 ducta
170 2276 242 2329 suut
262 2270 459 2351 imperativa,
488 2267 562 2328 nihil
585 2268 705 2349 dicunt,
738 2269 796 2328 uisi
818 2266 890 2346 quid
913 2267 978 2328 fleri

59 2351 179 2429 debeat,
199 2370 300 2431 neque
322 2353 402 2412 enim
425 2352 513 2412 Mose
534 2350 622 2411 dicit:
647 2351 788 2431 Eligeudi
806 2350 902 2412 habes
919 2351 979 2409 vim

59 2434 106 2494 vel
129 2435 288 2515 virtulem,
311 2434 365 2494 sed
389 2435 482 2515 eligo,
505 2453 611 2505 sarva,
632 2433 694 2511 fac3
717 2440 885 2514 praecepta
905 2432 980 2492 faci-

60 2516 128 2577 endi
152 2516 254 2590 tradit,
277 2536 338 2579 non
361 2525 463 2578 aulem
477 2516 773 2577 describit'hcminis
794 2515 981 2575 facultatem.

59 2598 192 2680 Sequela
223 2618 297 2661 vero
328 2620 383 2682 par
414 2601 540 2661 sciolam
572 2599 656 2658 illam
691 2598 840 2659 diatriben
876 2597 981 2657 addita

59 2683 162 2745 infert:
187 2682 270 2765 Ergo
286 2674 396 2764 'potest
416 2684 512 2744 homo
536 2681 620 2757 talia,
642 2681 758 2761 alioqui
771 2681 881 2742 frustra
895 2699 980 2760 prae-

59 2768 243 2851 ciperentur.
287 2767 342 2828 Oui
366 2766 582 2846 respondetur:
604 2765 739 2826 Domina
762 2762 902 2842 diatribe,
924 2781 980 2823 vos

60 2850 138 2911 mals
159 2849 296 2928 infertis,
325 2868 384 2910 uec
406 2849 542 2929 probatis
565 2848 737 2927 sequelam,
760 2848 814 2908 sed
838 2847 982 2907 caecitati

59 2942 87 2992 el
115 2934 300 2995 oscitantiae
336 2939 457 2994 vestras
478 2931 597 2993 videtur
623 2930 651 2991 id
680 2933 766 3011 sequi
795 2938 825 2990 st
847 2929 981 3011 probari.

60 3016 290 3100 Praecipiunlur
317 3022 418 3076 autem
442 3033 503 3075 non
526 3018 740 3094 intempestive
773 3032 831 3075 nec
861 3013 981 3092 frustra,

59 3098 112 3160 scd
133 3105 169 3159 ut
191 3099 285 3161 homa
308 3098 457 3179 superbus
481 3106 511 3160 st
531 3116 643 3159 caccus
666 3117 721 3178 per
742 3097 819 3158 haec
836 3115 910 3157 suae
926 3096 981 3155 im-

59 3183 216 3261 potentias
248 3183 387 3243 morbum
422 3183 534 3259 discat,
570 3182 595 3239 si
618 3187 714 3241 tentet
744 3180 863 3259 facero,
899 3177 982 3258 quod

59 3267 255 3346 praecipitur.
300 3265 351 3327 Sic
374 3271 405 3326 et
425 3263 591 3327 similitudo
616 3270 668 3324 tua
690 3263 765 3323 nihil
788 3263 881 3342 valet,
903 3268 937 3323 ut
951 3257 982 3342 ²)

19 3376 29 3399 κ
60 3350 150 3415 dicis:
1066 3403 1072 3415 .

140 3431 268 3511 Alioqui
284 3430 315 3514 ¹)
337 3430 466 3512 perinde
487 3429 587 3509 fuerit,
611 3448 648 3490 ac
671 3430 696 3491 si
720 3428 788 3507 quis
802 3426 922 3489 homiui
939 3426 985 3485 sic

129 3719 160 3787 1)
182 3714 214 3773 In
242 3715 287 3771 ed.
306 3716 362 3772 lan.
393 3715 439 3770 hic
475 3715 505 3769 in
534 3713 660 3784 margins
701 3710 816 3782 lsgilurt
844 3711 984 3769 Erasmus.

61 3790 86 3860 2)
104 3790 136 3846 lu
156 3789 202 3845 cd.
222 3789 294 3846 1525
313 3794 341 3844 et
359 3787 403 3843 ed.
424 3788 495 3842 lem:
515 3784 571 3841 ubi.

715 3856 775 3922 ld*
