2348 4162
455 240 1044 312 ·1A(1ose).553

123 413 171 474 sui
193 413 309 494 proprii
333 410 425 474 ollioii
447 432 612 507 organum,
647 413 754 474 dum
744 432 775 475 ιιι
796 410 961 493 Soriptnris
982 412 1045 475 suis

123 497 254 558 sanetis
263 501 400 576 testatur,
423 492 510 557 done
527 516 583 558 sus
606 517 661 577 per
682 516 750 559 eum
773 496 929 596 prophetis
950 494 1046 577 illabi,

121 577 233 660 idest,
257 580 392 640 omnium
415 580 557 642 virtutum
586 580 731 660 effeetus,
764 581 830 640 nt
822 600 853 641 ιιι
876 579 979 640 Eliseo
1002 579 1046 641 vl·

122 662 196 724 dere
218 668 280 739 est,
310 682 429 723 rursum
451 683 507 746 per
529 663 659 725 eundem
683 663 795 744 expelli
833 669 984 742 setonam,
1013 661 1045 723 id

122 753 180 827 est,
203 746 340 823 omnium
361 746 502 809 vitiorum
520 747 729 828 impulsorem,
752 755 783 822 ut
805 747 835 807 in
858 745 950 809 Saule
971 764 1045 826 rege

122 828 218 892 Israel
241 835 433 891 monstretur.
471 829 560 892 Unde
582 850 644 892 uon
665 816 776 893 frustm
796 829 902 890 Patres
925 835 956 890 et
976 847 1044 908 pro·

123 914 236 994 phetae
258 912 354 975 verbo
377 914 435 974 Dei
463 914 535 974 nihil
559 915 722 976 voluerunt
749 933 818 975 esse
840 912 1045 993 ιιοιιίιιιιειίιιι,

122 1015 214 1075 quum
238 997 396 1060 musicem.
451 996 526 1058 lnde
548 998 628 1058 enim
657 1003 703 1058 ιοι
724 997 843 1058 eantieu
872 1003 902 1057 et
923 995 1045 1076 psalmi,

124 1069 290 1159 inquibus
326 1080 415 1141 simul
438 1086 532 1161 egent
562 1087 593 1142 et
615 1099 716 1143 sermo
750 1086 782 1140 ει
802 1099 865 1140 vox
885 1080 916 1140 iu
939 1079 1043 1140 animo
1080 1131 1082 1136 .

125 1162 284 1240 auditoris
307 1162 408 1223 dum'
400 1183 430 1223 ιιι
454 1164 563 1225 ueteris
585 1163 791 1225 animantibus
813 1170 844 1225 et
864 1162 1045 1242 eorporibus

123 1245 192 1306 solu
225 1246 342 1306 musico
373 1247 440 1306 sine
467 1265 609 1308 sermone
642 1247 851 1328 gesticulatur.
904 1247 1046 1325 Denique

122 1329 239 1390 bomini
262 1329 319 1390 soli
343 1348 416 1409 ριεε
443 1330 552 1390 eeteris
582 1349 684 1391 sermo
714 1331 782 1391 voni
809 1327 970 1410 oopulotus
992 1328 1045 1390 do·

123 1418 213 1473 notus
236 1417 292 1492 est,
316 1419 348 1474 ut
369 1413 462 1474 eoiret
484 1432 517 1474 se
529 1412 627 1474 Deum
650 1412 775 1474 laudere
786 1419 928 1492 oportere
950 1410 1044 1473 verbo

124 1501 156 1556 et
178 1497 308 1565 musios,
340 1495 459 1558 seilicet
487 1514 599 1558 sonere
626 1496 856 1578 praedieatione
883 1501 913 1555 et
942 1495 1044 1555 mixtis

124 1578 225 1640 verbis
247 1579 333 1639 suevi
356 1576 498 1646 melodis
546 1580 610 1640 lam
633 1581 658 1641 si
681 1580 943 1659 computationem
965 1578 1045 1639 feee-

123 1662 164 1723 ris
185 1663 265 1747 inter
282 1660 370 1741 ipsos
391 1661 541 1739 homines,
564 1662 697 1740 ridebis,
719 1682 810 1742 quem
833 1661 993 1760 multiplex
1015 1658 1047 1722 el

124 1742 227 1807 verius
248 1745 289 1806 ιιι
300 1744 428 1806 Creator
448 1747 633 1824 gloriosus
624 1766 655 1806 ιιι
678 1746 766 1808 donis
782 1763 918 1806 musione
930 1744 1046 1824 disper

128 1829 200 1904 titis,
221 1835 367 1907 quantum
392 1827 512 1890 differet
532 1829 626 1891 homo
653 1829 692 1891 sb
714 1828 870 1891 bomine
862 1847 893 1888 m
917 1846 994 1888 roeo
1016 1832 1046 1887 ει

123 1909 237 1987 verbo,
267 1918 299 1970 ιιι
327 1909 403 1972 nlius
425 1911 517 1972 olium
547 1912 725 1975 mirabiliter
750 1911 900 1990 excellot3
932 1915 1047 1990 negent

124 1995 206 2054 enim
226 2012 318 2073 posse
341 1992 418 2055 dnos
441 1993 580 2056 homines
595 1997 722 2057 inveniri
745 1994 851 2055 similis
866 2013 921 2074 per
942 1995 1047 2055 omniu

125 2077 212 2138 vonis
235 2082 266 2137 ει
290 2076 446 2156 loquelae,
470 2079 591 2140 etiamsi
613 2078 736 2159 saepius
758 2078 870 2139 imitari
893 2076 945 2138 ulii
968 2076 1046 2137 elios

124 2159 296 2239 videantur,
319 2161 402 2221 velut
424 2161 473 2222 olii
497 2162 626 2223 eliorum
648 2163 765 2224 simiae.

208 2241 267 2304 Ubi
288 2251 390 2304 eutem
413 2244 537 2306 leudem
559 2246 724 2307 secesserit
744 2243 888 2321 studium,
911 2250 975 2321 qno
994 2261 1045 2303 ne·

126 2324 256 2387 turolem
279 2328 427 2407 eorrigot,
456 2328 581 2388 exoolet
603 2335 633 2389 ει
660 2326 812 2407 ex'plioet,
843 2325 894 2385 hio
921 2323 1045 2386 leodem

126 2415 251 2489 gustare
273 2428 340 2469 eum
364 2416 490 2489 stupore
514 2410 601 2488 lieet,
623 2408 678 2470 sed
700 2428 762 2470 non
785 2407 1047 2488 comprehendere

127 2491 301 2554 absolutum
334 2499 365 2552 ει
392 2491 559 2590 perfeetum
588 2493 769 2573 sapientiem
799 2491 857 2552 Dei
891 2492 921 2550 in
952 2509 1046 2570 opere

126 2594 184 2637 suo
207 2574 336 2637 mirabili
360 2576 511 2656 musioee,
539 2575 570 2635 in
600 2594 660 2656 quo
681 2592 796 2672 genere
829 2574 890 2634 hoe
912 2573 1046 2653 exoellit,

126 2657 209 2739 quod
231 2679 292 2719 uns
320 2665 350 2719 et
372 2658 480 2722 eudem
509 2677 587 2720 vooe
621 2659 739 2720 eeuitur
760 2674 817 2718 suo
850 2663 957 2741 tenore
979 2676 1045 2736 per-

126 2746 239 2822 gente,
255 2740 398 2884 pluribus
419 2742 539 2802 interim
562 2741 690 2803 vocibus
712 2742 824 2803 eireum
855 2741 936 2800 eiroe
953 2732 1046 2801 mire-

125 2824 224 2886 biliter
267 2824 467 2905 sudentibus,
502 2825 726 2886 exsultantibus
759 2831 788 2884 et
820 2822 1046 2883 iucundissimis

124 2905 262 2989 gestibus
285 2907 414 2969 eandem
439 2908 619 2971 eruentibus
647 2914 679 2970 et
700 2906 783 2968 velut
803 2907 890 2966 iuxta
912 2924 981 2967 eum
1003 2903 1046 2964 di

126 2992 227 3052 vinum
263 2990 415 3070 quendum
448 2991 592 3053 eboreum
620 2989 818 3072 ducentibus,
853 2989 960 3065 utris,
995 2988 1046 3068 qui

125 3073 234 3142 saltem
258 3073 379 3135 modiee
401 3072 588 3161 efficiuntur,
623 3074 696 3136 nihil
724 3038 890 3135 mirabilius
918 3071 979 3133 hoo
1000 3090 1045 3131 se·

126 3156 196 3218 eolo
218 3166 344 3218 exstare
365 3157 518 3219 ridentur·
511 3153 593 3238 ,qui
611 3177 684 3219 vero
705 3175 768 3218 non
781 3155 965 3234 oflioiuntur,
987 3173 1046 3215 nse

125 3240 169 3301 illi
193 3259 266 3307 ιειε
287 3241 385 3301 smusi
408 3247 439 3302 ει
460 3204 544 3322 digni
567 3249 646 3316 suut,
669 3241 720 3321 qui
742 3240 874 3335 aliquem
897 3235 1047 3318 merdipo·

127 3330 207 3385 'etum
229 3323 352 3384 interim
375 3323 502 3385 audient
523 3324 570 3384 vel
594 3342 757 3403 poreorum
780 3322 937 3383 musicem.

208 3403 268 3467 Sed
291 3425 339 3467 res
362 3413 409 3467 est
431 3408 544 3484 maior,
570 3424 660 3486 quem
685 3413 719 3468 ut
739 3406 799 3466 huo
820 3405 969 3466 brevitate
992 3403 1047 3464 uti·
1057 3427 1058 3431 ¹
1155 3440 1157 3444 ι

125 3489 226 3550 litotes
254 3490 318 3549 eius
341 3488 473 3550 deseribi
502 3498 626 3570 queunt.
678 3489 756 3565 Tu‚'
770 3487 890 3549 iuvenis
920 3487 1046 3567 optime,

125 3571 373 3635 commendatum
403 3571 483 3634 bene
504 3571 657 3650 nobilem,
688 3534 853 3634 selbturem
883 3575 913 3630 et
934 3569 1046 3632 Ιεειειιι

124 3662 296 3717 ereaturam
319 3654 372 3716 tibi
390 3653 515 3734 hebens,
537 3674 598 3736 que
619 3660 650 3717 ει
666 3655 725 3716 tuis
747 3652 906 3721 edentibus
927 3652 1046 3714 interim

128 3737 280 3801 medearis
302 3745 412 3801 contre
433 3744 537 3820 turpes
566 3736 708 3802 libidines
730 3744 762 3802 et
783 3755 895 3820 proves
918 3736 1047 3799 soeiete·
