2348 4162
432 256 535 314 debeat
553 274 615 316 ease
633 258 756 317 liberum.
990 252 1054 323 437

130 425 278 486 simorum
301 425 407 508 Papae
429 447 586 490 servorum
609 435 718 490 eontra
731 429 881 491 Christum
905 437 936 491 et
956 432 1053 493 eccle·

130 509 209 570 siam
239 511 304 570 eius
343 512 571 573 coniuratorum
602 511 728 572 evidens
763 513 977 574 latrocinium?
1019 514 1052 574 ld

130 591 215 671 quod
236 592 380 653 Iohannis
403 594 493 655 Hussi
516 601 547 656 et
568 596 746 676 Hieronymi
768 597 931 675 pragensis
953 597 1052 676 indig-

129 676 276 736 nissimae
312 683 426 738 mortes
460 684 490 738 et
516 678 640 759 publica
669 698 731 759 pax
762 698 831 740 cum
864 699 984 740 summo
1013 679 1052 741 ad

130 776 255 818 omnem
278 761 488 839 posteritatem
512 761 663 823 dedecore
685 762 800 823 violata
821 762 989 823 clarissime
1010 768 1053 823 te·

129 844 258 902 utantur.
570 863 572 867 ’

148 938 155 945 ·
213 923 256 985 Ut
278 931 396 1003 autern,
432 927 514 1005 quod
545 927 693 988 hacteuus
727 947 746 987 a
779 947 829 988 ms
861 926 1052 1005 dictumest,

129 1026 236 1068 rerum
260 1027 328 1069 esse
349 1009 503 1091 intelligas
516 1009 568 1093 ¹),
602 1009 774 1071 Christiane
808 1011 913 1088 lector,
936 1017 967 1072 et
987 1030 1051 1071 rem

128 1110 169 1151 ex
192 1090 295 1170 aliquo
326 1093 506 1172 specimine,
540 1092 633 1153 veluti
665 1093 786 1154 leonem
809 1113 848 1154 ex
871 1094 1052 1174 unguiculis,

127 1174 292 1234 aestimare
313 1177 431 1255 possis,
465 1197 502 1236 eu
531 1175 584 1237 tibi
606 1176 912 1239 horrendissimorum
935 1177 1053 1257 aliquot

126 1257 536 1337 iuramentorumformulae,
560 1261 738 1335 apameiae,
761 1261 844 1338 quod
868 1260 1050 1323 scholastici

127 1340 265 1400 omnium
290 1340 384 1401 ferme
404 1341 611 1420 publicarum,
645 1341 708 1415 vel,
741 1348 773 1401 ut
805 1345 915 1404 rectius
938 1342 1048 1422 dicam,

126 1423 345 1503 papisticarum
370 1425 561 1503 scholarum,
596 1425 646 1502 qui
670 1425 814 1485 Doctoris
848 1426 967 1486 titulum
990 1444 1051 1487 am-

126 1504 225 1581 biunt,
247 1507 346 1568 iurare
369 1513 529 1588 coguntur,
552 1513 716 1586 antequam
737 1509 780 1567 eis
792 1507 926 1569 Licentia
943 1507 1050 1588 (quam

126 1590 258 1665 vocant)
282 1589 320 1650 ad
343 1591 524 1670 accipienda
535 1591 721 1650 Doctoratus
739 1592 871 1670 insignia
888 1591 1052 1665 confertur,

126 1671 255 1732 alteram
279 1674 359 1746 eius,
390 1673 474 1755 quod
497 1693 604 1735 ornnes
627 1674 789 1733 autoritate
811 1674 914 1753 papali
936 1672 1050 1754 publici

125 1751 246 1815 Notarii
260 1762 433 1836 praestant,
457 1758 576 1817 tertiam
601 1757 665 1816 eius
679 1757 849 1830 iuramenti,
873 1755 956 1835 quod
989 1756 1051 1836 epi·

80 1846 85 1852 '
124 1838 324 1916 scopi-electi
348 1858 455 1900 omnes
479 1858 540 1909 ncn
570 1838 663 1898 modo
686 1840 799 1915 iurare,
832 1840 1049 1899 verumetiam

124 1921 155 1979 in
178 1920 283 1981 literas
305 1922 418 1982 referre
451 1942 488 1983 ac
510 1922 640 1983 Romam
663 1923 783 1983 mittere
805 1927 972 2002 coguntur,
996 1939 1050 1980 an·

124 2009 249 2080 tequam
272 2012 508 2083 consecrentur,
540 2005 634 2084 idque
661 2004 789 2066 subinde
810 2023 867 2085 pro
890 2002 1050 2065 Pontificio

123 2084 251 2146 libidine
273 2106 310 2147 ac
332 2089 494 2169 tyrannide
516 2093 663 2149 mutatum
688 2094 717 2148 et
739 2093 951 2168 aggravatum.
977 2084 1050 2166 Qui·

123 2168 182 2229 bus
203 2170 347 2247 perlectis
369 2191 406 2233 ac
428 2171 591 2250 diligenter
612 2172 748 2231 excussis
776 2170 868 2230 facile
888 2169 1050 2246 iudicabis,

124 2253 353 2334 curqDoctores,
376 2256 515 2338 quamvis
536 2254 749 2333 indoctissimi,
779 2259 810 2314 et
831 2251 965 2329 Notarii,
989 2252 1051 2312 eti-

123 2336 202 2397 amsi
237 2336 311 2398 nihil
343 2337 427 2398 aliud
460 2339 535 2416 sint,
569 2356 660 2414 quam
695 2337 812 2416 stipites
845 2341 875 2395 et
896 2336 962 2416 puri
985 2335 1049 2415 puti

124 2417 214 2496 asini,
234 2419 307 2479 item
330 2421 478 2500 episcopi,
501 2420 574 2480 licet
595 2419 745 2479 ecclesiae
768 2438 867 2496 neque
900 2419 962 2479 vita
998 2436 1050 2478 ne·

124 2519 186 2581 que
208 2500 347 2563 doctrina
368 2503 474 2582 utiles,
504 2503 534 2562 in
557 2520 652 2581 reguo
676 2507 778 2561 tamen
802 2501 904 2580 Papae
925 2500 1049 2578 reliquis

125 2582 262 2663 eruditis,
285 2584 392 2663 bonis,
414 2586 568 2664 honestis,
592 2583 734 2663 gravibus
758 2591 787 2644 et
808 2585 866 2662 piis
889 2584 960 2643 viris
983 2600 1049 2642 om·

123 2666 214 2727 uibus
236 2673 322 2729 tanto
351 2669 513 2729 intervallo
551 2668 698 2727 hactenus
732 2667 882 2748 praeponi
910 2672 940 2726 et
962 2665 1049 2743 quasi

123 2750 250 2811 numina
285 2750 435 2830 quaedam
468 2750 528 2812 coli
568 2750 698 2813 soleant.
752 2749 932 2810 Didiceruut
968 2749 1049 2808 enirn

122 2832 320 2894 uuiushorae
342 2841 500 2894 momento
524 2839 619 2894 artem
641 2834 716 2913 ipsis
735 2832 1049 2912 quaestuosissimam,

124 2914 235 2975 Curiae
257 2916 415 2977 Romanae
438 2918 694 2997 acceptissimam,
717 2915 771 2976 sed
793 2916 932 2995 miserae,
957 2911 1049 2975 afflic-

91 3042 97 3055 -.
122 3003 183 3075 tae,
208 3003 239 3058 et
260 3016 429 3079 oppressae
451 3000 602 3060 ecclesiae
623 3000 912 3079 perniciosissimam
935 2996 1047 3056 acuni-

122 3099 232 3141 vcrsae
256 3081 455 3163 Reipublicae
489 3083 666 3161 exitiosam,
696 3083 824 3162 Papae
845 3078 962 3141 scilicet
984 3098 1048 3140 ser·

122 3164 198 3239 rire,
222 3161 350 3237 adulari,
372 3164 493 3225 divinos
514 3165 650 3225 honores
673 3165 814 3240 tribuere,
838 3165 885 3224 ius
908 3169 938 3223 et
960 3161 1048 3222 tasin

122 3247 253 3326 gratiam
292 3248 387 3326 ipsius
420 3255 611 3328 pervertere,
650 3267 687 3308 ac
719 3249 823 3308 omnia
845 3247 980 3307 omniurn
1003 3261 1049 3304 se·

122 3334 217 3405 creta,
240 3346 308 3390 oum
330 3331 374 3390 illi
397 3330 593 3391 commodum
617 3336 678 3410 est,
708 3328 884 3411 prodere.
928 3328 973 3388 De
996 3326 1049 3387 bo·

121 3413 170 3471 nis
193 3416 224 3471 et
243 3412 370 3491 integris
391 3415 474 3494 viris,
498 3415 549 3493 qui
571 3416 600 3475 in
622 3414 683 3474 hoo
698 3413 855 3474 homiuum
877 3428 991 3492 genere
1003 3427 1047 3469 re·

121 3494 197 3575 liqui
220 3500 299 3572 sunt,
322 3514 384 3556 non
406 3497 526 3574 loquor.

130 3657 538 3669 m

198 3743 229 3814 l)
250 3743 282 3797 lu
300 3743 344 3799 ed.
363 3743 446 3815 orig:
465 3744 613 3817 intelliges.
