2348 4162
303 239 394 297 arnico
412 239 521 295 cuidam
540 239 737 310 praescriptae.
922 237 987 304 397
1074 310 1079 319 ,

64 408 191 485 terium,
223 416 341 471 utnon
364 412 661 487 contaminarentur,
690 409 744 470 sed
767 416 800 471 ut
821 410 983 472 manduca

64 499 131 552 rent
153 493 280 555 Pascha.
324 493 429 554 Exivit
451 512 524 574 ergo
548 491 663 553 Pilatus
684 491 724 552 ad
756 511 810 554 eos
843 494 924 555 foras
955 501 998 559 ιι.

64 574 155 639 dixit:
178 573 277 651 Quam
291 578 519 638 accusationem
535 576 649 637 affertis
662 574 810 638 adversus
827 576 983 639 hominem

62 657 164 719 hunc?
198 659 435 740 Responderunt
464 667 494 721 et
522 658 664 719 dixerunt
685 661 727 718 ei:
761 658 799 721 si
817 678 878 720 non
902 667 986 722 asset

62 741 111 802 hic
132 741 327 838 malefactor,
361 762 423 804 non
452 742 506 804 tibi
528 742 756 803 tradidissemus
779 761 859 804 eum.
902 744 986 805 Dixit

63 843 137 904 ergo
162 825 205 885 sis
228 825 364 887 Pilatus:
403 825 544 906 Accipite
566 845 634 885 eum
659 844 731 905 vos,
764 832 795 885 et
816 826 984 889 secundum

62 907 165 988 legem
200 913 333 969 vestram
370 909 505 969 iudicate
540 928 619 970 eum.
664 906 817 969 Dixerunt
850 929 924 990 ergo
958 913 985 970 ei

61 987 184 1054 ludaei:
217 991 314 1052 Nobis
338 1010 399 1052 non
431 993 502 1053 licet
528 990 699 1052 interficere
729 1010 921 1072 quenquam3
953 1000 986 1054 ιι

62 1092 165 1134 sermo
187 1070 258 1135 Iesu
280 1075 471 1155 impleretur,
499 1094 589 1155 quem
613 1073 689 1135 dixit
710 1074 903 1155 significans,
925 1095 985 1156 qua

65 1166 164 1218 morte
186 1161 268 1219 esset
290 1160 464 1221 moriturus.

143 1239 284 1301 Introivit
306 1260 381 1321 ergo
403 1243 511 1303 iterum
534 1243 563 1302 in
608 1242 773 1301 raetorium
797 1241 930 1321 Pilatus,
954 1250 985 1302 et

63 1325 187 1384 vocavit
209 1323 318 1399 lesum,
343 1331 374 1386 ιι
396 1325 473 1385 dixit
494 1326 538 1385 ei:
571 1261 617 1383 'lpu
599 1343 673 1384 ιιι
703 1343 759 1384 rex
781 1324 984 1386 ludaeorum?

61 1406 233 1486 Respondit
255 1407 398 1485 lesus1)
422 1408 449 1467 A
473 1409 592 1467 temet
584 1426 652 1487 ipso
674 1408 734 1468 hoc
756 1406 847 1484 dicis,
871 1427 909 1467 an
933 1408 983 1469 alii

62 1488 114 1549 tibi
145 1487 288 1551 dixerunt
316 1490 354 1551 de
377 1491 447 1551 me?
480 1489 651 1570 Respondit
673 1491 803 1550 Pilatus:
839 1455 1015 1570 llunquid¹

61 1590 120 1653 ego
143 1569 276 1633 Iudaeus
298 1572 387 1633 sum?
410 1572 493 1633 Gens
513 1579 564 1634 tua
578 1580 608 1633 et
619 1572 784 1634 Pontifices
796 1574 985 1634 tradiderunt

62 1663 91 1716 te
112 1655 201 1734 mihi,
235 1655 307 1735 quid
329 1656 451 1716 fecisti?
494 1655 664 1752 Respondit
694 1655 800 1719 Iesus:
844 1657 982 1736 Regnum

62 1757 162 1799 mcum
175 1757 236 1800 non
250 1746 297 1799 est
309 1739 347 1799 de
364 1738 425 1800 hoc
437 1739 562 1819 mundo,
584 1741 610 1798 si
627 1759 666 1799 ex
683 1741 744 1800 hoo
767 1741 881 1799 mundo
904 1750 985 1801 esset

61 1840 188 1902 regnum
205 1840 316 1901 meum,
330 1823 457 1884 ministri
471 1823 529 1881 mei
542 1825 645 1901 utique
659 1823 860 1899 decertarent,
877 1830 983 1884 utnon

61 1904 196 1966 traderer
208 1904 342 1986 ludaeis
364 1924 446 1966 nunc
462 1912 563 1966 autem
585 1925 712 1986 regnum
733 1925 832 1966 meum
856 1925 917 1967 non
939 1915 987 1967 ιιι

62 1987 143 2054 hino.
187 1988 272 2048 Dixit
300 1990 404 2067 itaque
426 1988 556 2049 Pilatzus
593 1989 675 2071 Rrgo
698 2009 752 2050 rex
782 2008 814 2049 es
836 1990 892 2049 tu?
926 1991 985 2051 Re-

62 2070 188 2152 spondit
207 2069 311 2132 Ιιιιιι
348 2072 394 2131 Τι
418 2072 512 2148 dicis,
540 2074 611 2151 quia
633 2094 688 2134 rex
711 2093 776 2133 sum
801 2091 870 2152 ego
915 2073 982 2153 ugo

61 2158 91 2216 in
113 2155 175 2216 hoc
196 2165 285 2215 natus
308 2175 375 2215 sum
411 2164 440 2216 et
473 2154 510 2215 ad
534 2155 594 2218 hoc
615 2159 684 2217 veui
707 2158 737 2216 in
761 2156 921 2253 mundum,
950 2164 983 2217 ut

61 2240 269 2299 testimonium
291 2237 469 2318 perhibeam
494 2240 634 2317 veritati,
667 2242 776 2314 omnis,
799 2242 851 2318 qui
874 2249 921 2300 est
943 2260 981 2300 ex

61 2322 198 2402 veritate,
221 2321 306 2381 audit
327 2340 436 2382 vocem
459 2341 568 2383 meum.
592 2322 677 2383 Dixit
699 2325 726 2383 ei
745 2321 877 2384 Pilatus:
901 2321 981 2398 Quid

60 2411 107 2465 est
128 2405 263 2466 veritas?
284 2410 342 2467 etc.

144 2491 182 2568 1)
206 2489 339 2550 Historia
356 2486 487 2569 legenda
508 2492 573 2547 tota
593 2505 649 2566 pro
673 2487 797 2567 populo,
820 2496 852 2547 ut
869 2508 982 2548 memo-

60 2574 105 2633 ria
126 2577 275 2637 teneatur.

535 2671 676 2733 coenam,

536 2737 665 2815 hortum,

164 2822 201 2900 2)
227 2818 453 2900 Distinguenda
475 2821 506 2879 in
536 2819 694 2900 Caipham,

231 2923 286 2964 sex
309 2908 412 2984 partes
535 2904 676 2982 Pilatum,

442 2986 445 2993 '
537 3005 669 3066 crucem,

536 3069 718 3151 sepulcrum.

142 3155 181 3230 3)
195 3151 383 3213 decedendo
406 3151 445 3212 ad
468 3157 596 3233 primam
620 3174 675 3233 par
677 3161 748 3249 tem,
772 3152 889 3214 scilicet
911 3172 981 3214 coe

59 3255 141 3316 nam,
163 3242 327 3316 antequam
351 3235 458 3296 ordine
480 3243 656 3315 tractentur,
679 3239 762 3317 prius
780 3236 979 3318 praefandum

58 3328 120 3400 est,
153 3320 286 3394 scilicet,
318 3319 401 3398 quod
433 3322 538 3400 passio
561 3319 670 3382 Christi
705 3323 744 3380 sit
765 3319 981 3397 distinguenda

57 3403 97 3463 ab
120 3402 250 3464 aliorum
273 3398 456 3464 Sanctorum
480 3404 685 3484 passionibus,
718 3411 748 3464 ct
772 3403 832 3465 hoc
854 3404 980 3483 diligen-

57 3495 104 3545 ιιι
126 3485 371 3547 inculcandum
363 3504 394 3545 ιι
417 3486 512 3546 corda
533 3485 624 3566 vulgi.

142 3569 294 3650 Primum,
317 3568 400 3648 quod
422 3568 550 3630 historia
571 3569 692 3650 quidem
716 3577 763 3630 ιιι
789 3569 982 3631 tenendat
951 3575 982 3629 et

131 3710 162 3781 1)
184 3709 215 3763 In
245 3708 287 3764 ed
316 3709 384 3779 orig.
416 3725 472 3764 non
490 3708 665 3767 inveniuntur
682 3708 781 3766 verba:
814 3709 857 3765 Tu
882 3725 912 3765 es
931 3726 980 3765 rex

57 3781 243 3839 ludaeorum?
261 3780 418 3851 Respondit
437 3783 522 3838 lesus.
