2348 4162
272 316 278 327 ,
389 236 478 291 virum
496 234 627 292 corleum
646 235 682 295 u.
700 237 731 294 L.
969 236 1012 306 bb

86 402 247 484 ampieoti,
281 403 365 485 quod
387 405 446 468 soli
468 406 555 486 Deo,
589 408 663 470 nulli
689 409 806 472 bomini
835 411 1012 494 eonveniat,

86 488 293 549 eonscientiae
316 509 424 571 regere
439 488 467 574 ¹)
492 498 523 552 et
545 490 667 554 dooere.

168 571 240 635 Non
262 577 365 635 tamen
388 593 535 655 negamus
549 576 695 658 parvulos
717 595 786 638 esse
800 576 1011 658 baptisandos,

85 673 144 716 neo
165 656 332 717 asserimus
363 676 418 719 eos
451 657 810 741 baptismum'aeeipere
843 662 911 722 sine
939 660 1012 738 fide,

85 737 140 801 sed
173 736 317 814 dioimus,
355 740 395 801 ad
417 741 601 821 baptismum
635 762 690 804 eos
721 743 844 804 eredere
871 744 1011 824 pervim

85 819 181 898 verbi,
203 839 265 901 quo
288 825 510 904 exoroisantur,
534 833 565 886 et
593 845 647 907 per
667 825 759 887 fidem
782 827 934 888 ecelesiae
956 846 1010 889 eos

84 903 247 970 offerentis
273 912 305 968 et
330 908 375 968 eis
395 906 486 969 fidem
510 910 698 970 orationibus
725 911 788 970 suis
809 911 1011 989 impetrantis.

83 992 211 1071 Alioqui
244 997 347 1052 mera'
371 996 402 1052 et
421 1014 426 1023 ·
443 992 650 1054 intolerabilia
693 1000 796 1055 essent
834 990 1006 1073 mendacia,

83 1073 210 1156 quando
232 1074 390 1155 baptisans
412 1093 431 1133 a
453 1075 581 1155 parvulo
605 1077 732 1157 quaerit,
754 1096 793 1136 an
812 1076 925 1155 eredat,
947 1096 1010 1140 non

83 1159 304 1239 baptisaturus,
326 1158 384 1218 nisi
407 1157 474 1218 vioe
495 1159 560 1219 eius
582 1158 814 1240 respondeatur,
836 1160 947 1223 Credo.
971 1160 1012 1223 Ut

83 1240 157 1324 quid
179 1242 366 1322 interrogat,
399 1260 437 1302 an
461 1240 581 1318 eredat,
615 1245 641 1303 si
664 1251 779 1304 eertum
802 1250 849 1304 est
871 1262 926 1305 eos
947 1263 1010 1305 non

84 1324 236 1388 eredere?
272 1331 312 1385 ut.
328 1323 459 1385 Ooeleus
488 1324 653 1386 contendit.
696 1327 790 1407 Esto,
820 1326 1011 1408 Augustinus

83 1410 129 1471 sio
151 1406 320 1487 aliqnando
357 1405 453 1484 dieat,
488 1405 546 1471 sed
569 1408 683 1470 Gooleo
712 1412 786 1472 satis
815 1411 854 1471 sit
875 1429 944 1472 esse
966 1411 1011 1471 sio

82 1491 122 1555 ab
144 1491 272 1553 bomine
295 1491 420 1565 dietum,
442 1510 499 1551 nos
522 1492 664 1553 volumus
686 1493 747 1554 hoo
763 1493 877 1554 dietum
895 1493 1010 1556 divinis

82 1575 271 1639 testimoniis
305 1573 478 1654 probatum,
535 1574 615 1652 Quin
648 1578 829 1654 asserimus,
865 1577 1010 1656 parvulos

82 1676 211 1741 prorsus
234 1676 296 1719 non
319 1676 388 1719 esse
409 1657 626 1738 baptisandos,
654 1661 679 1719 si
704 1678 809 1720 verum
832 1665 880 1720 est
901 1679 955 1721 eos
978 1661 1008 1720 in

83 1742 239 1822 baptismo
262 1756 324 1803 non
348 1739 489 1819 eredere,
525 1761 565 1802 ne
592 1740 737 1803 illudatur
764 1743 931 1803 maiestatis
954 1739 1010 1806 Sa-

83 1829 277 1887 cramentum
313 1829 345 1883 st
365 1823 499 1885 verbnm.
544 1825 698 1887 Debemus
733 1833 835 1887 autem
868 1832 897 1886 et
930 1826 1011 1887 huno

84 1913 222 1990 negatae
243 1907 274 1967 in
297 1907 432 1987 parvulis
454 1906 526 1968 fidei
549 1927 683 1969 errorem
696 1909 858 1990 Sophistis,
881 1910 932 1989 qui
953 1909 1011 1970 ho·

84 1993 202 2053 minum
228 1988 324 2070 diota,
358 1992 436 2050 sieut
457 1991 603 2052 animalia
624 1991 792 2069 immunda,
815 1999 925 2053 vorant
945 1993 1012 2053 sine

85 2074 202 2136 iudieio
226 2079 257 2134 et
278 2073 367 2134 simui
390 2075 543 2135 contraria
565 2073 692 2153 doeent,
715 2076 786 2137 dum
803 2072 923 2155 'negant
946 2094 1012 2156 par·
1095 2082 1096 2086 ’
1156 2066 1159 2073 ’

85 2159 160 2221 valo
184 2175 255 2218 esse
276 2155 369 2217 fidem
392 2162 424 2217 st
445 2163 564 2237 tamen,
587 2164 620 2218 ut
641 2158 786 2240 baptisari
817 2158 932 2241 possit,
961 2178 1011 2219 sx-

84 2242 175 2323 igunt
194 2239 236 2302 ab
258 2257 296 2300 eo
319 2238 421 2303 fldem.

169 2321 307 2385 Gratiam
345 2340 418 2384 vero
440 2321 604 2384 iustificare
633 2324 678 2384 sie
711 2320 815 2384 debuit
841 2323 1013 2404 intelligere

84 2404 230 2486 Goelsus,
254 2411 287 2466 ut
307 2403 400 2466 fldem
422 2407 513 2466 soirst
536 2424 606 2468 esse
627 2407 725 2486 ipsam
749 2407 879 2487 gratiam
903 2413 933 2467 et
949 2426 1011 2469 non

85 2490 261 2552 obtineam
284 2489 575 2568 quandamiormam
599 2488 779 2551 ultrafidem
803 2497 833 2550 et
855 2491 1011 2550 entitatem

85 2572 219 2655 fingere,
251 2590 305 2633 seu
333 2590 373 2633 ex
405 2571 484 2634 fletis
507 2572 753 2653 fingentibusque
772 2573 840 2632 suis
857 2573 1012 2652 Magistris

86 2655 241 2739 Sophistis
262 2674 418 2731 asserere,
456 2657 501 2715 sio
524 2674 585 2716 non
609 2655 716 2715 fuisset
737 2655 765 2715 ei
787 2673 865 2734 opus
888 2661 949 2715 tam
970 2655 1013 2715 in·

86 2744 160 2821 epte
180 2739 334 2819 argutari:
377 2736 485 2799 Gratia
507 2738 662 2816 iustificat,
684 2757 758 2818 ergo
781 2757 843 2798 non
856 2737 924 2801 sola
936 2736 1013 2799 fides

85 2820 242 2901 iustitieat,
265 2820 374 2881 saltem
396 2826 429 2880 ut
450 2822 507 2901 ipsi
531 2821 568 2882 de
590 2822 689 2902 gratia
707 2821 882 2900 loquuntur.
926 2821 1013 2882 Gete-

86 2925 153 2965 mm
181 2904 280 2984 gratia
302 2902 480 2984 Soripturae
508 2923 564 2965 usu
596 2905 732 2965 favorem
759 2905 815 2964 Dei
851 2902 1014 2984 signifieat,

87 3006 149 3069 qno
172 2985 261 3048 nobis
290 2987 357 3079 ipse
379 2986 458 3047 bene
481 2987 561 3064 vult,
591 2995 628 3048 st
642 2988 693 3047 hio
715 3006 772 3047 nos
794 2985 953 3064 iustificat,
983 2985 1013 3047 id

87 3077 149 3150 est,
184 3069 317 3150 gratuito
353 3068 448 3129 donat
475 3069 585 3150 fidem,
615 3089 676 3150 qua
705 3070 773 3130 sola
805 3069 1013 3132 iustifieamnr.

86 3151 154 3216 Iam
175 3154 207 3213 in
237 3159 303 3213 tota
323 3150 480 3232 Soriptura
508 3173 569 3213 non
597 3153 708 3234 iegitur
731 3154 849 3214 caritati
871 3153 1013 3214 tributam
1102 3174 1106 3181 ·

86 3235 351 3311 iustideationem,
383 3254 453 3295 oum
486 3237 588 3317 potius
621 3238 660 3297 sit
681 3236 794 3297 fruetus
817 3235 889 3296 fidei
911 3234 1013 3296 iustifi-

87 3320 196 3394 oantis,
219 3317 287 3378 Gal.
311 3321 345 3384 b:
367 3319 495 3379 Fruatus
517 3321 639 3399 spiritus
662 3327 710 3380 est
731 3320 841 3380 naritus
864 3325 924 3384 eto.
1039 3382 1042 3385 ,

169 3401 264 3462 Error
285 3407 387 3463 antem
411 3402 639 3483 vulgatissimus
662 3402 733 3463 inde
756 3402 910 3476 manavit,
932 3400 1014 3481 quod

87 3486 213 3548 verbum
238 3484 319 3544 Petri
341 3503 381 3545 ex
401 3485 571 3566 proverbiis
584 3486 759 3547 Salomonis
781 3491 935 3564 sumptum
949 3504 1015 3565 per·

89 3587 193 3649 peram
215 3566 399 3648 intelligunt.
442 3568 511 3629 Non
535 3570 617 3629 enim
642 3569 680 3630 de
704 3569 836 3653 propriis
858 3568 1015 3657 cuiusque,

163 3751 195 3822 1)
216 3752 248 3811 ln
266 3749 315 3812 ed·
330 3749 416 3823 orig.:
434 3756 539 3825 tegere.
