2348 4162
193 242 256 308 386
398 243 604 300 Gonninnonise
622 242 761 314 quaedam
779 245 814 299 D.
831 243 868 300 ii.
885 244 916 300 L

277 407 316 466 [it
336 406 522 468 secedentes
544 406 684 488 discipuli
705 410 772 468 eins
794 408 947 488 rogabunt
981 425 1053 467 enm
1078 404 1121 465 di·

194 498 314 550 oentes:
354 491 481 551 Dimitte
502 509 587 570 enm,
615 493 688 570 quio
709 492 823 552 oiamot
846 500 917 571 post
938 509 1009 551 nos.
1051 488 1122 568 lpse

138 630 142 637 .
194 580 296 633 nutem
318 573 510 653 respondens
530 575 589 633 nit:
609 574 680 634 Non
702 594 770 635 sum
787 575 899 634 missus
913 576 971 634 nisi
993 572 1034 633 nd
1046 590 1121 633 oves

195 674 275 736 qnae
297 657 453 736 perierunt
474 655 585 717 domus
606 657 710 720 lsrael.

278 742 321 800 At
340 739 394 800 ilis
416 741 500 799 venit
520 748 551 800 et
566 739 708 801 adoravit
728 759 799 800 enm
831 741 956 801 disens:
978 738 1120 811 Domino,

197 821 309 882 adiuva
331 842 393 885 me.
436 821 497 898 Qui
522 822 715 903 respondens
736 825 795 884 nit:
833 822 905 886 Non
935 827 985 884 est
1005 821 1119 882 bonum

196 924 318 966 sumere
339 925 450 985 panem
472 904 603 966 filiorum
625 913 657 967 et
677 908 829 986 proiioero
850 918 923 967 onte
946 923 1054 966 osnes.
1083 905 1121 963 At

195 988 250 1049 iiio
271 989 364 1048 dixit:
395 989 508 1068 Etiam,
530 989 673 1066 Domine,
695 1008 767 1049 nsm
790 998 821 1050 et
842 990 944 1051 nteiii
967 988 1065 1048 edunt
1085 987 1121 1046 de

197 1072 300 1152 minis,
333 1090 413 1151 quoe
434 1071 549 1132 endunt
579 1071 619 1132 de
641 1091 748 1133 menso
768 1073 963 1133 dominorum
985 1088 1120 1131 suorum.

196 1154 284 1214 Tuno
315 1154 506 1235 respondens
529 1153 619 1216 Iesus
641 1158 685 1215 nit
706 1156 764 1216 iiii:
798 1155 972 1225 Omnlier,
1010 1172 1125 1233 magno

160 1260 166 1269 ·
197 1244 245 1297 est
266 1236 342 1297 fides
363 1246 431 1317 tuo,
465 1237 518 1298 fiat
539 1237 610 1319 tibi,
632 1240 711 1299 sient
734 1240 788 1319 vis,
811 1248 841 1299 et
864 1248 974 1299 sonsts
996 1244 1045 1298 est
1061 1236 1121 1296 filis

198 1321 265 1380 eius
286 1340 327 1380 ex
347 1320 402 1381 illo
420 1321 507 1382 horo.

282 1403 400 1482 Mulier,
423 1423 537 1485 mogon
558 1412 605 1464 est
626 1403 703 1464 fides
725 1414 778 1466 tus
799 1412 858 1464 eto
900 1404 1001 1465 loono
1015 1403 1121 1483 prinei·

199 1485 277 1566 palis
305 1488 336 1546 in
358 1488 420 1547 hoo
441 1486 614 1567 Evangelio
636 1494 698 1566 est,
720 1489 811 1547 etism
833 1487 1006 1568 adgentes
1029 1486 1121 1565 perti-

199 1587 273 1629 nere
300 1571 430 1648 gratiam
452 1569 508 1629 Dei
544 1572 575 1629 in
598 1571 720 1647 Christo
749 1572 883 1633 missam.
928 1571 1001 1630 ideo
1026 1569 1121 1628 Evan-

200 1651 331 1733 geiistne
351 1653 521 1733 insigniunt
541 1653 623 1713 hono
645 1653 813 1734 mulierem,
838 1652 920 1732 qnod
938 1653 1030 1714 inerit
1050 1670 1120 1731 gon·

199 1735 272 1816 tilis,
294 1735 543 1816 Syrophoenissn
570 1746 601 1796 et
636 1737 675 1797 ds
696 1735 809 1797 finibus
830 1737 904 1817 Tyri
937 1745 969 1797 et
989 1735 1121 1813 Sidonis,

199 1837 262 1878 non
285 1817 462 1879 desemine
485 1818 652 1897 Abrohom,
673 1838 774 1899 neque
796 1839 837 1880 ex
859 1820 940 1900 iege,
962 1837 1064 1899 neque
1085 1836 1121 1877 ox

199 1902 325 1962 meritis.
366 1899 451 1964 Nihil
489 1903 571 1962 enim
598 1902 638 1963 nd
666 1921 734 1962 eom
764 1902 937 1983 pertinebat
959 1901 1120 1982 promissio

199 1984 238 2044 de
260 1982 391 2065 Christo,
414 1992 447 2044 nt
467 1987 534 2065 ipss
557 1986 641 2047 sisto
651 1984 726 2046 dicit
745 1988 777 2046 in
789 1990 887 2065 textu,
908 1986 1020 2066 primo²
1042 1982 1120 2064 qnod

199 2086 263 2127 non
285 2067 371 2128 sudit
391 2086 450 2128 neo
472 2076 559 2129 ourot
580 2088 659 2143 osm,
681 2067 829 2148 seonndo,
849 2068 934 2148 qnod
949 2069 1069 2143 asserit,
1090 2084 1122 2125 ss

201 2151 327 2209 missum
349 2149 388 2210 od
410 2153 546 2230 perditos
569 2171 645 2213 oves
657 2151 753 2214 Israel
767 2160 895 2230 tantum,
918 2153 1021 2230 tertio,
1043 2148 1121 2230 qnod

201 2233 338 2313 sppeliot
359 2252 427 2294 enm
449 2253 558 2295 nonem
581 2244 612 2296 et
632 2243 849 2316 negstpanem
862 2235 1006 2298 filiorum.
1048 2234 1120 2313 Spe·

200 2315 329 2376 randum
352 2319 444 2397 igitur
464 2324 496 2379 et
516 2320 658 2398 gentibus
679 2319 833 2398 signifieat
853 2319 914 2379 hoo
937 2317 1120 2398 exemplum,

201 2398 322 2460 etiamsi
345 2419 407 2461 non
433 2402 493 2460 sint
511 2403 721 2484 oiroumoisne,
742 2410 795 2462 sut
818 2402 888 2482 lege
911 2410 944 2462 et
964 2400 1119 2482 promissis

202 2483 259 2544 Dei
282 2491 418 2562 ornatos,
440 2492 542 2544 tsmen
566 2486 692 2546 veniunt
712 2487 742 2545 in
766 2486 1018 2547 communionem
1043 2483 1120 2544 cmi-

202 2568 242 2626 sti
264 2574 295 2626 et
316 2568 495 2628 sooietstem
517 2570 614 2647 regni.

285 2649 342 2710 Est
363 2657 466 2710 sutem
487 2650 566 2711 hseo
592 2650 669 2711 fides
691 2651 825 2711 mulieris
849 2670 963 2730 magns
985 2656 1017 2710 et
1040 2650 1121 2708 mirs-

203 2731 283 2806 bilis,
306 2732 399 2812 quod,
421 2752 491 2793 oum
512 2736 553 2794 sit
573 2734 707 2815 gentilis,
730 2753 793 2794 non
815 2735 917 2794 solum
939 2733 1049 2809 eredit,
1070 2728 1120 2791 sod

203 2822 249 2875 tot
268 2816 448 2897 impugnata
472 2817 692 2877 tentationibus
728 2826 831 2878 tamen
854 2818 949 2877 vineit
970 2823 1003 2876 et
1024 2817 1121 2875 trium·

203 2898 286 2977 phot.
329 2898 407 2959 Nam
445 2902 518 2959 satis
554 2908 619 2960 erat
641 2920 802 2982 magnum,
836 2899 918 2979 quod
942 2899 1121 2959 clamantem

203 2999 266 3040 non
288 2980 418 3057 audivit,
451 2982 506 3043 sod
538 2986 733 3063 contempsit.
775 2985 833 3044 Hic
863 2990 989 3044 ruerent
1017 2980 1123 3043 nostris

204 3065 392 3143 temporibus
429 3066 546 3126 infinita
559 3065 589 3148 ¹)
621 3068 777 3127 hominum
817 3066 912 3128 oordo
946 3065 1122 3127 dicentium:

206 3145 285 3221 Quid
308 3147 465 3209 clamem?
492 3150 584 3211 video
619 3169 668 3210 ms
691 3168 752 3211 non
774 3170 843 3212 esse
866 3151 1038 3232 ingratis,
1071 3164 1123 3208 nso

205 3229 345 3310 dignatur
367 3252 416 3292 me
438 3252 493 3293 sus
514 3235 622 3314 gratis.
671 3233 741 3314 Ego
762 3253 828 3295 sum
851 3233 999 3314 perditus,
1023 3235 1122 3313 despe-

205 3314 333 3374 randum
356 3322 412 3393 est,
435 3317 518 3377 Deus
541 3317 605 3378 odit
627 3337 686 3395 me,
707 3337 765 3378 nso
787 3318 852 3378 vuit
874 3336 924 3379 ms
938 3318 1121 3378 solvumetn

205 3395 296 3458 Tales
319 3400 523 3478 oogitstionss
546 3403 637 3462 etism
667 3403 725 3461 ista
752 3402 860 3465 mulier
880 3403 1037 3482 potuisset
1056 3400 1123 3482 poti,

206 3486 238 3538 st
258 3480 336 3542 forte
356 3492 508 3562 passsost
531 3484 699 3546 secundnm
712 3504 836 3546 sensum
851 3488 962 3565 earnis,
983 3486 1040 3547 ssd
1053 3487 1122 3565 ipss,

284 3750 311 3815 1)
326 3728 363 3801 ¹In
381 3750 425 3803 ed.
445 3753 513 3806 len:
531 3754 682 3808 innumera.
