2348 4162
368 258 459 315 arnico
479 259 589 315 orridarn
607 256 804 331 praescriptae.
980 254 1043 322 409

121 431 260 507 rexisse,
288 450 350 493 non
380 431 583 497 crediderant.
625 432 666 494 Et
686 432 763 494 dixit
783 434 842 494 eis:
875 434 991 496 Eunias
1012 435 1045 496 in

123 514 271 578 mundum
305 516 480 578 universum
524 516 702 596 praedicate
723 517 926 596 Evangelium
962 518 1045 580 omni

123 605 293 681 creaturae,
316 600 367 679 qui
389 598 552 662 crediderit
572 606 603 661 et
623 600 794 681 baptizatus
815 600 920 679 fuerit,
942 603 1045 664 salvus

123 684 192 762 erit,
215 683 265 762 qui
288 702 447 745 veronen
471 683 643 762 crediderit,
666 684 928 749 condemnabitur.

208 766 305 846 Signa
326 773 427 828 antem
451 786 516 844 eos,
539 769 589 847 qui
604 767 797 846 crediderint,
819 766 897 829 haec
918 788 1045 849 sequen·

122 859 186 913 tur:
216 848 252 910 ln
276 851 401 913 nomine
424 870 494 912 meo
517 850 683 913 daemonia
704 852 840 924 eiicient,
868 854 979 933 linguis
1002 851 1046 911 lo-

123 939 256 1015 quentur
276 935 381 1014 nevis,
413 941 571 1016 serpentes
600 935 724 1014 tollent,
758 937 790 996 et
810 934 836 995 si
858 938 1045 997 mortiferum
1151 980 1153 985 .

122 1017 197 1098 quid
219 1016 360 1097 biberint,
383 1036 445 1078 non
469 1019 512 1079 eis
535 1019 669 1096 nocebit,
691 1037 784 1098 super
804 1037 916 1100 aegros
939 1039 1046 1081 manus

120 1102 284 1183 imponent
305 1106 336 1162 et
355 1100 435 1162 bene
455 1100 620 1166 habebunt.

211 1185 250 1245 st
271 1184 422 1246 Dominus
452 1185 575 1264 quidem
607 1185 705 1263 Iesus,
727 1191 890 1265 postquam
927 1187 1047 1246 locutus

123 1276 172 1330 est
193 1269 247 1345 eis,
271 1274 446 1349 assumptus
469 1270 566 1329 estin
590 1270 710 1331 coelum
732 1275 763 1329 et
784 1269 911 1332 sedata
932 1269 1047 1329 dextris
1117 1286 1120 1291 ·

122 1352 193 1413 Dei.
235 1351 282 1413 Illi
305 1358 407 1414 autem
430 1352 559 1434 proiecti
580 1353 836 1433 praedicaverunt
856 1352 969 1433 ubique
987 1352 1047 1413 Do·

122 1436 210 1496 mino
234 1443 421 1515 cooperante
434 1442 647 1497 etssrmonem
671 1433 872 1498 conflrmante
892 1436 1047 1516 sequenti·

122 1518 182 1583 bus
205 1517 311 1598 siguis.

207 1600 327 1679 Primo,
359 1602 488 1664 historia
520 1622 559 1664 ex
580 1602 682 1663 Lucae
704 1601 830 1680 ultimo,
864 1602 931 1663 Act.
962 1605 982 1664 1·
1017 1607 1049 1662 et

122 1684 222 1746 Marci
254 1685 362 1747 ultimo
396 1687 553 1764 recitetur,
587 1692 619 1746 et
646 1685 724 1746 haec
755 1684 883 1746 historia
916 1683 1046 1764 simplici

123 1787 217 1829 sensu
240 1763 427 1847 declaretur,
460 1769 617 1849 quomodo
641 1768 758 1829 seilicet
779 1768 980 1849 corporaliter
1002 1787 1047 1828 as-

123 1857 264 1931 sumptus
287 1858 350 1929 est,
386 1871 516 1933 corpore
537 1852 712 1931 levissimo,
742 1852 897 1931 agillime,
937 1857 968 1912 et
990 1870 1047 1931 pro

124 1932 214 1997 libito
237 1953 387 2014 apparere
407 1941 545 2015 potente.
589 1935 659 2010 Quo
682 1934 825 2015 exemplo
847 1935 937 1997 nobis
957 1934 1049 2013 signi·
1099 1972 1101 1979 ·

123 2016 213 2094 licat,
243 2018 347 2098 qualia
371 2024 402 2079 st
423 2026 529 2081 nostra
549 2021 651 2080 lutura
673 2019 734 2079 sint
756 2037 903 2099 corpora,
931 2019 1048 2079 seilicet

123 2100 298 2179 levissima,
321 2101 475 2182 agillima,
496 2103 635 2184 potentia
659 2102 823 2183 abscondi,
845 2102 932 2179 ferri,
954 2098 1047 2182 appa·

122 2203 206 2260 rere,
222 2182 273 2244 ubi
296 2189 327 2245 et
349 2185 506 2264 quomodo
527 2186 610 2251 libet.
685 2212 688 2217 ·

207 2265 281 2328 Post
303 2267 473 2347 historiam,
495 2288 574 2349 quae
597 2270 681 2331 velut
701 2271 806 2350 imago
830 2268 969 2345 elfigura
992 2273 1047 2344 esi,

122 2348 285 2411 inducatur
305 2351 374 2431 ipsa
395 2368 455 2431 res,
477 2372 531 2413 seu
553 2371 627 2414 vera
649 2354 808 2433 ascensio,
829 2351 859 2412 id
881 2356 938 2428 est,
961 2351 1047 2430 spiri·

123 2432 208 2495 tuale
230 2453 357 2516 reguum
380 2435 501 2496 Christi.
543 2435 622 2495 Nam
645 2435 726 2514 quod
751 2455 770 2496 a
792 2441 872 2496 terra
885 2435 1048 2495 assumitur

122 2517 155 2577 in
179 2516 302 2578 coelum
325 2523 356 2578 et
382 2518 472 2585 nube¹
486 2517 621 2595 vehitur,
650 2517 802 2598 significat
831 2536 959 2598 regnum
982 2517 1047 2577 eius

124 2619 218 2681 supra
239 2600 346 2680 nubes,
369 2600 398 2661 id
421 2608 477 2681 est,
502 2600 649 2679 coeleste,
671 2601 845 2681 spirituale,
879 2606 1047 2679 aeternum,

124 2682 279 2744 invisibile
301 2703 380 2759 esse,
403 2684 502 2747 donec
523 2683 684 2746 reveletur.

207 2765 246 2826 lit
267 2767 318 2827 bic
338 2765 508 2831 adducatur
529 2786 589 2828 una
611 2767 660 2827 vel
682 2766 784 2847 plures
797 2765 972 2846 Scripturas
994 2783 1046 2824 au-

124 2849 265 2911 toritates
288 2849 326 2910 ad
350 2850 431 2912 hanc
452 2871 528 2927 rem,
550 2850 601 2912 vel
621 2849 675 2910 illa
697 2870 737 2910 ex
759 2850 840 2913 Psal.
864 2851 941 2914 110:
967 2844 1047 2908 Sede

124 2931 283 2993 adextris
312 2934 405 3011 meis,
439 2953 531 3014 qnam
557 2933 678 2994 Marcus
704 2934 803 3012 tangit
838 2933 868 2992 in
897 2928 1047 2992 hodierno

122 3015 315 3095 Evangeli03
337 3016 386 3076 vel
408 3016 603 3080 illaexPsal.
618 3018 672 3082 68:
698 3014 872 3077 Ascendisti
894 3016 924 3074 in
942 3013 1047 3092 altum,

123 3098 278 3180 captivam
302 3098 415 3160 duxisti
438 3100 647 3182 captivitatem
671 3105 740 3179 etc,
762 3118 853 3178 quam
876 3096 988 3159 Paulus
1006 3095 1047 3156 al-

123 3182 208 3260 legat
229 3182 259 3242 in
281 3181 432 3245 hodierna
451 3183 603 3264 Epistola,
625 3183 674 3244 vel
695 3182 748 3243 illa
770 3200 809 3242 ex
825 3181 905 3244 Psal.
929 3182 962 3245 8:
987 3178 1047 3239 Do·
1157 3222 1160 3227 -

123 3265 239 3325 minum
262 3266 537 3343 eonstituistieum,
559 3265 658 3347 gloria
680 3271 711 3326 et
730 3264 849 3326 bonore
863 3270 933 3342 etc,
956 3281 1046 3341 quarn

122 3346 233 3409 Petrus
254 3347 368 3427 allegat
390 3349 480 3412 Aclo.
503 3350 532 3411 2.
886 3368 895 3385 ·

207 3429 372 3506 Quaelibet
404 3433 510 3493 barum
553 3431 643 3493 trium
679 3429 764 3492 dabit
795 3431 856 3491 vim
893 3448 948 3489 seu
982 3447 1046 3488 rem

124 3515 327 3595 ascensionis,
351 3515 468 3577 seilicet
494 3515 645 3577 Christum
662 3532 730 3574 esse
752 3514 868 3574 lactum·
889 3512 1046 3573 dominum

123 3598 261 3660 omnium
283 3599 613 3680 etpraecipuemortis
627 3595 671 3680 ¹),
692 3597 823 3677 peccati,
846 3596 935 3677 legis,
957 3613 1047 3675 prop·

199 3758 227 3848 l)
246 3781 278 3836 In
298 3779 341 3837 ed.
360 3783 431 3838 Ian:
451 3780 589 3837 dominnm
610 3780 739 3850 omnium,
757 3779 853 3836 mortis
871 3784 921 3835 etc
