2348 4162
200 222 264 291 138
439 225 873 285 memoriensem

199 393 440 458 etEbrae.11:
472 392 606 476 Oportet
637 398 834 460 sooedeutem
862 396 1013 477 madere,
1036 394 1121 477 quod

199 477 283 538 Deus
303 478 351 555 sit,
374 484 406 539 et
426 479 456 538 iu
479 498 513 539 se
534 480 729 558 sperantibus
750 487 961 543 remunerator
981 481 1030 542 sit.

281 560 388 640 Itaque
406 559 483 622 fldea
497 561 670 624 Christiana
684 583 809 645 prorsus
820 564 1034 644 exstinguitur,
1050 580 1120 643 pro·

200 644 362 706 missiones
384 643 442 706 Dei
464 651 495 705 et
517 647 693 707 universum
706 647 906 727 Evangelium
918 647 1039 727 penitus
1053 662 1121 706 eor-

199 730 270 805 ruit,
293 727 316 786 si
340 727 507 790 doceamur
529 736 560 789 et
580 729 748 808 oredimus,
770 750 832 792 uon
857 749 925 792 essa
954 728 1042 795 nobis
1064 727 1120 787 sai·

199 811 550 890 eudempreesoientism
561 812 617 873 Dei
630 813 1121 889 neeessarismneoessitatemque

198 893 417 958 saeiendorum.
440 894 681 957 Christianorum
695 898 775 956 enim
792 896 870 957 baeo
882 915 943 957 nna
955 901 988 957 et
1000 912 1121 955 summa

198 976 373 1039 oonsolatio
388 983 435 1038 est
454 979 486 1038 in
504 977 646 1039 omnibus
662 979 896 1040 adversitatibus
916 997 1020 1057 nosse,
1036 977 1120 1057 quod

198 1062 350 1123 Deusnou
360 1062 514 1141 mentitur,
523 1062 577 1121 sed
589 1061 819 1124 immutabiliter
825 1064 928 1124 omnis
934 1062 1017 1141 taeit,
1025 1066 1059 1122 et
1068 1078 1121 1121 vo·

198 1144 304 1204 innteti
328 1144 394 1204 eius
407 1163 508 1223 neque
534 1146 643 1226 resisti,
664 1164 766 1225 neque
780 1165 849 1207 eam
871 1145 980 1206 mutari
997 1152 1051 1205 aut
1063 1144 1120 1203 im·

197 1227 297 1307 pediri
320 1245 423 1306 posse.
466 1226 511 1287 Tu
535 1246 616 1289 nuno
638 1228 728 1307 vide,
751 1231 792 1289 mi
812 1229 951 1304 Erasms,
972 1246 1120 1307 quorsum

197 1327 256 1370 nos
279 1316 332 1369 tua
352 1309 406 1370 illa
427 1309 698 1388 abstinentissimo,
720 1313 806 1393 paois
828 1312 1015 1372 amioiasima
1035 1308 1121 1370 tbao·

198 1392 282 1472 logia
305 1391 405 1457 duest.
447 1392 494 1453 Tu
522 1413 637 1455 avooes
668 1400 700 1455 et
720 1401 807 1456 retas
829 1414 887 1455 noa
910 1412 948 1455 eo
970 1393 1050 1472 uiti,
1087 1398 1122 1451 nt

196 1477 434 1557 praeseientiam
457 1476 514 1536 Dei
542 1485 572 1538 et
593 1478 809 1539 neeessitatem
841 1479 873 1537 in
894 1476 986 1537 rebus
1009 1483 1042 1536 et
1062 1475 1120 1536 bo·

198 1558 329 1620 minibus
352 1558 516 1635 diseamus,
538 1559 593 1620 sed
615 1561 750 1621 eoneuiis
774 1561 847 1620 talia
867 1561 1055 1639 relinquere,
1077 1558 1121 1618 vi·

196 1648 263 1703 tare
285 1648 317 1703 et
337 1651 546 1708 contemnere.
589 1641 659 1719 Qua
685 1662 781 1724 opere
811 1650 864 1705 tua
885 1641 1061 1703 ineonsuite
1081 1636 1122 1701 si·

198 1725 259 1786 mnl
282 1725 456 1806 nosdooes,
478 1733 513 1787 ut
532 1728 736 1807 ignorantiam
749 1727 815 1806 Dei,
838 1745 917 1804 quse
938 1745 996 1786 sua
1007 1728 1122 1805 sponte

196 1810 280 1869 venit
301 1815 332 1869 et
353 1818 466 1890 agnata
488 1828 611 1890 quoqne
633 1817 689 1886 est,
712 1829 911 1890 quaeramus,
933 1807 1024 1869 fidem
1047 1825 1121 1867 oon·

198 1900 379 1968 temnamus,
401 1894 623 1972 promissiones
648 1894 704 1954 Dei
727 1892 916 1970 deseramus,
939 1892 1045 1952 omnia
1065 1908 1119 1950 so·

193 1975 267 2035 latia
288 1975 410 2053 spiritus
440 1981 471 2035 et
498 1975 695 2037 eertitudines
727 1977 936 2036 ooosoientise
964 1972 1049 2034 nihili
1078 1970 1121 2032 fa·

202 2058 330 2135 eiamus,
352 2057 455 2137 qualia
476 2060 527 2118 vix
548 2060 698 2141 Epicurus
720 2060 788 2139 ipse
810 2056 1043 2138 praescriberet.

278 2139 397 2201 Deinde
419 2140 480 2202 boo
502 2161 564 2203 non
583 2149 745 2203 contentus
766 2141 986 2222 irreligiosum,
1020 2138 1121 2199 ourio-

196 2241 264 2282 sum
288 2242 462 2302 vanumque
484 2243 605 2302 voees,
627 2226 678 2304 qui
701 2224 812 2285 telibue
835 2223 984 2284 studuerit
1004 2239 1122 2301 eogno-

195 2305 327 2386 soendis,
351 2306 526 2387 religiosum
542 2327 625 2382 vero,
646 2309 730 2387 pium
752 2325 791 2368 so
803 2307 949 2387 sobrium,
970 2305 1024 2385 qui
1044 2322 1121 2365 oon·

195 2389 363 2468 tempserit.
396 2389 475 2465 Quid
498 2389 545 2450 bis
567 2389 670 2452 verbis
693 2391 785 2470 igitur
808 2389 889 2450 aliud
902 2389 1002 2466 struis,
1027 2405 1120 2466 quam

196 2471 386 2533 Christianos
426 2492 495 2534 esse
527 2475 688 2549 euriosos,
725 2491 823 2532 vanos
856 2478 888 2533 et
908 2469 1121 2550 irreligiosos?

196 2554 459 2617 Christianismum
491 2576 560 2617 esse
587 2575 650 2617 rem
674 2574 798 2636 prorsus
829 2555 940 2616 nuliius
962 2553 1121 2633 momenti,

195 2657 306 2699 venam
329 2646 360 2699 et
379 2640 501 2700 stultam
525 2658 562 2698 ao
583 2640 675 2719 piane
697 2638 845 2719 impiam?
884 2639 931 2699 lta
951 2635 987 2697 tit
997 2638 1120 2715 iterum,

196 2728 247 2802 ut,
270 2720 343 2782 dum
380 2741 437 2783 nos
459 2723 594 2783 maxime
627 2721 780 2782 deterrere
810 2723 855 2781 vis
888 2740 907 2781 a
936 2720 1133 2797 temeritate,

197 2823 282 2864 more
305 2805 465 2865 stultorum
488 2806 519 2865 in
554 2805 739 2866 eontrarium
764 2809 869 2884 raptus
909 2802 982 2863 nihil
1014 2801 1119 2879 doses,

195 2887 254 2946 nisi
281 2905 416 2947 summas
445 2889 656 2965 temeritates,
690 2888 886 2968 impietates,
919 2885 1118 2966 perditiones.

196 2968 341 3030 Sentisne
361 2970 392 3029 in
415 2970 473 3031 hee
495 2978 582 3052 parte
606 2970 741 3031 libellum
765 2977 858 3030 tuum
873 2986 953 3030 esse
963 2968 1044 3030 adeo
1065 2968 1118 3028 im·

197 3052 289 3131 pium,
312 3050 526 3132 blasphemum
549 3073 587 3115 ao
608 3054 802 3134 sacrilegum,
824 3058 857 3113 ut
879 3050 995 3113 nulium
1005 3050 1119 3113 habeat

195 3135 312 3215 uspiam
335 3136 487 3198 similem?

277 3216 349 3280 Non
373 3218 411 3279 de
433 3221 536 3281 animo
559 3225 611 3280 tuo
637 3219 717 3297 dioo,
738 3223 771 3278 ut
794 3216 987 3298 supradixi,
1018 3234 1119 3295 neque

196 3302 277 3363 enim
300 3302 345 3362 sio
367 3302 516 3382 perditum
539 3307 569 3363 te
591 3303 745 3381 existimo,
771 3300 943 3381 quodhaeo
964 3299 1042 3361 velis
1067 3298 1118 3360 do·

195 3403 265 3446 uere
286 3392 338 3445 aut
360 3383 425 3446 fieri
447 3406 487 3447 ex
516 3386 646 3464 animo,
680 3384 734 3444 sed
763 3393 796 3444 ut
823 3381 1019 3444 ostenderem
1053 3381 1119 3459 tibi,

195 3476 310 3547 quauta
339 3476 482 3549 portento
512 3474 641 3548 eogatnr
672 3467 882 3546 imprudenter
904 3464 1039 3542 effutire,
1067 3463 1117 3543 qni

196 3551 307 3611 malem
338 3570 463 3613 eausam
491 3548 661 3631 suseeperit
689 3549 855 3631 agendam:
896 3547 1009 3610 deinde
1047 3545 1116 3633 quid

195 3634 234 3694 sit
255 3633 284 3693 in
309 3633 426 3695 divinas
448 3652 497 3711 res
519 3641 550 3695 et
572 3633 675 3694 literas
688 3634 870 3714 impingere,
893 3631 964 3692 dum
987 3630 1116 3692 alioruin

196 3714 348 3799 obsequio
371 3736 535 3797 personam
569 3717 714 3776 sumimus
744 3721 776 3776 et
802 3716 899 3777 invite
927 3713 1117 3775 oouaoientia
