2348 4162
274 240 311 296 ati
328 240 364 295 D.
383 241 526 296 Erasmam
544 242 772 299 Roterodamum.
922 241 985 308 343

58 412 117 473 etri
143 430 228 491 vero,
251 410 408 471 minimum
431 417 461 471 et
484 409 547 472 lere
568 410 643 472 nibil
660 430 749 492 esse,
772 432 833 493 quo
856 413 983 495 gratiam

59 514 224 558 meremur.
899 557 903 561 ,

145 578 177 640 Si
199 577 290 659 igitur
314 576 474 638 errandum
498 581 555 655 est,
578 575 737 638 honestius
760 578 805 639 illi
831 586 933 641 errant
954 589 985 642 et

58 662 162 721 minus
190 659 337 742 superbe,
367 662 417 739 qui
450 660 579 739 gratiam
610 660 667 720 Dei
699 679 812 741 magno
842 669 985 725 constare

58 744 181 822 dicunt,
204 763 306 805 caram
337 750 367 804 et
387 746 556 824 pretiosam
578 743 738 823 habentes,
759 762 851 822 quam
873 747 910 822 ii,
932 749 984 826 qui

56 825 182 909 parvi1)
218 833 249 888 et
269 826 381 908 pusillo
412 845 479 887 eam
502 831 646 887 constare
668 826 801 906 docent,
839 828 930 889 vilem
954 838 985 891 et

57 908 322 991 contemptibilem
343 909 500 972 habentes.
544 908 605 971 Sed
634 909 746 970 Paulus
774 916 921 991 utrosque
952 913 984 973 in

56 1013 153 1055 unam
187 1012 320 1054 massam
354 992 515 1053 contundit
545 1012 607 1053 uno
640 992 761 1073 verbo,
798 1013 866 1055 cum
896 993 983 1056 dicit:

57 1074 164 1137 Gratis
187 1095 295 1137 omnes
316 1075 488 1156 iustificari,
510 1076 598 1137 item:
622 1075 694 1137 Sine
716 1076 795 1156 lege,
825 1077 891 1138 sine
911 1096 982 1158 ope·

56 1159 143 1221 ribus
165 1159 242 1240 legis
271 1158 436 1220 iustificari.
487 1157 545 1233 Qui
575 1160 655 1219 enim
685 1161 848 1240 gratuitam
878 1158 982 1221 iustili-

57 1243 212 1303 cationem
236 1244 266 1303 in
291 1242 432 1303 omnibus
454 1239 654 1302 iustificandis
676 1244 800 1323 asserit,
833 1244 859 1303 is
882 1242 983 1305 nullos

55 1325 193 1406 reliquos
215 1324 298 1403 lacit,
322 1327 372 1405 qui
395 1330 569 1405 operentur,
593 1331 776 1403 mereantur,
798 1344 982 1407 praeparen-

56 1416 117 1486 tur,
141 1407 318 1488 nullumque
341 1427 418 1488 opus
445 1407 604 1486 relinquit,
636 1407 717 1486 quod
742 1427 910 1489 congruum
934 1409 981 1471 vel

56 1490 246 1572 condignum
259 1491 317 1551 dici
332 1492 440 1572 possit,
463 1491 655 1569 conteritque
666 1509 728 1551 uno
746 1489 878 1552 fulminis
893 1491 982 1553 buius

56 1576 121 1635 ictu
140 1580 202 1634 tam
235 1573 424 1655 Pelagianos
459 1592 529 1633 cum
551 1591 608 1633 suo
631 1580 696 1634 toto
732 1574 860 1654 merito,
890 1593 980 1654 quam

56 1656 219 1737 Sophistas
242 1677 311 1721 cum
333 1676 390 1718 suo
412 1656 523 1736 pusillo
548 1657 666 1721 merito.
716 1655 856 1717 Gratuita
876 1656 983 1717 iustifi-

60 1742 143 1803 catio
166 1758 228 1801 non
251 1740 317 1821 fert,
339 1747 372 1801 ut
395 1740 552 1820 operarios
575 1745 702 1817 statuas,
725 1738 807 1817 quod
821 1739 983 1801 manifeste

57 1825 199 1904 pugnent
230 1826 324 1904 gratis
347 1822 456 1884 donari
485 1828 515 1882 et
548 1821 650 1900 aliquo
674 1840 769 1903 opere
789 1823 905 1901 parari,
933 1822 982 1884 de·

56 1907 129 1967 inde
151 1924 206 1986 per
227 1907 358 1986 gratiam
382 1904 539 1966 iustificari
574 1924 637 1965 non
660 1904 739 1984 lert,
773 1911 806 1965 ut
827 1910 982 1984 personae

56 1978 148 2050 ullius
171 1987 351 2069 dignitatem
374 1987 493 2066 afferas,
516 1993 549 2048 ut
571 1994 602 2048 et
624 1987 701 2048 infra
724 1991 772 2051 11.
795 1987 870 2069 Oap.
894 1988 982 2049 dicit:

57 2072 89 2134 si
113 2091 153 2132 ex
174 2074 286 2152 gratia,
310 2090 383 2152 ergo
406 2091 468 2132 non
490 2090 531 2130 ex
554 2070 717 2149 operibus,
748 2070 863 2150 alioqui
884 2072 983 2150 gratia

58 2174 121 2215 non
155 2161 202 2214 est
222 2157 338 2235 gratia3
377 2155 456 2215 sicut
483 2160 514 2213 et
543 2153 618 2233 Cap.
640 2155 669 2216 4.
698 2153 786 2214 dicit:
822 2153 859 2214 Ei
890 2153 981 2233 enim,

58 2239 108 2317 qui
131 2246 287 2317 operatur,
308 2256 425 2297 merces
449 2237 625 2316 imputatur,
649 2256 709 2298 non
727 2236 896 2298 secundum
914 2256 981 2317 gra·

58 2322 155 2396 tiam,
190 2320 245 2380 sed
267 2319 433 2381 secundum
463 2318 608 2380 debitum.
663 2318 765 2394 Quare
802 2325 864 2380 stat
895 2338 982 2380 meus

58 2403 172 2465 Paulus
194 2402 281 2464 liberi
303 2401 418 2463 arbitrii
432 2406 568 2462 vastator
587 2403 728 2480 invictus,
751 2408 782 2463 et
802 2420 863 2462 uno
885 2401 981 2463 verbo

58 2486 136 2547 duos
160 2487 313 2546 exercitus
335 2485 497 2565 posternit.
529 2481 609 2544 Nam
633 2485 658 2543 si
681 2485 746 2544 sine
769 2483 913 2564 operibus
935 2485 981 2545 iu·

58 2568 251 2649 stiflcamur,
285 2569 389 2630 omnia
411 2565 737 2647 opera-damnantur,
760 2568 826 2628 sive
847 2567 908 2627 sint
929 2586 982 2647 pu·

58 2652 138 2729 silla,
160 2653 227 2711 sive
249 2670 371 2732 magna,
394 2650 479 2711 nulla
501 2650 582 2710 enim
606 2650 734 2730 excipit,
757 2649 812 2710 sed
833 2648 981 2711 adversus

59 2735 166 2797 omnia
187 2754 228 2795 ex
250 2753 349 2814 aequo
371 2733 520 2794 fulminat.

140 2817 181 2878 Et
202 2816 252 2877 hic
274 2816 344 2877 vide
365 2817 560 2878 oscitantiam
596 2816 731 2876 omnium
760 2820 918 2894 nostrum,
952 2820 983 2875 st

59 2899 130 2980 quid
152 2900 262 2980 iuvet,
295 2900 321 2962 si
344 2900 411 2979 quis
434 2900 542 2981 priscis
564 2896 705 2959 Patribus
740 2903 786 2959 tot
807 2897 980 2958 seculorum

58 2984 137 3045 serie
169 2981 307 3063 probatis
337 2984 426 3042 nixus
457 2982 555 3042 fuerit.
608 2980 719 3041 Nonne
741 2989 771 3042 et
792 2982 851 3062 ipsi
874 2999 981 3041 omnes

58 3068 173 3146 pariter
191 3066 410 3145 caecutierunt,
422 3066 484 3127 imo
496 3063 699 3144 neglexerunt
709 3063 794 3125 Pauli
814 3064 983 3125 clarissima

58 3155 90 3211 st
111 3149 306 3228 apertissima
335 3147 448 3209 verba?
502 3147 639 3208 Obsecro
651 3146 761 3226 ,·quid
794 3153 898 3227 potest
926 3165 982 3227 pro

57 3234 157 3313 gratia
179 3238 288 3293 contra
309 3231 436 3292 liberum
449 3230 608 3292 arbitrium
632 3229 714 3289 clare
737 3235 768 3289 et
783 3235 890 3310 aperte
912 3228 982 3305 dici,

58 3317 83 3376 si
112 3314 199 3376 Pauli
230 3333 331 3375 sermo
362 3314 463 3374 clarus
499 3321 531 3374 et
564 3317 687 3392 apertus
723 3330 785 3373 non
815 3311 883 3373 est?
925 3311 983 3372 Per

59 3398 290 3459 contentionem
317 3397 457 3477 procedit
490 3403 521 3457 et
548 3396 678 3475 gratiam
707 3395 853 3455 adversus
888 3412 983 3473 opera

57 3481 169 3562 iactat,
193 3486 257 3541 tum
279 3481 379 3542 verbis
403 3480 579 3541 clarissimis
602 3485 633 3539 et
653 3478 887 3559 simplicissimis
910 3494 982 3537 usus

300 3650 479 3657 ----.-.

131 3744 159 3811 1)
180 3742 211 3797 ln
233 3742 277 3798 ed.
298 3746 366 3803 1525
387 3749 415 3799 et
433 3743 476 3798 ed.
496 3743 565 3799 len:
583 3758 680 3813 parvo.
