2348 4162
131 241 152 313 6
453 239 582 298 Formulu
600 236 702 298 missas

133 410 369 489 oumoisiouem‚
402 407 558 475 babemus.
602 407 686 472 bueo
708 408 778 472 festi
800 409 831 479 Β.
854 409 1002 494 Stephani
1023 414 1055 473 et

131 490 278 558 Iohannis
316 492 533 575 Evangelistae
567 493 699 556 oiiioium
730 493 905 558 Natiuitatis
940 494 1053 576 piacet.

132 578 226 640 Festa
248 577 277 640 S.
301 577 406 638 Oruois
435 578 600 639 anathema
633 585 734 643 sunto.
778 579 839 640 Aiii
862 578 976 640 iaaiaut
997 597 1053 658 pao

130 680 187 722 sua
209 660 397 722 oousoientia
424 659 474 721 vel
497 659 626 722 aliorum
648 661 839 741 infirmitate,
862 660 944 744 quod
967 662 1054 742 spiri·

131 751 180 806 tus
202 745 397 825 suggesserit.

185 824 188 829 ’
214 827 357 890 Secundo
380 824 472 909 Kyrie
494 827 621 907 eleison,
643 835 676 888 ut
697 828 843 889 haetenus
866 827 1053 890 celebratum

132 917 188 990 est,
210 913 301 973 variis
324 909 463 972 melodiis
486 930 542 990 pro
565 906 899 993 diversis'temporibus
922 911 1054 992 amplae·

130 995 220 1056 timur
255 1013 323 1055 oum
358 996 497 1074 sequenti
529 993 645 1075 hymno
678 995 836 1076 angelico:
880 992 988 1057 Gloria
1021 995 1052 1055 iu

131 1078 280 1157 exoelsis,
302 1083 404 1138 tamen
427 1077 459 1136 iu
481 1076 606 1139 arbitrio
629 1078 721 1140 stabit
743 1076 905 1160 Episcopi,
934 1078 1054 1160 quoties

132 1161 216 1222 iilum
243 1162 340 1222 omitti
362 1159 502 1223 voluerit.

211 1244 327 1324 Tertio,
350 1262 482 1323 sequeus
506 1243 604 1304 oratio
625 1242 679 1304 iiia
701 1262 755 1305 seu
778 1243 936 1322 Uelleam,
958 1241 1052 1305 modo
1122 1309 1125 1313 ,

129 1327 169 1388 sit
189 1328 241 1409 pia
263 1324 310 1411 (ut
330 1325 393 1388 fere
415 1332 503 1406 suut,
527 1344 606 1405 quae
618 1325 788 1388 'dominicis
811 1326 918 1389 diebus
940 1326 1054 1388 habau·

131 1417 213 1490 tur),
246 1416 423 1492 perseveret
444 1410 501 1469 ritu
531 1427 602 1490 suo,
635 1407 690 1470 sed
720 1429 757 1472 ea
780 1409 931 1471 duntaxat
952 1411 1052 1475 unioa.

129 1493 203 1554 Post
224 1494 305 1555 hano
325 1493 417 1555 leutio
439 1491 607 1573 Epistulae.
651 1493 764 1554 Verum
779 1495 916 1554 nondum
932 1495 1052 1574 tempus

129 1581 177 1637 ast
198 1582 229 1637 et
260 1574 310 1637 bio
347 1575 501 1651 uorandi,
538 1574 661 1654 quaudo
696 1576 779 1637 uuiia
809 1577 903 1657 impia
932 1576 1052 1658 iegitur.

129 1657 253 1739 Alioqui
282 1678 349 1720 oum
372 1661 442 1720 r'aro
472 1677 528 1719 eae
550 1666 651 1738 partes
681 1679 720 1720 ex
743 1660 880 1739 epistolis
903 1659 990 1721 Pauli
1012 1659 1054 1720 lo·

129 1749 249 1823 gantur,
273 1744 304 1802 iu
327 1741 437 1822 quibus
459 1740 535 1802 tides
558 1741 695 1820 docetur,
717 1743 771 1803 sed
784 1744 1053 1823 potissimommo·

131 1825 211 1886 rates
234 1832 264 1887 et
286 1825 524 1902 exhortatoriae,
549 1832 579 1884 ut
602 1826 758 1888 ordinator
780 1825 832 1888 iile
845 1826 1052 1907 Epistularum

130 1907 270 1969 videatur
297 1907 391 1970 fuisse
421 1908 582 1990 insigniter
606 1907 748 1969 indoctus
771 1915 803 1970 et
824 1910 1052 1990 superstitiosus

130 2008 257 2072 operum
280 1991 485 2071 ponderator,
517 1989 649 2052 oiiioium
678 1991 854 2072 requirebat
875 2012 928 2054 eas
949 1993 1052 2073 potius

128 2093 184 2154 pro
206 2075 323 2136 maiore
344 2081 431 2154 parta
454 2072 604 2150 ordinare,
627 2074 735 2154 quibus
757 2075 834 2136 fides
856 2077 886 2135 in
899 2075 1051 2138 Christum

129 2155 265 2221 dooetur.
308 2154 394 2219 Idem
416 2163 498 2218 uerte
512 2157 543 2216 iu
556 2156 733 2238 Evangeliis
746 2159 897 2239 spectavit
918 2159 1051 2238 saepius,

130 2241 267 2320 quisquis
290 2239 381 2302 fuerit
396 2238 427 2322 ¹)
452 2240 617 2300 lectionum
639 2242 767 2302 istarum
792 2249 890 2304 autor.
933 2240 994 2302 Sed
1009 2242 1052 2301 iu·

129 2324 216 2384 terim
237 2323 391 2405 supplebit
421 2323 480 2383 hoo
507 2324 674 2384 vernacula
695 2325 823 2386 Gouoio.
868 2323 992 2402 Alioqui
1024 2324 1052 2385 si

126 2406 257 2467 futurum
293 2412 355 2484 est,
391 2413 421 2465 ut
456 2407 622 2467 vernaouIa
643 2408 737 2468 Missa
773 2406 923 2467 habeatur
950 2405 1051 2490 (quod

129 2488 266 2550 Christus
289 2489 420 2570 faveat),
445 2486 547 2549 danda
569 2496 616 2550 est
638 2508 749 2570 opera,
786 2495 819 2551 ut
840 2488 999 2569 Epistoiuo
1021 2496 1053 2551 et

127 2570 299 2652 Evangelia
323 2573 386 2632 suis
420 2573 544 2653 optimis
567 2578 598 2632 et
618 2573 790 2654 potioribus
812 2571 889 2633 loeis
912 2573 1052 2654 legantur

127 2654 157 2714 iu
180 2654 283 2714 Missa.
787 2704 791 2710 .

210 2736 345 2816 Quarto,
369 2735 523 2798 Graduale
552 2734 680 2797 duorum
703 2754 846 2796 versuum
869 2735 959 2796 simui
981 2755 1050 2798 uum

117 2818 295 2900 „Haileiuia,
314 2816 374 2879 ¹vei
408 2821 584 2881 alterutrum
596 2817 648 2900 ²),
680 2820 768 2879 iuxta
795 2819 951 2879 arbitrium
980 2819 1051 2900 upi-

126 2902 213 2983 saopi
234 2906 381 2964 cantetur.
426 2903 520 2964 Porro
533 2899 700 2961 Gratiuaiia
722 2901 999 2982 quadragesimaiia
1021 2910 1052 2963 et

126 2985 350 3128 similia‚,quae
373 2985 450 3046 duos
473 3003 579 3045 versus
602 2982 766 3063 excedunt,
791 2992 893 3045 cantet
913 2987 1051 3065 quisquis

125 3066 200 3129 velit
220 3069 250 3128 in
297 3087 369 3130 omo
391 3088 455 3130 sua.
498 3063 535 3128 Io
561 3066 692 3127 eaoiesia
709 3066 850 3129 uolumus
874 3069 976 3130 taedio
1000 3088 1051 3129 ex·

126 3152 238 3231 stingui
260 3143 399 3232 spiritum
432 3148 578 3210 fidetium.
623 3148 683 3209 seo
710 3169 769 3211 neo
790 3152 888 3231 ipsam
910 3149 1051 3226 Quadra·

147 3235 273 3295 esimam
318 3234 383 3293 sive
403 3233 564 3292 ‘maiorem
592 3230 818 3294 hebdomadam
855 3242 907 3293 aut
929 3237 1048 3295 sextum

124 3252 230 3376 feriam
251 3333 423 3397 poenosum
444 3314 514 3399 ‚aliis
538 3311 813 3377 ritibusostentare
836 3316 934 3393 decet,
958 3334 1050 3396 quam

123 3398 202 3460 aiios
225 3416 434 3478 quascunque,
456 3416 497 3457 ua
510 3397 683 3460 semimissa
704 3406 736 3460 et
756 3400 853 3461 alteru
865 3402 1049 3461 sacramenti

122 3489 210 3561 parte
232 3481 385 3542 Christum
408 3476 539 3562 amplius
552 3478 658 3542 ludere
679 3489 710 3543 at
732 3482 832 3543 ridere
845 3483 924 3544 reita
948 3482 1049 3545 vitisa-

194 3680 226 3747 1)
244 3678 278 3735 iu
297 3678 340 3735 ati.
361 3679 431 3736 laur
461 3677 521 3734 fuit
558 3681 587 3748 2)
606 3680 638 3735 Iu
656 3679 701 3736 ad.
718 3680 804 3754 oriar
823 3685 930 3753 utrum
946 3679 1049 3739 tecum

124 3749 296 3823 alterutrum,
313 3752 434 3826 rapam
449 3757 495 3815 ast
512 3767 546 3813 ex
566 3753 609 3812 ad.
628 3753 684 3812 lau.
