2348 4162
198 231 261 299 342
429 232 473 289 Da
490 247 573 288 servo
591 230 705 288 arbitrio
724 232 759 286 D.
777 230 813 285 hl.
833 231 863 286 L.

197 405 353 485 condigno
377 403 486 464 merito
509 403 640 483 gratiam
663 420 725 463 nou
747 402 910 480 consequi,
936 420 996 463 noc
1019 403 1121 483 ipsum

198 487 356 570 appellent
377 486 517 549 meritum
541 484 738 564 condignum,
761 491 863 547 tamen
886 485 1040 548 vocabulo
1063 505 1122 548 nos

198 571 315 653 ludunt,
338 578 369 632 et
389 590 453 631 rem
475 568 672 630 nihilominus
700 575 815 631 tenent.
858 568 937 644 Quid
962 571 1045 631 anim
1069 590 1122 631 ex·

198 661 294 733 cuset,
316 653 399 735 quod
422 653 560 713 meritum
584 652 770 732 condignum
800 670 863 713 non
886 652 1058 733 appellent,
1092 660 1124 714 st

197 746 300 802 tamen
323 738 427 800 omnia
449 737 477 797 ei
494 736 636 809 tribuant,
660 754 739 814 quae
760 741 830 797 sunt
843 736 940 796 mariti
952 736 1123 817 condigni?

198 842 320 904 nempe,
344 819 426 900 quod
448 819 499 879 hic
519 818 601 898 apud
623 817 723 881 Deum
755 819 884 898 gratim
912 824 1124 901 consequitur,

196 907 250 986 qui
271 911 409 982 conatur,
429 903 481 963 ille
502 921 587 980 vero,
609 903 659 981 qui
681 921 744 963 non
766 909 904 981 conatur,
927 924 989 966 non
1013 924 1123 966 conse-

197 990 306 1070 quitur.
367 986 479 1048 Nonne
511 984 572 1046 hoc
606 991 653 1046 est
689 985 782 1066 plane
816 986 913 1047 meriti
951 988 1124 1068 condigni?

196 1071 310 1136 Nonne
331 1071 430 1131 Deum
463 1074 673 1149 respeotorem
702 1087 850 1148 operum,
883 1072 1061 1133 mentorum
1093 1078 1125 1133 st

197 1172 398 1238 personarum
421 1152 560 1213 faciunt?
610 1150 749 1227 Scilicet,
771 1149 854 1230 quod
877 1152 929 1213 ille
951 1175 1007 1215 sna
1030 1155 1124 1235 culpa

197 1240 296 1319 gratia
318 1242 417 1314 caret,
445 1237 516 1316 quia
542 1252 605 1295 non
632 1241 679 1295 est
706 1240 853 1314 conatus,
880 1235 931 1296 hic
951 1256 1026 1299 voro
1049 1240 1124 1317 quia

197 1327 326 1384 conatus
349 1325 406 1399 est,
428 1319 558 1398 gratiam
582 1318 789 1396 consequitur,
812 1337 873 1379 non
887 1326 1122 1399 consecuturus,

196 1406 254 1465 nisi
276 1409 405 1465 conatus
426 1402 542 1463 luisset.
592 1400 623 1462 Si
646 1401 708 1463 hoc
728 1420 791 1462 non
814 1409 861 1463 sst
884 1404 1025 1465 meritum
1048 1424 1121 1466 con·

197 1487 332 1567 dignum,
354 1485 446 1547 velim
460 1485 575 1560 doceri,
597 1483 672 1562 quid
690 1490 754 1545 tum
769 1485 909 1546 meritum
932 1487 1121 1568 condignum

197 1570 255 1632 dici
279 1569 400 1651 possit?
449 1568 517 1629 Hoc
538 1566 632 1628 modo
659 1566 764 1628 ludere
785 1585 897 1649 posses
923 1570 954 1631 in
978 1569 1121 1633 omnibns

197 1653 297 1716 verbis
319 1658 349 1713 et
371 1652 488 1713 dicere:
511 1650 650 1712 Meritum
674 1648 819 1730 condigni
832 1650 954 1731 quidam
978 1672 1040 1716 non
1064 1661 1120 1732 est,

196 1737 289 1799 efficit
310 1742 429 1814 tamnu,
459 1732 543 1815 quod
565 1733 703 1794 meritum
733 1733 878 1812 condigni
905 1734 1005 1815 solet3
1032 1738 1122 1817 spina

197 1839 259 1882 uon
281 1826 329 1881 est
351 1818 442 1880 arbor
463 1817 563 1893 mala,
592 1815 646 1877 sed
675 1815 769 1877 efficit
788 1816 899 1896 solnm,
922 1819 1007 1897 qnod
1029 1819 1121 1882 arbor

197 1903 294 1982 mala3
317 1902 393 1962 flous
416 1901 508 1963 arhor
529 1899 611 1960 bona
633 1918 695 1960 non
719 1906 784 1981 est,
813 1899 867 1960 sed
890 1901 1004 1981 effluit,
1037 1902 1120 1983 qnod

195 1985 288 2048 arbor
309 1985 393 2045 bona
414 1984 512 2062 solet3
541 1981 669 2046 diatriba
703 1981 825 2062 quidem
856 2002 917 2045 non
946 1993 995 2047 est
1016 1988 1121 2067 impia,

196 2069 251 2131 sed
274 2068 409 2147 loquitur
430 2066 554 2127 etfacit
576 2065 674 2126 solum
699 2065 781 2144 quod
803 2066 925 2146 impius,

280 2150 402 2212 Accidit
421 2150 486 2209 istis
515 2149 604 2211 liberi
633 2148 748 2209 arbitrii
780 2148 929 2210 tutoribus
951 2150 1004 2231 id,
1037 2151 1118 2231 quod

197 2233 322 2296 dicitur:
357 2231 470 2294 Incidit
491 2233 521 2292 in
544 2231 702 2312 Scyllam,
736 2229 807 2292 dum
831 2232 896 2293 vult
923 2235 1022 2296 vitare
1043 2234 1118 2297 (lha-

195 2316 328 2398 rybdim.
362 2316 440 2376 Nam
464 2316 565 2376 studio
588 2314 762 2393 Pelagianis
781 2314 981 2378 dissentiendi
1005 2337 1117 2399 negare

195 2405 365 2482 coeperunt
386 2397 527 2461 meritum
549 2397 746 2478 condignum,
769 2404 799 2458 et
821 2417 859 2458 eo
881 2400 960 2480 ipso,
985 2419 1047 2481 quo
1071 2421 1117 2463 no·

195 2491 280 2565 gant,
302 2484 409 2546 fortius
432 2487 583 2560 statuunt,
606 2480 700 2541 verbo
724 2486 755 2541 et
776 2481 897 2544 calamo
919 2490 1052 2563 negant,
1087 2504 1117 2545 re

196 2568 264 2648 ipsa
287 2574 317 2627 et
339 2567 441 2627 animo
464 2568 609 2642 statuunt,
632 2562 807 2643 duplicique
828 2566 954 2627 nomine
978 2567 1114 2648 Pelagin-

194 2652 242 2711 nis
264 2656 335 2711 sunt
356 2651 487 2731 peiores.
537 2647 688 2727 Primum,
717 2646 799 2726 quod
821 2647 979 2729 Pelagiani
1006 2650 1115 2731 simpli·

195 2734 291 2808 citer,
322 2730 452 2794 candide
484 2736 516 2792 st
536 2733 670 2810 ingenus
701 2728 884 2791 confitentur
913 2739 945 2793 et
977 2738 1116 2796 asserunt

194 2817 333 2878 meritum
356 2813 553 2894 condignum,
576 2812 766 2893 appellantes
789 2814 935 2894 scapham
959 2816 1114 2894 scapham,

193 2898 283 2960 licum
319 2897 438 2977 licum,
472 2895 682 2975 docentesque
716 2895 799 2976 quod
823 2898 966 2964 sentiunt.
1011 2896 1113 2962 Nosti

193 3000 285 3060 vero,
312 2979 393 3041 idem
423 2998 492 3041 cnm
519 2980 652 3041 sentiant
680 2985 712 3040 et
734 2979 884 3060 doceant,
917 2981 1114 3045 mendacibus

193 3071 294 3124 tamen
318 3061 420 3124 verbis
448 3070 478 3123 et
499 3062 575 3123 falsa
596 3063 700 3143 specie
721 3081 779 3125 nos
800 3063 925 3141 ludunt,
948 3068 1037 3143 qnasi
1059 3066 1114 3127 Pe·

192 3146 321 3229 legionis
345 3146 533 3226 dissentiant,
556 3164 623 3206 onm
646 3145 720 3206 nihil
742 3146 857 3207 faciant
880 3149 998 3227 minus,
1022 3154 1071 3224 ut,
1091 3149 1113 3208 si

191 3229 369 3311 hypocrisin
401 3236 538 3309 spectes,
569 3228 728 3290 videamur
754 3229 928 3309 Pelagianis
958 3232 1113 3292 accerrimi

190 3313 307 3393 hostes,
330 3314 355 3373 si
377 3333 441 3373 rem
465 3318 497 3373 et
518 3313 651 3372 animum
676 3317 811 3393 spectes,
842 3314 937 3373 simus
959 3314 1006 3375 his
1030 3314 1113 3377 Pela·

190 3397 284 3476 giani.
354 3394 476 3457 Deinde
510 3394 592 3474 quod
623 3394 682 3456 hac
713 3395 869 3476 hypocrisi
899 3398 1031 3476 gratim
1060 3398 1112 3458 Dei

191 3479 286 3560 longe
309 3479 398 3539 vilius
421 3484 452 3538 et
474 3479 671 3539 aestimamus
696 3485 726 3538 et
753 3479 892 3557 emimus,
917 3498 1008 3559 quam
1032 3480 1112 3541 Pela·

158 3576 161 3581 ⁴
193 3562 287 3643 gisui.
330 3562 368 3622 Hi
391 3562 471 3622 enim
494 3580 558 3622 non
578 3580 646 3621 esse
660 3560 783 3640 aliquod
807 3561 951 3642 pusillum
973 3564 1006 3624 in
1026 3562 1111 3625 nobis

192 3651 341 3724 asserunt,
363 3663 424 3724 quo
447 3645 577 3725 gratiam
589 3662 824 3724 consequamur,
847 3643 901 3706 sed
914 3650 991 3729 tota,
1014 3646 1110 3728 plana,

191 3729 337 3809 perlecta,
359 3747 472 3808 magna
494 3734 524 3788 st
546 3727 641 3789 multa
663 3746 732 3789 esse
754 3726 855 3789 studia
878 3732 910 3791 st
932 3748 1039 3811 opera,
1061 3746 1110 3790 no·
