2348 4162
273 220 312 289 ad
328 226 363 288 D.
381 230 525 288 Erasmum
542 218 770 288 ¹Rotarodamum.
921 216 984 297 225

56 419 120 462 neo
140 403 174 462 in
197 402 286 463 ooelo
309 402 399 461 sitnm
432 419 490 461 neo
512 407 594 461 trans
618 420 709 462 mare.
734 400 813 476 Quid
826 408 873 464 est
894 421 987 482 supra
1098 423 1101 428 ·

56 483 111 545 te?
134 482 216 560 Quid
238 483 368 565 procul?
420 484 469 543 uid
491 485 523 543 in
546 483 635 544 ooelo
658 484 770 544 situm?
799 484 879 560 Quid
901 492 985 545 trans

58 566 170 628 mare?
187 604 191 613 ι
210 567 259 627 An
282 568 374 629 etiam
396 566 638 628 Grammatioam
660 573 691 627 et
713 569 912 629 usitatissima
934 587 986 629 vo-

57 650 173 711 eabula
197 651 286 711 nobis
309 649 524 729 obscurabunt,
547 650 665 710 utnihil
688 651 763 710 oerti
778 651 862 731 loqui
884 650 984 711 valea·

58 753 144 811 mus,
184 739 301 794 tantum
341 736 375 794 ut'
412 733 588 813 obtineant,
617 732 788 814 Scripturas
825 753 895 795 esse
933 733 987 796 ob·

57 815 192 877 sauros?

143 898 257 959 Nostra
279 896 487 961 Grammatico
508 900 574 958 istis
595 898 753 959 vocabulis
774 917 837 959 non
859 897 986 977 qualita-

56 987 120 1042 tem
144 986 197 1043 aut
218 981 419 1062 quantitatem
440 982 548 1041 virium
570 980 782 1063 humanarum,
806 981 860 1042 sed
874 981 986 1041 distan-

55 1065 133 1125 tiam
155 1065 293 1126 loeorum
316 1062 478 1145 significat.
522 1063 620 1144 Supra
642 1067 776 1135 tessuim
800 1065 909 1124 dieitur
924 1082 986 1124 non

55 1142 211 1227 quaedam
235 1148 280 1207 vis
302 1147 484 1223 voluntatis,
523 1147 577 1207 sed
601 1149 702 1226 loeus,
742 1149 793 1228 qui
815 1166 907 1228 supra
930 1166 986 1206 nos

56 1235 115 1292 est.
158 1230 204 1290 lta
227 1230 349 1311 procul,
373 1237 457 1290 trans
481 1249 581 1306 mare,
604 1232 635 1290 in
657 1231 745 1291 eoelo
768 1231 844 1291 nihil
866 1231 985 1290 virtutis

54 1314 88 1373 in
112 1313 248 1394 homine,
270 1312 325 1373 sed
348 1313 435 1373 loeus
458 1332 586 1392 sursum,
609 1313 813 1396 dextrorsum,
836 1314 987 1374 sinistror-

56 1415 138 1472 sum,
161 1403 337 1475 retrorsum,
360 1403 573 1456 antrorsumve
594 1416 614 1457 a
635 1397 723 1458 nobis
745 1407 891 1460 remotus.
937 1395 986 1456 Ri-

56 1477 134 1539 deat
155 1498 204 1539 me
226 1480 376 1559 quispiam
400 1485 461 1538 tam
484 1497 588 1539 orasse
610 1478 827 1559 disputantem,
850 1498 888 1539 ao
902 1478 986 1539 velut
1052 1536 1057 1545 ,

56 1560 275 1641 analphabetia
306 1562 408 1641 pueris
441 1580 657 1640 praemanaum
681 1563 773 1622 tantis
796 1563 867 1623 viris
889 1562 988 1639 porri·

55 1651 184 1725 gentem
218 1664 256 1705 ao
277 1644 412 1730 syllabap
435 1643 601 1704 nectendas
624 1644 799 1706 docentem.
843 1642 923 1718 Quid
945 1643 986 1702 la·

56 1725 162 1788 eiam?
185 1745 254 1788 eum
275 1728 305 1786 in
319 1735 381 1788 tam
399 1727 482 1787 alara
502 1726 571 1787 luoe
583 1727 702 1788 videam
721 1728 825 1807 quaeri
846 1726 987 1787 tenebras

56 1829 95 1870 ao
117 1808 221 1872 studio
249 1809 329 1871 velle
358 1829 412 1870 eos
448 1806 558 1871 osseos
591 1829 674 1888 esse,
704 1811 755 1889 qui
793 1816 838 1870 tot
871 1807 988 1870 seoulo·

55 1912 126 1954 rum
149 1894 260 1954 seriem
282 1893 371 1954 nobis
394 1899 570 1970 numerant,
593 1900 639 1955 tot
659 1894 800 1973 ingenia,
822 1896 869 1953 tot
899 1910 988 1953 sane-

55 1983 125 2055 tos,
162 1982 209 2036 tot
236 1986 400 2056 martyres,
436 1983 481 2036 tot
509 1976 666 2054 doatores,
699 1984 845 2056 tantaque
878 1976 989 2036 autori·

56 2066 125 2120 tate
145 2058 228 2119 huno
257 2059 359 2119 looum
382 2059 459 2119 llosi
480 2060 604 2136 iaetant,
626 2078 684 2120 neo
705 2059 866 2140 dignentur
887 2067 989 2121 tamen

56 2140 195 2222 syllabas
225 2143 392 2222 inspicere,
429 2147 482 2202 aut
506 2144 746 2223 cogitationibus
779 2145 842 2203 suis
871 2149 988 2202 tantum

57 2229 223 2305 imperare,
261 2232 293 2285 ut
315 2226 417 2286 looum
445 2226 542 2286 semel
565 2226 776 2308 considerent,
813 2245 905 2305 quem
927 2226 988 2286 iao·

57 2316 137 2370 tant.
182 2307 243 2367 Idat
264 2327 346 2368 nuno
369 2307 510 2384 diatriba,
542 2315 573 2369 et
594 2308 689 2387 dieat,
715 2310 766 2387 qui
789 2307 854 2368 fieri
878 2310 987 2388 possit,

59 2399 94 2452 ut
116 2409 196 2451 unus
212 2391 348 2472 privatus
371 2389 483 2470 videat,
507 2391 588 2471 quod
605 2391 783 2471 totpubiioi,
807 2398 853 2451 tot
869 2390 989 2450 seoulo-

57 2493 127 2536 rum
153 2492 298 2555 proceres
320 2493 383 2535 non
408 2473 568 2534 viderunt?
591 2482 673 2534 uerte
695 2467 744 2533 bio
767 2474 852 2534 loeus
870 2473 919 2534 vel
934 2492 987 2553 pu·

59 2557 125 2619 ello
148 2556 428 2618 iudioe·eonvinoit
449 2576 504 2617 eos
527 2558 708 2617 oaeoutiisse
730 2575 792 2617 non
816 2575 898 2625 raro.

145 2637 226 2715 Quid
248 2641 340 2719 igitur
363 2640 464 2700 Moses
485 2639 551 2699 vult
577 2640 642 2699 istis
665 2640 766 2701 verbis
789 2640 988 2719 apertissimis

61 2728 93 2784 et
115 2722 308 2799 elatissimis,
341 2723 399 2782 nisi
428 2741 496 2785 sese
518 2741 574 2783 suo
599 2722 700 2783 offioio
724 2742 780 2784 oen
802 2721 925 2782 fidelem
947 2720 988 2783 le·

61 2804 242 2885 gislstorem
276 2824 346 2865 esse
375 2805 566 2885 perfunotum
590 2805 735 2887 egregie?
768 2814 798 2866 ut
820 2823 986 2885 perquem

60 2907 125 2949 non
139 2895 210 2966 stet,
233 2907 293 2967 quo
318 2889 416 2948 minus
430 2890 533 2948 omnia
554 2890 652 2949 selant
675 2898 706 2950 et
726 2888 862 2949 habeant
883 2907 987 2948 eoram

61 2972 167 3051 posita
188 2980 364 3051 praesepta,
386 2989 443 3031 neo
465 2971 565 3031 looum
588 2973 632 3032 eia
654 2972 792 3033 relietum
812 2971 988 3050 excusandi,
1095 3030 1097 3034 ,

62 3053 147 3133 quod
170 3055 314 3134 ignorent
336 3053 384 3114 vel
407 3073 469 3114 non
491 3054 625 3115 habeant
647 3062 827 3135 praecepta,
860 3060 914 3116 aut
934 3054 988 3114 ali-

61 3136 146 3197 unde
168 3135 301 3216 petenda
324 3138 367 3197 eis
380 3139 449 3217 sint,
472 3144 514 3214 ut,
536 3139 561 3196 ai
584 3155 645 3197 non
658 3141 808 3198 servarint
829 3156 876 3217 aa,
898 3138 989 3217 eulpa

62 3238 123 3281 neo
145 3220 185 3280 sit
206 3219 285 3299 legis
308 3238 366 3279 neo
388 3219 581 3300 legislatoris,
604 3220 659 3281 sed
679 3222 826 3302 ipsorum,
850 3240 919 3280 oum
937 3220 989 3280 lex

63 3302 155 3380 adsit,
177 3302 334 3383 legislator
356 3303 504 3383 doeuerit,
527 3310 560 3363 ut
581 3304 666 3364 nulla
686 3305 878 3384 ignorantiae
895 3321 987 3362 exou-

62 3386 145 3447 satio
167 3387 286 3465 reliqua
307 3387 360 3461 sit,
383 3386 438 3446 sed
461 3387 529 3447 sola
550 3388 707 3446 aoeusatio
732 3386 937 3466 negligentiae
959 3392 990 3446 et

62 3466 304 3530 inobedientiae.
348 3467 418 3528 Non
442 3474 489 3528 est
518 3467 652 3551 (inquit)
686 3487 833 3547 neeesse,
865 3468 989 3548 legese

54 3551 158 3613 'ooelo
179 3561 234 3611 aut
253 3571 274 3613 a
295 3549 406 3612 linibus
430 3551 644 3630 ultramarinis,
666 3559 719 3612 aut
740 3551 848 3632 prooul
870 3550 988 3632 afferre,

64 3652 124 3694 neo
145 3640 235 3714 potes
258 3640 458 3714 praetexere,
482 3639 512 3696 te
533 3635 604 3695 illas
632 3654 690 3696 nee
710 3635 833 3696 audisse
856 3653 913 3695 neo
934 3634 989 3695 ha·

67 3717 153 3797 bera,
175 3735 275 3798 prope
297 3717 391 3778 habes
414 3736 477 3795 eas,
500 3725 533 3778 ut
554 3737 630 3798 quas
654 3719 860 3799 praecipiente
870 3720 937 3780 Deo
959 3724 991 3778 et
1035 3740 1037 3744 ·

91 3827 185 3868 neuen
201 3838 253 3879 opp.
267 3829 294 3872 v.
309 3829 337 3870 u.
351 3829 380 3870 aa
407 3829 450 3875 rer.
467 3829 538 3871 naas
560 3842 581 3881 μ.
600 3831 648 3872 vu.
664 3832 712 3873 vn.
818 3806 856 3867 15
