2348 4162
119 242 184 308 404
320 241 530 301 concinnemus
547 242 686 314 quasdam
704 243 740 299 Ι).
757 243 795 302 Ι.
812 242 845 299 1.

122 432 190 494 rus,
212 412 387 491 violentus,
413 414 469 493 gd,
491 415 541 477 lin
562 415 726 492 ircunilicl),
755 415 802 491 isit
828 415 885 478 mit
915 414 977 489 inti
997 414 1039 489 ild
1084 482 1086 489 ,

122 498 251 559 oiemcub
272 499 343 571 uidit
364 499 495 577 litotes,
518 500 635 576 ionbern
649 500 742 576 lomnt
761 517 819 561 not
839 517 874 578 3¹¹
886 498 951 573 min
971 499 1040 575 inid

123 581 190 657 mid)
211 584 271 658 eud)
294 582 391 659 helien,
413 600 476 642 non
498 600 566 641 sum
588 588 716 642 exactor
735 582 816 642 sicut
836 581 901 663 lex,
922 598 984 642 non
1004 581 1041 640 iu·

122 663 184 723 dex
205 665 283 723 sicut
304 664 366 743 lex,
387 683 451 726 non
472 672 571 725 tortor
590 665 670 724 sicut
690 664 752 725 lex.
795 663 935 744 Summo,
957 662 1041 725 nlllio

123 755 222 807 torum
246 766 313 806 sum
336 748 420 808 salus
442 754 475 807 et
495 747 671 808 consolnlio
692 748 886 809 suavissimo.

343 830 431 907 ltem,
454 831 522 910 Ego
544 848 703 911 cognosco
725 849 823 894 mess.

206 912 264 973 Hic
285 932 384 973 novus
413 922 497 974 esset
518 933 632 975 sermo.
683 913 762 974 lium
795 912 973 975 delinienda
1000 919 1041 973 ccl

123 997 261 1075 cognitio
283 997 343 1055 isla
366 1005 479 1077 mutuo,
502 995 640 1058 Christus
663 998 827 1077 cognoscit
846 1015 917 1077 nos,
939 995 996 1057 sod
1014 997 1039 1057 in

124 1080 306 1159 spirituus
326 1085 359 1139 ut
380 1082 483 1161 polius
506 1082 702 1160 ignorasset
733 1080 875 1141 oblivisci
899 1079 1038 1159 videnlur,

124 1161 204 1222 odeo
225 1180 283 1223 nos
305 1164 378 1223 sinit
399 1165 505 1224 vexari
527 1163 674 1225 violentis
695 1170 897 1244 tyrsunomm
919 1172 952 1224 ct
974 1162 1039 1223 dolo

124 1243 328 1311 diabolorum.
378 1245 455 1308 Ideo
483 1248 580 1325 sciro,
608 1247 758 1327 cognosci
789 1265 848 1309 nos
874 1266 895 1308 n
918 1246 1041 1324 chrisio,

125 1347 270 1409 msgnnm
292 1336 348 1389 est

206 1412 272 1472 Nos
294 1413 512 1493 cognoscimus
534 1412 698 1490 Christum,
719 1412 775 1474 scd
798 1411 871 1493 dds,
893 1414 968 1492 quin
986 1430 1041 1472 non

125 1502 254 1575 opponet
275 1513 347 1557 esso
368 1495 517 1576 Christus,
539 1495 595 1557 sed
617 1495 759 1558 diabolus
781 1504 905 1576 noster,
933 1496 960 1556 si
984 1513 1041 1575 spo·

125 1579 204 1638 ciem
226 1581 375 1658 sequaris.

208 1661 259 1723 Sic
280 1664 361 1724 enim
376 1670 409 1722 et
429 1667 516 1743 paler
528 1660 682 1723 Christum
704 1663 862 1743 cognovit,
883 1661 916 1721 id
939 1668 996 1739 eol,
1016 1666 1042 1719 nl

125 1745 350 1824 ignotissimum
372 1747 496 1806 nacturi
518 1747 666 1826 permisit,
686 1746 742 1808 scd
763 1747 795 1807 in
817 1746 926 1825 spiritu
947 1744 1041 1824 cogni·

125 1829 276 1889 tissimum
305 1828 430 1907 habuit,
456 1830 500 1890 ito
522 1837 555 1889 nt
581 1828 739 1891 dominnm
773 1830 910 1891 omnium
939 1826 1040 1889 concli-

125 1913 226 1973 tuerit.

206 1994 277 2076 lpse
298 2014 402 2056 rursus
423 1996 597 2075 cognoscit,
627 1994 659 2056 id
687 2004 752 2075 est,
775 1993 850 2056 nihil
873 1994 993 2057 dubitat
1010 1991 1041 2053 dc

126 2076 226 2154 Putre,
247 2080 443 2158 quantumvis
465 2098 500 2139 sc
522 2077 667 2140 ostendat
686 2080 825 2159 ignotum
850 2084 913 2143 etc.

248 2259 457 2322 Dominics
477 2258 649 2321 iubilate
669 2257 778 2322 Iohon.
801 2256 935 2342 xvl.¹).

209 2414 374 2495 Modicum,
404 2422 435 2475 et
461 2416 522 2475 ism
543 2433 606 2474 non
627 2412 768 2475 videbitis
792 2433 852 2491 ms,
883 2414 1042 2489 etiterum,

127 2498 294 2577 modicum,
316 2507 347 2559 cl
367 2497 509 2559 videbitis
532 2517 591 2573 me,
612 2498 685 2576 quis
706 2496 787 2558 vodo
815 2496 855 2558 sd
878 2495 1042 2567 pstremo.

128 2582 278 2642 Dixerunl
299 2601 375 2662 ergo
397 2600 437 2642 ex
459 2580 616 2661 discipulis
639 2581 703 2641 eius
726 2579 942 2642 adinvicem:
971 2574 1043 2655 Quid

129 2665 267 2745 estimo,
291 2665 373 2744 quod
397 2664 470 2724 dicit
489 2663 589 2745 nobis,
613 2662 777 2742 modicum,
801 2671 832 2725 ct
853 2683 917 2726 non
940 2662 1043 2724 videbi·

128 2753 165 2808 tis
190 2768 256 2828 me,
290 2750 467 2827 etiterum,
505 2747 677 2824 modicum,
710 2756 742 2807 ct
763 2746 906 2808 videbitis
929 2766 995 2826 mc,
1021 2750 1044 2804 ct

128 2833 200 2910 quia
230 2831 310 2892 vodo
340 2831 379 2892 cd
402 2830 546 2892 Patrem?
598 2830 748 2890 Dicebant
771 2849 862 2911 ergo:
894 2829 975 2906 Quid
1004 2830 1045 2889 ssi

127 2914 198 2994 hoc,
219 2914 301 2993 quod
324 2914 413 2992 dicit,
435 2914 611 2974 modicum?
664 2913 825 2974 Nescimus
849 2913 921 2993 quid
945 2913 1043 2993 loquo·

128 3004 183 3056 lor.
226 2997 382 3077 Cognovit
402 3004 504 3059 nutem
527 2995 635 3072 lesus,
658 2998 729 3076 quio
750 2996 898 3058 volebant
920 3016 990 3058 snm
1010 2996 1045 3057 in·

128 3087 300 3161 inrogare,
323 3088 354 3142 et
375 3081 452 3141 dixit
472 3081 528 3141 eis:
557 3081 604 3141 Dc
624 3079 684 3141 hoc
707 3082 852 3159 quaeritis
878 3082 960 3141 inter
989 3096 1046 3153 vos,

128 3163 200 3242 quio
222 3163 297 3242 dixi,
318 3165 483 3244 modinum,
506 3172 537 3224 ct
559 3182 621 3225 non
643 3163 858 3241 videbitismc,
880 3165 1046 3235 etiterum,

128 3247 293 3326 modicum,
317 3255 349 3308 et
369 3247 511 3309 videbitis
534 3266 591 3312 mo.
625 3248 726 3308 Amen
747 3266 837 3308 nmen
861 3247 932 3309 dico
956 3245 1047 3321 vobis,

129 3331 200 3409 quic
221 3331 382 3411 plorabitis
405 3339 436 3392 el
456 3329 568 3393 flebitis
591 3349 666 3411 vos,
698 3330 828 3393 mundus
857 3337 960 3393 aulem
981 3347 1047 3411 gon·

200 3649 227 3713 1)
246 3644 324 3701 Haec
351 3645 533 3700 conciuncula
562 3646 590 3697 in
619 3641 669 3697 ed.
697 3642 769 3713 orig.
796 3641 922 3698 redditur
946 3640 1048 3697 nltims.

127 3716 160 3784 2)
181 3716 211 3771 ln
231 3717 274 3771 cd.
294 3718 363 3788 mig.
383 3716 469 3772 verba
486 3715 631 3785 Evangelii
652 3713 790 3771 hactonus
808 3721 916 3772 tantum
935 3712 1045 3771 reddun-

127 3794 181 3861 tur,
200 3804 252 3844 nos
270 3787 316 3842 hic
333 3788 422 3845 sconti
439 3803 534 3844 snmus
555 3786 621 3842 odit.
640 3786 698 3844 Ion.
