2348 4162
248 250 252 255 ¹
268 266 305 324 ad
326 268 359 323 D.
378 268 522 324 Erasmum
542 267 765 325 Roterodamum.
917 264 979 332 315

59 444 112 501 tur.
157 438 239 500 Vere
261 439 341 500 enim
372 443 404 500 at
432 439 554 519 proprie
591 438 665 498 nibil
696 443 746 498 eet
773 457 890 509 eoram,
902 438 980 515 Deo,

59 522 107 602 qui
130 522 199 583 eine
220 523 350 583 earitate
370 528 426 586 eat.
470 521 521 583 Sia
544 527 576 582 et
599 521 637 582 de
658 520 755 582 libero
780 521 904 582 arbitrie
927 520 981 581 do·

59 625 172 667 eemue.
216 604 318 681 Quare
352 612 382 666 et
403 606 464 667 hoe
486 605 660 684 exemplum
684 604 850 684 pronubis
874 610 978 664 eontra

57 690 155 767 ipsam
179 687 329 751 diatriben
353 693 423 767 atat,
445 689 502 749 nisi
528 689 605 749 torte
627 687 728 748 adhue
746 687 874 749 diatriba
896 688 981 765 igno·

22 784 25 791 '
56 779 112 851 rat,
136 790 198 852 quo
215 772 287 833 loeo
300 791 479 852 pugnemus.
523 771 592 832 Non
608 772 688 831 enirn
712 770 750 831 de
772 790 841 831 ease
855 776 982 831 naturae

57 856 220 935 loquimur,
243 855 298 916 aed
322 854 360 915 de
382 875 450 916 esee
472 856 590 936 gratiae
613 855 660 935 (ut
675 853 818 936 vorant).
862 852 981 914 Scimus

56 938 184 999 liberum
207 937 362 999 arbitrium
375 945 482 999 natura
503 936 616 1018 aliquid
628 938 738 1016 faeere,
761 946 795 998 nt
808 935 981 1016 comedere,

57 1020 172 1099 bibere,
195 1022 332 1101 gignere,
353 1041 471 1102 regere,
494 1040 533 1082 ne
549 1039 607 1081 noe
625 1020 731 1082 delirio
745 1021 809 1096 illo,
833 1020 916 1080 velut
938 1038 982 1079 ar-

57 1105 177 1185 gntulo,
199 1103 306 1185 rideat,
330 1104 488 1184 quodnee
499 1123 630 1184 peceare
643 1103 765 1183 quidem
788 1104 895 1164 liceret
916 1104 983 1163 aine

58 1188 190 1266 Christo,
213 1189 238 1249 ei
262 1207 370 1249 voeem
395 1187 477 1248 illam
491 1185 574 1250 Nihil
590 1207 764 1268 urgeamus,
789 1206 856 1248 eum
880 1193 981 1247 tamen

57 1272 206 1333 Lutherue
220 1270 351 1349 donarit,
373 1270 500 1332 liberum
516 1272 673 1333 arbitrium
695 1271 800 1332 valere
822 1270 905 1349 nibil,
924 1269 982 1331 niei

57 1355 95 1416 ad
118 1353 329 1435 peeeaudum,
366 1353 445 1416 adeo
468 1353 555 1416 libuit
577 1355 706 1433 sapienti
730 1354 878 1415 diatribae
900 1353 983 1432 inep-

59 1439 114 1499 tire
136 1439 228 1499 etiam
253 1439 283 1500 in
303 1456 337 1498 re
359 1439 448 1502 aeria.
491 1437 627 1498 Dieimne
647 1438 738 1518 enim,
760 1437 916 1498 hominem
932 1454 982 1496 ex-

59 1520 250 1601 tragratiam
274 1521 339 1582 Dei.
362 1538 487 1582 manere
522 1521 719 1582 nihilominus
757 1519 813 1580 sub
847 1518 983 1600 generali

60 1604 285 1684 omnipotentia
307 1604 364 1664 Dei
387 1604 542 1682 facientia,
565 1605 729 1680 moventia,
750 1603 898 1682 rapientia
921 1621 982 1662 om-

59 1689 117 1765 nia,
141 1688 318 1748 neeessario
341 1693 373 1747 et
384 1686 533 1747 infallibili
546 1706 653 1763 eursu,
676 1685 731 1747 aed
753 1686 823 1763 hoe,
846 1685 984 1766 quodeie

60 1777 164 1851 raptus
187 1769 281 1831 homo
303 1769 392 1849 feeit,
432 1789 501 1830 ease
523 1769 615 1852 nihil,
638 1769 669 1831 id
692 1774 754 1849 eet,
784 1768 859 1829 nibil
883 1768 984 1829 valere

60 1872 165 1915 eoram
188 1853 275 1932 Deo,
309 1871 367 1913 nee
394 1852 475 1913 aliud
505 1853 659 1933 reputari,
693 1871 784 1931 quam
813 1858 983 1934 peecatum.
1059 1844 1067 1861 ⁴

60 1936 109 1998 Sia
130 1937 163 1997 iu
187 1937 287 2016 gratia
307 1935 382 1996 nihi}
404 1943 465 2014 eet,
499 1938 550 2015 qui
579 1938 645 1997 eine
672 1937 799 1997 earitute
821 1943 877 1998 est.
924 1936 985 1996 Our

59 2021 151 2100 igitur
172 2017 322 2093 diatriba,
355 2037 423 2079 eum
446 2020 578 2099 ipsamet
599 2019 732 2080 fateatur
752 2038 810 2081 nos
831 2019 892 2080 hoe
913 2018 983 2079 loen

60 2121 153 2184 agere
189 2101 227 2162 de
249 2102 346 2162 fruetu
370 2103 571 2181 evangelieo,
605 2104 655 2183 qui
691 2104 756 2162 eine
779 2102 899 2164 Christo
922 2120 982 2162 non

60 2185 222 2264 contingit,
244 2184 294 2245 bie
315 2204 391 2246 mox
413 2193 501 2246 extra
523 2192 634 2247 etatum
659 2204 771 2246 eaueae
794 2185 930 2264 divertit,
955 2191 985 2245 et

60 2270 193 2331 alienam
216 2269 390 2330 cantionem
415 2287 486 2329 orna
507 2266 546 2329 de
568 2288 662 2350 opere
683 2269 813 2330 naturali
836 2275 865 2329 et
887 2270 983 2329 fruetu

59 2352 198 2414 hnmano
221 2350 403 2413 eavillatur?
425 2353 482 2411 nisi
505 2352 587 2430 quod
610 2370 760 2431 nusquam
783 2350 839 2413 eibi
854 2357 984 2431 eonatat,

60 2437 108 2515 qni
131 2435 262 2495 veritate
284 2435 422 2514 privatus
442 2440 499 2495 eet.

143 2518 195 2580 die
209 2517 289 2578 'iilud
311 2518 418 2581 luban.
441 2519 473 2582 3:
492 2515 564 2579 Non
588 2516 796 2597 poteethomo
819 2516 983 2596 quidquam

59 2601 212 2682 aeeipere,
236 2599 295 2662 niai
316 2601 406 2661 fuerit
427 2601 455 2660 ei
479 2600 583 2661 datum
605 2619 623 2660 e
645 2600 749 2662 eaelo.

143 2683 295 2745 lohannes
317 2683 452 2764 loquitur
464 2681 502 2744 de
520 2683 654 2761 bomine,
678 2684 728 2762 qui
743 2684 848 2761 utique
870 2681 984 2761 aliquid

58 2769 119 2829 iam
142 2773 218 2844 erat,
241 2774 272 2828 et
293 2766 374 2827 bune
397 2772 491 2846 negat
513 2767 654 2846 aeeipere
670 2765 846 2847 quidquam,
868 2765 985 2825 eeilieet

58 2851 204 2932 Spiritum
227 2869 295 2911 eum
319 2850 423 2928 dunie3
445 2848 483 2911 de
505 2849 565 2910 hoe
588 2851 668 2910 enim
692 2848 890 2930 loquebatur,
921 2867 983 2909 non

59 2933 238 2995 denatura.
281 2932 347 2993 Nee
374 2934 454 2993 enim
485 2952 562 3012 opus
584 2932 627 2993 illi
661 2934 716 2993 fuit
747 2934 892 3013 magistra
921 2931 984 2992 dia·

60 3016 148 3094 tribe,
172 3035 252 3095 quae
274 3015 360 3076 illum
373 3015 509 3089 doeeret,
532 3014 687 3076 hominem
701 3016 817 3077 habere
837 3018 898 3076 iam
911 3035 984 3077 oeu-

58 3099 118 3177 loe,
140 3118 245 3178 nares,
268 3118 375 3179 aures,
398 3117 448 3180 ns,
470 3117 595 3176 manue,
619 3105 762 3177 mentem,
784 3098 984 3179 voluntatem,

59 3183 212 3244 rationem
234 3188 267 3242 et
288 3184 402 3261 omnia,
426 3201 506 3261 quae
529 3189 600 3242 eunt
621 3183 653 3241 in
675 3182 816 3260 homine,
839 3183 898 3243 nisi
921 3183 984 3242 dia·

60 3265 137 3327 triba
160 3265 267 3344 eredit,
290 3265 460 3345 Baptistam
484 3272 544 3326 tam
566 3265 712 3326 furiosum
724 3264 826 3341 fuisse,
850 3272 891 3344 ut,
916 3284 983 3325 eum

58 3347 216 3409 bominem
240 3349 414 3430 nominarit,
448 3349 543 3409 ehaoe
572 3348 726 3426 Platonis,
768 3355 821 3409 aut
854 3367 984 3408 vaenum

60 3432 216 3511 Leueippi,
239 3437 292 3493 aut
312 3431 464 3492 infinitum
487 3431 662 3492 Aristotelis
698 3438 752 3492 aut
779 3431 865 3492 aliud
889 3429 984 3510 quod-

60 3513 131 3575 dam
153 3514 227 3574 nihil
251 3515 409 3596 eogitarit,
433 3514 515 3594 quod
539 3512 622 3576 dono
646 3514 771 3576 euoelo
795 3513 908 3594 aliquid
932 3512 982 3575 de·
1018 3548 1034 3579 ι

60 3617 144 3658 mum
165 3596 268 3673 fieret,
304 3597 422 3659 eeilieat
443 3598 504 3659 hoe
538 3606 586 3658 est
607 3598 751 3680 exempla
780 3596 983 3678 ascriptum

59 3680 210 3762 proferre,
232 3681 277 3741 eie
298 3681 329 3741 in
351 3700 385 3742 re
407 3687 493 3742 tenta
514 3679 553 3742 de
573 3679 721 3742 industria
743 3680 858 3743 ludere.

144 3762 299 3840 Quorsum
321 3763 415 3847 igitur
436 3764 489 3825 illa
512 3763 602 3844 eopia
624 3764 742 3845 attinet,
765 3764 847 3844 quud
869 3765 984 3848 ignem,
