<?xml version="1.0" encoding="UTF-8"?>
<!DOCTYPE html PUBLIC "-//W3C//DTD XHTML 1.0 Transitional//EN"
    "http://www.w3.org/TR/xhtml1/DTD/xhtml1-transitional.dtd">
<html xmlns="http://www.w3.org/1999/xhtml" xml:lang="en" lang="en">
 <head>
  <title>
</title>
<meta http-equiv="Content-Type" content="text/html;charset=utf-8" />
  <meta name='ocr-system' content='tesseract 3.04.00' />
  <meta name='ocr-capabilities' content='ocr_page ocr_carea ocr_par ocr_line ocrx_word'/>
</head>
<body>
  <div class='ocr_page' id='page_1' title='image "./dmartinilutheri02luthgoog_0138.png"; bbox 0 0 2348 4162; ppageno 0'>
   <div class='ocr_carea' id='block_1_1' title="bbox 282 246 993 345">
    <p class='ocr_par' dir='ltr' id='par_1_1' title="bbox 282 246 993 345">
     <span class='ocr_line' id='line_1_1' title="bbox 282 246 993 345; baseline 0.013 -11"><span class='ocrx_word' id='word_1_1' title='bbox 282 248 373 335; x_wconf 81' lang='lat' dir='ltr'><strong>adl).</strong></span> <span class='ocrx_word' id='word_1_2' title='bbox 391 279 535 335; x_wconf 80' lang='lat' dir='ltr'><strong>Erasmum</strong></span> <span class='ocrx_word' id='word_1_3' title='bbox 554 246 778 336; x_wconf 79' lang='lat' dir='ltr'><strong>Roterodamum.</strong></span> <span class='ocrx_word' id='word_1_4' title='bbox 931 277 993 345; x_wconf 75' lang='lat'><strong>127</strong></span> 
     </span>
    </p>
   </div>
   <div class='ocr_carea' id='block_1_2' title="bbox 69 430 995 698">
    <p class='ocr_par' dir='ltr' id='par_1_2' title="bbox 69 430 995 698">
     <span class='ocr_line' id='line_1_2' title="bbox 70 430 995 532; baseline 0.002 -21"><span class='ocrx_word' id='word_1_5' title='bbox 70 450 239 511; x_wconf 82' lang='lat' dir='ltr'><strong>divinitatis</strong></span> <span class='ocrx_word' id='word_1_6' title='bbox 273 451 407 511; x_wconf 88' lang='lat' dir='ltr'><strong>trinitate</strong></span> <span class='ocrx_word' id='word_1_7' title='bbox 438 456 470 511; x_wconf 90' lang='lat' dir='ltr'><strong>et</strong></span> <span class='ocrx_word' id='word_1_8' title='bbox 490 430 680 512; x_wconf 86' lang='lat' dir='ltr'><strong>humanitate</strong></span> <span class='ocrx_word' id='word_1_9' title='bbox 702 451 812 514; x_wconf 73' lang='lat' dir='ltr'><strong>(ibristi</strong></span> <span class='ocrx_word' id='word_1_10' title='bbox 846 471 901 532; x_wconf 87' lang='lat' dir='ltr'><strong>per</strong></span> <span class='ocrx_word' id='word_1_11' title='bbox 923 470 995 532; x_wconf 88' lang='lat' dir='ltr'><strong>ope·</strong></span> 
     </span>
     <span class='ocr_line' id='line_1_3' title="bbox 69 533 768 596; baseline 0 -1"><span class='ocrx_word' id='word_1_12' title='bbox 69 535 221 595; x_wconf 90' lang='lat' dir='ltr'><strong>rationem</strong></span> <span class='ocrx_word' id='word_1_13' title='bbox 246 533 380 595; x_wconf 79' lang='lat' dir='ltr'><strong>Satanae</strong></span> <span class='ocrx_word' id='word_1_14' title='bbox 401 533 458 595; x_wconf 88' lang='lat' dir='ltr'><strong>Dei</strong></span> <span class='ocrx_word' id='word_1_15' title='bbox 481 535 527 594; x_wconf 90' lang='lat' dir='ltr'><strong>sui</strong></span> <span class='ocrx_word' id='word_1_16' title='bbox 549 553 611 594; x_wconf 90' lang='lat' dir='ltr'><strong>non</strong></span> <span class='ocrx_word' id='word_1_17' title='bbox 635 534 768 596; x_wconf 85' lang='lat' dir='ltr'><strong>videant.</strong></span> 
     </span>
     <span class='ocr_line' id='line_1_4' title="bbox 151 614 995 698; baseline 0 -21"><span class='ocrx_word' id='word_1_18' title='bbox 151 616 193 677; x_wconf 74' lang='lat' dir='ltr'><strong>ut</strong></span> <span class='ocrx_word' id='word_1_19' title='bbox 214 623 248 676; x_wconf 92' lang='lat' dir='ltr'><strong>ut</strong></span> <span class='ocrx_word' id='word_1_20' title='bbox 268 616 403 679; x_wconf 85' lang='lat' dir='ltr'><strong>breviter</strong></span> <span class='ocrx_word' id='word_1_21' title='bbox 423 614 535 698; x_wconf 89' lang='lat' dir='ltr'><strong>dicam,</strong></span> <span class='ocrx_word' id='word_1_22' title='bbox 558 615 673 697; x_wconf 87' lang='lat' dir='ltr'>duplex</span> <span class='ocrx_word' id='word_1_23' title='bbox 705 624 752 678; x_wconf 92' lang='lat' dir='ltr'><strong>est</strong></span> <span class='ocrx_word' id='word_1_24' title='bbox 772 617 893 678; x_wconf 78' lang='lat' dir='ltr'><strong>claritas</strong></span> <span class='ocrx_word' id='word_1_25' title='bbox 915 615 995 680; x_wconf 83' lang='lat' dir='ltr'><strong>Scri·</strong></span> 
     </span>
    </p>
   </div>
   <div class='ocr_carea' id='block_1_3' title="bbox 42 698 1090 780">
    <p class='ocr_par' dir='ltr' id='par_1_3' title="bbox 42 698 1090 780">
     <span class='ocr_line' id='line_1_5' title="bbox 42 698 1090 780; baseline 0.002 -21"><span class='ocrx_word' id='word_1_26' title='bbox 42 726 45 733; x_wconf 95' lang='lat'>·</span> <span class='ocrx_word' id='word_1_27' title='bbox 68 707 189 780; x_wconf 87' lang='lat' dir='ltr'><strong>pturae,</strong></span> <span class='ocrx_word' id='word_1_28' title='bbox 211 700 290 761; x_wconf 92' lang='lat' dir='ltr'><strong>sicut</strong></span> <span class='ocrx_word' id='word_1_29' title='bbox 308 706 343 761; x_wconf 86' lang='lat' dir='ltr'><strong>et</strong></span> <span class='ocrx_word' id='word_1_30' title='bbox 365 698 480 780; x_wconf 80' lang='lat' dir='ltr'>duplex</span> <span class='ocrx_word' id='word_1_31' title='bbox 504 698 700 779; x_wconf 77' lang='lat' dir='ltr'><strong>obscuritas,</strong></span> <span class='ocrx_word' id='word_1_32' title='bbox 730 719 791 760; x_wconf 89' lang='lat' dir='ltr'><strong>una</strong></span> <span class='ocrx_word' id='word_1_33' title='bbox 814 707 942 760; x_wconf 87' lang='lat' dir='ltr'><strong>externa</strong></span> <span class='ocrx_word' id='word_1_34' title='bbox 962 701 994 761; x_wconf 91' lang='lat' dir='ltr'><strong>in</strong></span> <span class='ocrx_word' id='word_1_35' title='bbox 1087 733 1090 740; x_wconf 93' lang='lat'>·</span> 
     </span>
    </p>
   </div>
   <div class='ocr_carea' id='block_1_4' title="bbox 66 768 998 2688">
    <p class='ocr_par' dir='ltr' id='par_1_4' title="bbox 68 768 998 2024">
     <span class='ocr_line' id='line_1_6' title="bbox 69 768 995 864; baseline 0.001 -21"><span class='ocrx_word' id='word_1_36' title='bbox 69 783 154 845; x_wconf 86' lang='lat' dir='ltr'><strong>verbi</strong></span> <span class='ocrx_word' id='word_1_37' title='bbox 176 783 345 844; x_wconf 89' lang='lat' dir='ltr'><strong>ministerio</strong></span> <span class='ocrx_word' id='word_1_38' title='bbox 368 784 493 863; x_wconf 90' lang='lat' dir='ltr'><strong>posita,</strong></span> <span class='ocrx_word' id='word_1_39' title='bbox 523 768 619 844; x_wconf 86' lang='lat' dir='ltr'><strong>altera</strong></span> <span class='ocrx_word' id='word_1_40' title='bbox 639 784 672 842; x_wconf 91' lang='lat' dir='ltr'><strong>in</strong></span> <span class='ocrx_word' id='word_1_41' title='bbox 695 782 795 844; x_wconf 88' lang='lat' dir='ltr'><strong>cordis</strong></span> <span class='ocrx_word' id='word_1_42' title='bbox 817 783 995 864; x_wconf 75' lang='lat' dir='ltr'>cognitione</span> 
     </span>
     <span class='ocr_line' id='line_1_7' title="bbox 69 863 994 947; baseline 0.002 -22"><span class='ocrx_word' id='word_1_43' title='bbox 69 868 137 927; x_wconf 88' lang='lat' dir='ltr'><strong>sita.</strong></span> <span class='ocrx_word' id='word_1_44' title='bbox 184 865 216 927; x_wconf 88' lang='lat' dir='ltr'><strong>si</strong></span> <span class='ocrx_word' id='word_1_45' title='bbox 239 866 278 927; x_wconf 93' lang='lat' dir='ltr'><strong>de</strong></span> <span class='ocrx_word' id='word_1_46' title='bbox 298 867 418 927; x_wconf 87' lang='lat' dir='ltr'><strong>interna</strong></span> <span class='ocrx_word' id='word_1_47' title='bbox 445 865 584 927; x_wconf 86' lang='lat' dir='ltr'><strong>claritate</strong></span> <span class='ocrx_word' id='word_1_48' title='bbox 609 863 744 947; x_wconf 86' lang='lat' dir='ltr'><strong>dixeris,</strong></span> <span class='ocrx_word' id='word_1_49' title='bbox 779 865 878 926; x_wconf 91' lang='lat' dir='ltr'><strong>nullus</strong></span> <span class='ocrx_word' id='word_1_50' title='bbox 900 865 994 927; x_wconf 89' lang='lat' dir='ltr'><strong>homo</strong></span> 
     </span>
     <span class='ocr_line' id='line_1_8' title="bbox 69 946 995 1030; baseline 0 -22"><span class='ocrx_word' id='word_1_51' title='bbox 69 967 164 1009; x_wconf 88' lang='lat' dir='ltr'><strong>unum</strong></span> <span class='ocrx_word' id='word_1_52' title='bbox 187 950 253 1010; x_wconf 90' lang='lat' dir='ltr'><strong>iota</strong></span> <span class='ocrx_word' id='word_1_53' title='bbox 274 950 304 1009; x_wconf 93' lang='lat' dir='ltr'><strong>in</strong></span> <span class='ocrx_word' id='word_1_54' title='bbox 326 946 491 1029; x_wconf 88' lang='lat' dir='ltr'><strong>Scripturis</strong></span> <span class='ocrx_word' id='word_1_55' title='bbox 514 948 605 1027; x_wconf 89' lang='lat' dir='ltr'><strong>videt,</strong></span> <span class='ocrx_word' id='word_1_56' title='bbox 627 950 685 1010; x_wconf 87' lang='lat' dir='ltr'><strong>nisi</strong></span> <span class='ocrx_word' id='word_1_57' title='bbox 708 950 759 1030; x_wconf 91' lang='lat' dir='ltr'><strong>qui</strong></span> <span class='ocrx_word' id='word_1_58' title='bbox 782 949 918 1029; x_wconf 88' lang='lat' dir='ltr'><strong>spiritum</strong></span> <span class='ocrx_word' id='word_1_59' title='bbox 939 949 995 1009; x_wconf 90' lang='lat' dir='ltr'><strong>Dei</strong></span> 
     </span>
     <span class='ocr_line' id='line_1_9' title="bbox 68 1030 995 1112; baseline -0.001 -21"><span class='ocrx_word' id='word_1_60' title='bbox 68 1030 173 1111; x_wconf 91' lang='lat' dir='ltr'><strong>habet,</strong></span> <span class='ocrx_word' id='word_1_61' title='bbox 186 1035 295 1093; x_wconf 85' lang='lat' dir='ltr'><strong>omnes</strong></span> <span class='ocrx_word' id='word_1_62' title='bbox 310 1031 424 1094; x_wconf 88' lang='lat' dir='ltr'><strong>habent</strong></span> <span class='ocrx_word' id='word_1_63' title='bbox 442 1030 635 1093; x_wconf 90' lang='lat' dir='ltr'><strong>obscuratum</strong></span> <span class='ocrx_word' id='word_1_64' title='bbox 652 1050 714 1110; x_wconf 91' lang='lat' dir='ltr'><strong>cor,</strong></span> <span class='ocrx_word' id='word_1_65' title='bbox 736 1034 779 1093; x_wconf 89' lang='lat' dir='ltr'><strong>ita</strong></span> <span class='ocrx_word' id='word_1_66' title='bbox 801 1036 843 1112; x_wconf 90' lang='lat' dir='ltr'><strong>ut,</strong></span> <span class='ocrx_word' id='word_1_67' title='bbox 865 1031 889 1091; x_wconf 92' lang='lat' dir='ltr'><strong>si</strong></span> <span class='ocrx_word' id='word_1_68' title='bbox 903 1032 995 1092; x_wconf 90' lang='lat' dir='ltr'><strong>etiam</strong></span> 
     </span>
     <span class='ocr_line' id='line_1_10' title="bbox 70 1113 996 1196; baseline 0 -21"><span class='ocrx_word' id='word_1_69' title='bbox 70 1114 178 1176; x_wconf 85' lang='lat' dir='ltr'><strong>dicant</strong></span> <span class='ocrx_word' id='word_1_70' title='bbox 210 1123 241 1176; x_wconf 87' lang='lat' dir='ltr'><strong>et</strong></span> <span class='ocrx_word' id='word_1_71' title='bbox 262 1116 364 1176; x_wconf 85' lang='lat' dir='ltr'>norint</span> <span class='ocrx_word' id='word_1_72' title='bbox 392 1115 529 1195; x_wconf 79' lang='lat' dir='ltr'><strong>proferre</strong></span> <span class='ocrx_word' id='word_1_73' title='bbox 564 1116 668 1175; x_wconf 90' lang='lat' dir='ltr'><strong>omnia</strong></span> <span class='ocrx_word' id='word_1_74' title='bbox 690 1115 888 1196; x_wconf 80' lang='lat' dir='ltr'><strong>Scripturas,</strong></span> <span class='ocrx_word' id='word_1_75' title='bbox 907 1113 996 1189; x_wconf 60' lang='lat' dir='ltr'><strong>¹nihil</strong></span> 
     </span>
     <span class='ocr_line' id='line_1_11' title="bbox 71 1197 996 1278; baseline 0 -20"><span class='ocrx_word' id='word_1_76' title='bbox 71 1205 177 1259; x_wconf 89' lang='lat' dir='ltr'><strong>tamen</strong></span> <span class='ocrx_word' id='word_1_77' title='bbox 199 1197 310 1258; x_wconf 84' lang='lat' dir='ltr'><strong>horum</strong></span> <span class='ocrx_word' id='word_1_78' title='bbox 333 1199 466 1258; x_wconf 82' lang='lat' dir='ltr'><strong>sentiant</strong></span> <span class='ocrx_word' id='word_1_79' title='bbox 488 1203 541 1258; x_wconf 87' lang='lat' dir='ltr'><strong>out</strong></span> <span class='ocrx_word' id='word_1_80' title='bbox 563 1217 635 1259; x_wconf 88' lang='lat' dir='ltr'><strong>vere</strong></span> <span class='ocrx_word' id='word_1_81' title='bbox 657 1205 867 1278; x_wconf 78' lang='lat' dir='ltr'><strong>cognoscant,</strong></span> <span class='ocrx_word' id='word_1_82' title='bbox 895 1216 996 1277; x_wconf 88' lang='lat' dir='ltr'><strong>neque</strong></span> 
     </span>
     <span class='ocr_line' id='line_1_12' title="bbox 70 1279 997 1358; baseline 0.001 -17"><span class='ocrx_word' id='word_1_83' title='bbox 70 1279 201 1342; x_wconf 89' lang='lat' dir='ltr'><strong>creduut</strong></span> <span class='ocrx_word' id='word_1_84' title='bbox 224 1283 340 1358; x_wconf 87' lang='lat' dir='ltr'><strong>Deum,</strong></span> <span class='ocrx_word' id='word_1_85' title='bbox 372 1299 431 1341; x_wconf 93' lang='lat' dir='ltr'><strong>neo</strong></span> <span class='ocrx_word' id='word_1_86' title='bbox 453 1298 523 1341; x_wconf 87' lang='lat' dir='ltr'><strong>sese</strong></span> <span class='ocrx_word' id='word_1_87' title='bbox 557 1299 625 1341; x_wconf 88' lang='lat' dir='ltr'><strong>esse</strong></span> <span class='ocrx_word' id='word_1_88' title='bbox 655 1287 809 1342; x_wconf 83' lang='lat' dir='ltr'><strong>creaturas</strong></span> <span class='ocrx_word' id='word_1_89' title='bbox 831 1280 912 1356; x_wconf 87' lang='lat' dir='ltr'><strong>Dei,</strong></span> <span class='ocrx_word' id='word_1_90' title='bbox 937 1299 997 1342; x_wconf 88' lang='lat' dir='ltr'><strong>nec</strong></span> 
     </span>
     <span class='ocr_line' id='line_1_13' title="bbox 69 1362 995 1445; baseline -0.003 -18"><span class='ocrx_word' id='word_1_91' title='bbox 69 1362 339 1444; x_wconf 88' lang='lat' dir='ltr'><strong>quicquamaliud,</strong></span> <span class='ocrx_word' id='word_1_92' title='bbox 363 1365 450 1424; x_wconf 89' lang='lat' dir='ltr'><strong>iuxta</strong></span> <span class='ocrx_word' id='word_1_93' title='bbox 463 1362 536 1423; x_wconf 94' lang='lat' dir='ltr'><strong>illud</strong></span> <span class='ocrx_word' id='word_1_94' title='bbox 549 1363 720 1445; x_wconf 81' lang='lat' dir='ltr'><strong>Psal.14¹):</strong></span> <span class='ocrx_word' id='word_1_95' title='bbox 744 1365 828 1425; x_wconf 86' lang='lat' dir='ltr'><strong>Dixit</strong></span> <span class='ocrx_word' id='word_1_96' title='bbox 848 1365 995 1445; x_wconf 81' lang='lat' dir='ltr'><strong>insipiens</strong></span> 
     </span>
     <span class='ocr_line' id='line_1_14' title="bbox 69 1445 997 1527; baseline 0.001 -20"><span class='ocrx_word' id='word_1_97' title='bbox 69 1449 99 1507; x_wconf 93' lang='lat' dir='ltr'><strong>in</strong></span> <span class='ocrx_word' id='word_1_98' title='bbox 122 1445 219 1508; x_wconf 86' lang='lat' dir='ltr'><strong>corde</strong></span> <span class='ocrx_word' id='word_1_99' title='bbox 240 1464 308 1524; x_wconf 89' lang='lat' dir='ltr'><strong>suo,</strong></span> <span class='ocrx_word' id='word_1_100' title='bbox 330 1446 413 1507; x_wconf 89' lang='lat' dir='ltr'><strong>Deus</strong></span> <span class='ocrx_word' id='word_1_101' title='bbox 435 1446 510 1507; x_wconf 92' lang='lat' dir='ltr'><strong>nihil</strong></span> <span class='ocrx_word' id='word_1_102' title='bbox 533 1453 587 1511; x_wconf 90' lang='lat' dir='ltr'><strong>est.</strong></span> <span class='ocrx_word' id='word_1_103' title='bbox 645 1445 773 1527; x_wconf 85' lang='lat' dir='ltr'><strong>Spiritus</strong></span> <span class='ocrx_word' id='word_1_104' title='bbox 797 1448 876 1508; x_wconf 87' lang='lat' dir='ltr'><strong>enim</strong></span> <span class='ocrx_word' id='word_1_105' title='bbox 900 1447 997 1527; x_wconf 90' lang='lat' dir='ltr'><strong>requi·</strong></span> 
     </span>
     <span class='ocr_line' id='line_1_15' title="bbox 70 1528 996 1609; baseline 0 -19"><span class='ocrx_word' id='word_1_106' title='bbox 70 1531 146 1591; x_wconf 77' lang='lat' dir='ltr'><strong>uitur</strong></span> <span class='ocrx_word' id='word_1_107' title='bbox 169 1528 211 1589; x_wconf 86' lang='lat' dir='ltr'><strong>ad</strong></span> <span class='ocrx_word' id='word_1_108' title='bbox 240 1533 337 1591; x_wconf 92' lang='lat' dir='ltr'><strong>totam</strong></span> <span class='ocrx_word' id='word_1_109' title='bbox 358 1528 544 1609; x_wconf 71' lang='lat' dir='ltr'><strong>scripturam</strong></span> <span class='ocrx_word' id='word_1_110' title='bbox 569 1536 621 1591; x_wconf 29' lang='lat' dir='ltr'><strong>*et</strong></span> <span class='ocrx_word' id='word_1_111' title='bbox 652 1529 690 1589; x_wconf 93' lang='lat' dir='ltr'><strong>ad</strong></span> <span class='ocrx_word' id='word_1_112' title='bbox 725 1529 893 1609; x_wconf 82' lang='lat' dir='ltr'><strong>quamlibet</strong></span> <span class='ocrx_word' id='word_1_113' title='bbox 931 1530 996 1590; x_wconf 92' lang='lat' dir='ltr'><strong>eius</strong></span> 
     </span>
     <span class='ocr_line' id='line_1_16' title="bbox 69 1609 994 1694; baseline -0.001 -21"><span class='ocrx_word' id='word_1_114' title='bbox 69 1620 191 1694; x_wconf 85' lang='lat' dir='ltr'><strong>partem</strong></span> <span class='ocrx_word' id='word_1_115' title='bbox 213 1611 454 1692; x_wconf 87' lang='lat' dir='ltr'><strong>intelligendam.</strong></span> <span class='ocrx_word' id='word_1_116' title='bbox 498 1609 530 1674; x_wconf 81' lang='lat' dir='ltr'><strong>Si</strong></span> <span class='ocrx_word' id='word_1_117' title='bbox 554 1611 593 1672; x_wconf 92' lang='lat' dir='ltr'><strong>de</strong></span> <span class='ocrx_word' id='word_1_118' title='bbox 615 1619 743 1673; x_wconf 85' lang='lat' dir='ltr'><strong>externa</strong></span> <span class='ocrx_word' id='word_1_119' title='bbox 765 1613 896 1691; x_wconf 87' lang='lat' dir='ltr'><strong>dixeris,</strong></span> <span class='ocrx_word' id='word_1_120' title='bbox 920 1611 994 1672; x_wconf 91' lang='lat' dir='ltr'><strong>nihil</strong></span> 
     </span>
     <span class='ocr_line' id='line_1_17' title="bbox 70 1693 996 1776; baseline -0.002 -21"><span class='ocrx_word' id='word_1_121' title='bbox 70 1714 198 1776; x_wconf 88' lang='lat' dir='ltr'><strong>prorsus</strong></span> <span class='ocrx_word' id='word_1_122' title='bbox 219 1695 357 1758; x_wconf 90' lang='lat' dir='ltr'><strong>relictum</strong></span> <span class='ocrx_word' id='word_1_123' title='bbox 382 1702 429 1755; x_wconf 87' lang='lat' dir='ltr'><strong>est</strong></span> <span class='ocrx_word' id='word_1_124' title='bbox 450 1695 613 1756; x_wconf 87' lang='lat' dir='ltr'><strong>obscurum</strong></span> <span class='ocrx_word' id='word_1_125' title='bbox 648 1703 701 1755; x_wconf 89' lang='lat' dir='ltr'><strong>aut</strong></span> <span class='ocrx_word' id='word_1_126' title='bbox 722 1694 919 1775; x_wconf 83' lang='lat' dir='ltr'><strong>ambiguum,</strong></span> <span class='ocrx_word' id='word_1_127' title='bbox 942 1693 996 1755; x_wconf 93' lang='lat' dir='ltr'><strong>sed</strong></span> 
     </span>
     <span class='ocr_line' id='line_1_18' title="bbox 71 1777 996 1859; baseline 0 -20"><span class='ocrx_word' id='word_1_128' title='bbox 71 1779 180 1840; x_wconf 88' lang='lat' dir='ltr'><strong>omnia</strong></span> <span class='ocrx_word' id='word_1_129' title='bbox 200 1785 271 1839; x_wconf 92' lang='lat' dir='ltr'><strong>sunt</strong></span> <span class='ocrx_word' id='word_1_130' title='bbox 303 1777 505 1859; x_wconf 82' lang='lat' dir='ltr'><strong>perverbum</strong></span> <span class='ocrx_word' id='word_1_131' title='bbox 535 1779 566 1839; x_wconf 91' lang='lat' dir='ltr'><strong>in</strong></span> <span class='ocrx_word' id='word_1_132' title='bbox 588 1778 687 1839; x_wconf 89' lang='lat' dir='ltr'><strong>lucem</strong></span> <span class='ocrx_word' id='word_1_133' title='bbox 721 1777 871 1859; x_wconf 88' lang='lat' dir='ltr'><strong>producta</strong></span> <span class='ocrx_word' id='word_1_134' title='bbox 892 1778 996 1839; x_wconf 84' lang='lat' dir='ltr'><strong>certis·</strong></span> 
     </span>
     <span class='ocr_line' id='line_1_19' title="bbox 71 1860 998 1942; baseline 0.002 -21"><span class='ocrx_word' id='word_1_135' title='bbox 71 1864 183 1922; x_wconf 90' lang='lat' dir='ltr'><strong>simam</strong></span> <span class='ocrx_word' id='word_1_136' title='bbox 195 1907 205 1941; x_wconf 93' lang='lat'><strong>,</strong></span> <span class='ocrx_word' id='word_1_137' title='bbox 228 1868 260 1921; x_wconf 86' lang='lat' dir='ltr'><strong>et</strong></span> <span class='ocrx_word' id='word_1_138' title='bbox 280 1861 434 1922; x_wconf 86' lang='lat' dir='ltr'><strong>declarata</strong></span> <span class='ocrx_word' id='word_1_139' title='bbox 456 1867 522 1922; x_wconf 91' lang='lat' dir='ltr'><strong>toto</strong></span> <span class='ocrx_word' id='word_1_140' title='bbox 545 1861 611 1922; x_wconf 92' lang='lat' dir='ltr'><strong>orbi</strong></span> <span class='ocrx_word' id='word_1_141' title='bbox 622 1860 666 1942; x_wconf 75' lang='lat'><strong>²),</strong></span> <span class='ocrx_word' id='word_1_142' title='bbox 691 1880 892 1941; x_wconf 87' lang='lat' dir='ltr'><strong>quaecunque</strong></span> <span class='ocrx_word' id='word_1_143' title='bbox 926 1866 998 1923; x_wconf 91' lang='lat' dir='ltr'><strong>sunt</strong></span> 
     </span>
     <span class='ocr_line' id='line_1_20' title="bbox 70 1943 422 2024; baseline -0.003 -20"><span class='ocrx_word' id='word_1_144' title='bbox 70 1946 101 2004; x_wconf 92' lang='lat' dir='ltr'><strong>in</strong></span> <span class='ocrx_word' id='word_1_145' title='bbox 126 1943 300 2024; x_wconf 81' lang='lat' dir='ltr'><strong>Scripturia.</strong></span> <span class='ocrx_word' id='word_1_146' title='bbox 420 1999 422 2003; x_wconf 87' lang='lat'>.</span> 
     </span>
    </p>

    <p class='ocr_par' dir='ltr' id='par_1_5' title="bbox 66 2025 998 2688">
     <span class='ocr_line' id='line_1_21' title="bbox 152 2025 997 2107; baseline 0 -20"><span class='ocrx_word' id='word_1_147' title='bbox 152 2025 213 2088; x_wconf 80' lang='lat' dir='ltr'><strong>sed</strong></span> <span class='ocrx_word' id='word_1_148' title='bbox 236 2026 310 2087; x_wconf 92' lang='lat' dir='ltr'><strong>illud</strong></span> <span class='ocrx_word' id='word_1_149' title='bbox 334 2027 431 2106; x_wconf 84' lang='lat' dir='ltr'><strong>magis</strong></span> <span class='ocrx_word' id='word_1_150' title='bbox 454 2032 500 2087; x_wconf 91' lang='lat' dir='ltr'><strong>est</strong></span> <span class='ocrx_word' id='word_1_151' title='bbox 520 2025 736 2107; x_wconf 72' lang='lat' dir='ltr'><strong>intolerabile,</strong></span> <span class='ocrx_word' id='word_1_152' title='bbox 765 2026 848 2106; x_wconf 89' lang='lat' dir='ltr'><strong>quod</strong></span> <span class='ocrx_word' id='word_1_153' title='bbox 871 2045 997 2087; x_wconf 88' lang='lat' dir='ltr'><strong>causam</strong></span> 
     </span>
     <span class='ocr_line' id='line_1_22' title="bbox 67 2108 994 2190; baseline -0.001 -20"><span class='ocrx_word' id='word_1_154' title='bbox 67 2111 151 2172; x_wconf 87' lang='lat' dir='ltr'><strong>banc</strong></span> <span class='ocrx_word' id='word_1_155' title='bbox 173 2108 260 2171; x_wconf 89' lang='lat' dir='ltr'><strong>liberi</strong></span> <span class='ocrx_word' id='word_1_156' title='bbox 284 2108 398 2171; x_wconf 89' lang='lat' dir='ltr'><strong>arbitrii</strong></span> <span class='ocrx_word' id='word_1_157' title='bbox 419 2110 499 2170; x_wconf 85' lang='lat' dir='ltr'><strong>inter</strong></span> <span class='ocrx_word' id='word_1_158' title='bbox 521 2129 559 2170; x_wconf 83' lang='lat' dir='ltr'><strong>ea</strong></span> <span class='ocrx_word' id='word_1_159' title='bbox 581 2128 733 2190; x_wconf 87' lang='lat' dir='ltr'><strong>numeras,</strong></span> <span class='ocrx_word' id='word_1_160' title='bbox 757 2129 836 2190; x_wconf 85' lang='lat' dir='ltr'><strong>quae</strong></span> <span class='ocrx_word' id='word_1_161' title='bbox 858 2117 929 2171; x_wconf 90' lang='lat' dir='ltr'><strong>sunt</strong></span> <span class='ocrx_word' id='word_1_162' title='bbox 950 2111 994 2170; x_wconf 90' lang='lat' dir='ltr'><strong>in-</strong></span> 
     </span>
     <span class='ocr_line' id='line_1_23' title="bbox 67 2192 996 2272; baseline -0.001 -18"><span class='ocrx_word' id='word_1_163' title='bbox 67 2193 157 2254; x_wconf 89' lang='lat' dir='ltr'><strong>utilia</strong></span> <span class='ocrx_word' id='word_1_164' title='bbox 180 2199 286 2254; x_wconf 91' lang='lat' dir='ltr'><strong>etnon</strong></span> <span class='ocrx_word' id='word_1_165' title='bbox 308 2193 492 2272; x_wconf 87' lang='lat' dir='ltr'><strong>necessaria,</strong></span> <span class='ocrx_word' id='word_1_166' title='bbox 517 2200 548 2253; x_wconf 93' lang='lat' dir='ltr'><strong>et</strong></span> <span class='ocrx_word' id='word_1_167' title='bbox 563 2192 634 2254; x_wconf 90' lang='lat' dir='ltr'><strong>loco</strong></span> <span class='ocrx_word' id='word_1_168' title='bbox 657 2193 722 2255; x_wconf 89' lang='lat' dir='ltr'><strong>sius</strong></span> <span class='ocrx_word' id='word_1_169' title='bbox 741 2194 831 2255; x_wconf 90' lang='lat' dir='ltr'><strong>nobis</strong></span> <span class='ocrx_word' id='word_1_170' title='bbox 842 2211 996 2272; x_wconf 85' lang='lat' dir='ltr'><strong>recenses,</strong></span> 
     </span>
     <span class='ocr_line' id='line_1_24' title="bbox 66 2274 998 2356; baseline -0.001 -20"><span class='ocrx_word' id='word_1_171' title='bbox 66 2295 151 2356; x_wconf 86' lang='lat' dir='ltr'><strong>quae</strong></span> <span class='ocrx_word' id='word_1_172' title='bbox 181 2276 219 2337; x_wconf 87' lang='lat' dir='ltr'><strong>ad</strong></span> <span class='ocrx_word' id='word_1_173' title='bbox 247 2277 392 2356; x_wconf 86' lang='lat' dir='ltr'><strong>pietatem</strong></span> <span class='ocrx_word' id='word_1_174' title='bbox 422 2274 625 2336; x_wconf 80' lang='lat' dir='ltr'><strong>Christianam</strong></span> <span class='ocrx_word' id='word_1_175' title='bbox 662 2277 736 2336; x_wconf 89' lang='lat' dir='ltr'><strong>satis</strong></span> <span class='ocrx_word' id='word_1_176' title='bbox 766 2295 835 2337; x_wconf 87' lang='lat' dir='ltr'><strong>esse</strong></span> <span class='ocrx_word' id='word_1_177' title='bbox 871 2276 998 2353; x_wconf 87' lang='lat' dir='ltr'><strong>iudices,</strong></span> 
     </span>
     <span class='ocr_line' id='line_1_25' title="bbox 69 2356 997 2440; baseline 0.001 -21"><span class='ocrx_word' id='word_1_178' title='bbox 69 2359 195 2438; x_wconf 87' lang='lat' dir='ltr'><strong>qualem</strong></span> <span class='ocrx_word' id='word_1_179' title='bbox 217 2359 347 2420; x_wconf 85' lang='lat' dir='ltr'><strong>formam</strong></span> <span class='ocrx_word' id='word_1_180' title='bbox 372 2364 454 2418; x_wconf 88' lang='lat' dir='ltr'><strong>certe</strong></span> <span class='ocrx_word' id='word_1_181' title='bbox 476 2357 663 2440; x_wconf 80' lang='lat' dir='ltr'><strong>describeret</strong></span> <span class='ocrx_word' id='word_1_182' title='bbox 688 2358 777 2420; x_wconf 86' lang='lat' dir='ltr'><strong>facile</strong></span> <span class='ocrx_word' id='word_1_183' title='bbox 799 2359 926 2440; x_wconf 79' lang='lat' dir='ltr'><strong>quilibet</strong></span> <span class='ocrx_word' id='word_1_184' title='bbox 946 2356 997 2421; x_wconf 92' lang='lat' dir='ltr'><strong>Iu-</strong></span> 
     </span>
     <span class='ocr_line' id='line_1_26' title="bbox 67 2441 997 2523; baseline 0.001 -21"><span class='ocrx_word' id='word_1_185' title='bbox 67 2443 167 2502; x_wconf 89' lang='lat' dir='ltr'><strong>daeus</strong></span> <span class='ocrx_word' id='word_1_186' title='bbox 205 2450 256 2503; x_wconf 90' lang='lat' dir='ltr'><strong>aut</strong></span> <span class='ocrx_word' id='word_1_187' title='bbox 278 2441 422 2521; x_wconf 86' lang='lat' dir='ltr'><strong>gentilis,</strong></span> <span class='ocrx_word' id='word_1_188' title='bbox 452 2441 562 2503; x_wconf 76' lang='lat' dir='ltr'><strong>Christi</strong></span> <span class='ocrx_word' id='word_1_189' title='bbox 596 2461 721 2522; x_wconf 86' lang='lat' dir='ltr'><strong>prorsus</strong></span> <span class='ocrx_word' id='word_1_190' title='bbox 742 2444 893 2523; x_wconf 85' lang='lat' dir='ltr'><strong>ignarus,</strong></span> <span class='ocrx_word' id='word_1_191' title='bbox 926 2460 997 2503; x_wconf 91' lang='lat' dir='ltr'><strong>nam</strong></span> 
     </span>
     <span class='ocr_line' id='line_1_27' title="bbox 66 2523 998 2605; baseline -0.003 -18"><span class='ocrx_word' id='word_1_192' title='bbox 66 2525 183 2587; x_wconf 76' lang='lat' dir='ltr'><strong>Christi</strong></span> <span class='ocrx_word' id='word_1_193' title='bbox 206 2544 245 2585; x_wconf 92' lang='lat' dir='ltr'><strong>ne</strong></span> <span class='ocrx_word' id='word_1_194' title='bbox 269 2543 330 2585; x_wconf 91' lang='lat' dir='ltr'><strong>uno</strong></span> <span class='ocrx_word' id='word_1_195' title='bbox 354 2524 475 2603; x_wconf 89' lang='lat' dir='ltr'><strong>quidem</strong></span> <span class='ocrx_word' id='word_1_196' title='bbox 498 2526 562 2585; x_wconf 82' lang='lat' dir='ltr'><strong>iot-u</strong></span> <span class='ocrx_word' id='word_1_197' title='bbox 584 2526 771 2585; x_wconf 88' lang='lat' dir='ltr'><strong>mentionem</strong></span> <span class='ocrx_word' id='word_1_198' title='bbox 793 2523 878 2605; x_wconf 85' lang='lat' dir='ltr'><strong>lacis,</strong></span> <span class='ocrx_word' id='word_1_199' title='bbox 913 2525 998 2585; x_wconf 91' lang='lat' dir='ltr'><strong>acsi</strong></span> 
     </span>
     <span class='ocr_line' id='line_1_28' title="bbox 67 2606 998 2688; baseline 0 -20"><span class='ocrx_word' id='word_1_200' title='bbox 67 2608 212 2687; x_wconf 88' lang='lat' dir='ltr'><strong>sentias,</strong></span> <span class='ocrx_word' id='word_1_201' title='bbox 250 2606 452 2669; x_wconf 82' lang='lat' dir='ltr'><strong>Christianam</strong></span> <span class='ocrx_word' id='word_1_202' title='bbox 485 2608 631 2688; x_wconf 84' lang='lat' dir='ltr'><strong>pietatem</strong></span> <span class='ocrx_word' id='word_1_203' title='bbox 669 2608 736 2667; x_wconf 89' lang='lat' dir='ltr'><strong>sine</strong></span> <span class='ocrx_word' id='word_1_204' title='bbox 772 2608 892 2668; x_wconf 82' lang='lat' dir='ltr'><strong>Christo</strong></span> <span class='ocrx_word' id='word_1_205' title='bbox 929 2625 998 2668; x_wconf 87' lang='lat' dir='ltr'><strong>esse</strong></span> 
     </span>
    </p>
   </div>
   <div class='ocr_carea' id='block_1_5' title="bbox 67 2684 1096 2772">
    <p class='ocr_par' dir='ltr' id='par_1_6' title="bbox 67 2684 1096 2772">
     <span class='ocr_line' id='line_1_29' title="bbox 67 2684 1096 2772; baseline 0.001 -21"><span class='ocrx_word' id='word_1_206' title='bbox 67 2709 180 2772; x_wconf 86' lang='lat' dir='ltr'><strong>posse,</strong></span> <span class='ocrx_word' id='word_1_207' title='bbox 209 2696 325 2751; x_wconf 91' lang='lat' dir='ltr'><strong>tantum</strong></span> <span class='ocrx_word' id='word_1_208' title='bbox 350 2691 375 2749; x_wconf 87' lang='lat' dir='ltr'><strong>si</strong></span> <span class='ocrx_word' id='word_1_209' title='bbox 398 2684 481 2751; x_wconf 76' lang='lat' dir='ltr'><strong>D&#39;eus</strong></span> <span class='ocrx_word' id='word_1_210' title='bbox 511 2697 620 2751; x_wconf 83' lang='lat' dir='ltr'><strong>natura</strong></span> <span class='ocrx_word' id='word_1_211' title='bbox 643 2691 897 2752; x_wconf 91' lang='lat' dir='ltr'><strong>clementissimus</strong></span> <span class='ocrx_word' id='word_1_212' title='bbox 926 2688 999 2752; x_wconf 85' lang='lat' dir='ltr'><strong>totis</strong></span> <span class='ocrx_word' id='word_1_213' title='bbox 1094 2738 1096 2743; x_wconf 81' lang='lat'><em>.</em></span> 
     </span>
    </p>
   </div>
   <div class='ocr_carea' id='block_1_6' title="bbox 67 2772 1024 3519">
    <p class='ocr_par' dir='ltr' id='par_1_7' title="bbox 67 2772 1024 3185">
     <span class='ocr_line' id='line_1_30' title="bbox 68 2772 998 2850; baseline 0.001 -16"><span class='ocrx_word' id='word_1_214' title='bbox 68 2774 187 2834; x_wconf 84' lang='lat' dir='ltr'><strong>viribus</strong></span> <span class='ocrx_word' id='word_1_215' title='bbox 209 2773 336 2835; x_wconf 85' lang='lat' dir='ltr'><strong>colatur.</strong></span> <span class='ocrx_word' id='word_1_216' title='bbox 381 2772 460 2848; x_wconf 78' lang='lat' dir='ltr'><strong>Quid</strong></span> <span class='ocrx_word' id='word_1_217' title='bbox 482 2772 533 2833; x_wconf 92' lang='lat' dir='ltr'><strong>hic</strong></span> <span class='ocrx_word' id='word_1_218' title='bbox 555 2772 676 2850; x_wconf 90' lang='lat' dir='ltr'><strong>dicam,</strong></span> <span class='ocrx_word' id='word_1_219' title='bbox 709 2773 859 2840; x_wconf 80' lang='lat' dir='ltr'><strong>Erasme?</strong></span> <span class='ocrx_word' id='word_1_220' title='bbox 901 2772 998 2835; x_wconf 87' lang='lat' dir='ltr'><strong>Totus</strong></span> 
     </span>
     <span class='ocr_line' id='line_1_31' title="bbox 68 2856 1024 2938; baseline 0 -20"><span class='ocrx_word' id='word_1_221' title='bbox 68 2857 238 2918; x_wconf 82' lang='lat' dir='ltr'><strong>Lucienum</strong></span> <span class='ocrx_word' id='word_1_222' title='bbox 261 2857 377 2936; x_wconf 90' lang='lat' dir='ltr'><strong>spiras,</strong></span> <span class='ocrx_word' id='word_1_223' title='bbox 407 2864 437 2916; x_wconf 89' lang='lat' dir='ltr'><strong>et</strong></span> <span class='ocrx_word' id='word_1_224' title='bbox 459 2856 576 2918; x_wconf 88' lang='lat' dir='ltr'><strong>inhalas</strong></span> <span class='ocrx_word' id='word_1_225' title='bbox 599 2858 671 2917; x_wconf 92' lang='lat' dir='ltr'><strong>mihi</strong></span> <span class='ocrx_word' id='word_1_226' title='bbox 703 2857 850 2938; x_wconf 85' lang='lat' dir='ltr'><strong>grandem</strong></span> <span class='ocrx_word' id='word_1_227' title='bbox 874 2856 1024 2938; x_wconf 25' lang='lat' dir='ltr'><strong>Epicuri,</strong></span> 
     </span>
     <span class='ocr_line' id='line_1_32' title="bbox 67 2938 999 3020; baseline 0.001 -20"><span class='ocrx_word' id='word_1_228' title='bbox 67 2939 238 3020; x_wconf 84' lang='lat' dir='ltr'><strong>crapulam.</strong></span> <span class='ocrx_word' id='word_1_229' title='bbox 274 2938 307 3001; x_wconf 86' lang='lat' dir='ltr'><strong>Si</strong></span> <span class='ocrx_word' id='word_1_230' title='bbox 330 2947 361 2999; x_wconf 90' lang='lat' dir='ltr'><strong>tu</strong></span> <span class='ocrx_word' id='word_1_231' title='bbox 383 2939 463 2999; x_wconf 82' lang='lat' dir='ltr'><strong>hanc</strong></span> <span class='ocrx_word' id='word_1_232' title='bbox 486 2957 608 3000; x_wconf 89' lang='lat' dir='ltr'><strong>causam</strong></span> <span class='ocrx_word' id='word_1_233' title='bbox 633 2959 695 3001; x_wconf 91' lang='lat' dir='ltr'><strong>non</strong></span> <span class='ocrx_word' id='word_1_234' title='bbox 717 2943 921 3002; x_wconf 87' lang='lat' dir='ltr'><strong>necessariam</strong></span> <span class='ocrx_word' id='word_1_235' title='bbox 946 2940 999 3001; x_wconf 92' lang='lat' dir='ltr'><strong>du·</strong></span> 
     </span>
     <span class='ocr_line' id='line_1_33' title="bbox 68 3022 998 3105; baseline 0 -21"><span class='ocrx_word' id='word_1_236' title='bbox 68 3024 116 3084; x_wconf 88' lang='lat' dir='ltr'><strong>cis</strong></span> <span class='ocrx_word' id='word_1_237' title='bbox 139 3022 332 3100; x_wconf 80' lang='lat' dir='ltr'><strong>Christianis,</strong></span> <span class='ocrx_word' id='word_1_238' title='bbox 354 3022 431 3083; x_wconf 87' lang='lat' dir='ltr'><strong>cede</strong></span> <span class='ocrx_word' id='word_1_239' title='bbox 454 3041 570 3101; x_wconf 90' lang='lat' dir='ltr'><strong>quaeso</strong></span> <span class='ocrx_word' id='word_1_240' title='bbox 594 3043 634 3085; x_wconf 88' lang='lat' dir='ltr'><strong>ex</strong></span> <span class='ocrx_word' id='word_1_241' title='bbox 656 3043 765 3105; x_wconf 86' lang='lat' dir='ltr'><strong>arena,</strong></span> <span class='ocrx_word' id='word_1_242' title='bbox 796 3024 868 3085; x_wconf 92' lang='lat' dir='ltr'><strong>nihil</strong></span> <span class='ocrx_word' id='word_1_243' title='bbox 891 3023 998 3086; x_wconf 86' lang='lat' dir='ltr'><strong>tibist</strong></span> 
     </span>
     <span class='ocr_line' id='line_1_34' title="bbox 69 3104 648 3185; baseline 0.005 -19"><span class='ocrx_word' id='word_1_244' title='bbox 69 3105 172 3185; x_wconf 89' lang='lat' dir='ltr'><strong>nobis,</strong></span> <span class='ocrx_word' id='word_1_245' title='bbox 195 3125 252 3167; x_wconf 90' lang='lat' dir='ltr'><strong>nos</strong></span> <span class='ocrx_word' id='word_1_246' title='bbox 274 3107 480 3167; x_wconf 87' lang='lat' dir='ltr'><strong>necessariam</strong></span> <span class='ocrx_word' id='word_1_247' title='bbox 500 3104 648 3169; x_wconf 90' lang='lat' dir='ltr'><strong>ducimus.</strong></span> 
     </span>
    </p>

    <p class='ocr_par' dir='ltr' id='par_1_8' title="bbox 67 3188 999 3519">
     <span class='ocr_line' id='line_1_35' title="bbox 156 3188 997 3270; baseline 0 -20"><span class='ocrx_word' id='word_1_248' title='bbox 156 3188 188 3250; x_wconf 87' lang='lat' dir='ltr'><strong>si</strong></span> <span class='ocrx_word' id='word_1_249' title='bbox 211 3194 259 3250; x_wconf 87' lang='lat' dir='ltr'><strong>est</strong></span> <span class='ocrx_word' id='word_1_250' title='bbox 279 3189 501 3269; x_wconf 84' lang='lat' dir='ltr'><strong>irreligiosum,</strong></span> <span class='ocrx_word' id='word_1_251' title='bbox 532 3191 556 3249; x_wconf 91' lang='lat' dir='ltr'><strong>si</strong></span> <span class='ocrx_word' id='word_1_252' title='bbox 579 3198 627 3251; x_wconf 91' lang='lat' dir='ltr'><strong>est</strong></span> <span class='ocrx_word' id='word_1_253' title='bbox 649 3191 823 3270; x_wconf 89' lang='lat' dir='ltr'><strong>curiosum,</strong></span> <span class='ocrx_word' id='word_1_254' title='bbox 846 3190 872 3250; x_wconf 92' lang='lat' dir='ltr'><strong>si</strong></span> <span class='ocrx_word' id='word_1_255' title='bbox 894 3208 997 3270; x_wconf 87' lang='lat' dir='ltr'><strong>super·</strong></span> 
     </span>
     <span class='ocr_line' id='line_1_36' title="bbox 68 3272 998 3353; baseline 0 -19"><span class='ocrx_word' id='word_1_256' title='bbox 68 3291 254 3350; x_wconf 84' lang='lat' dir='ltr'><strong>vacaneum,</strong></span> <span class='ocrx_word' id='word_1_257' title='bbox 276 3277 363 3343; x_wconf 86' lang='lat' dir='ltr'><strong>uttu</strong></span> <span class='ocrx_word' id='word_1_258' title='bbox 385 3272 470 3344; x_wconf 88' lang='lat' dir='ltr'><strong>dicis,</strong></span> <span class='ocrx_word' id='word_1_259' title='bbox 494 3273 593 3351; x_wconf 85' lang='lat' dir='ltr'><strong>scire,</strong></span> <span class='ocrx_word' id='word_1_260' title='bbox 616 3293 656 3334; x_wconf 88' lang='lat' dir='ltr'><strong>an</strong></span> <span class='ocrx_word' id='word_1_261' title='bbox 678 3274 762 3334; x_wconf 91' lang='lat' dir='ltr'><strong>Deus</strong></span> <span class='ocrx_word' id='word_1_262' title='bbox 785 3272 998 3353; x_wconf 85' lang='lat' dir='ltr'><strong>contingenter</strong></span> 
     </span>
     <span class='ocr_line' id='line_1_37' title="bbox 67 3354 999 3436; baseline 0.001 -21"><span class='ocrx_word' id='word_1_263' title='bbox 67 3357 226 3436; x_wconf 87' lang='lat' dir='ltr'><strong>praesciat</strong></span> <span class='ocrx_word' id='word_1_264' title='bbox 247 3354 386 3435; x_wconf 88' lang='lat' dir='ltr'><strong>aliquid,</strong></span> <span class='ocrx_word' id='word_1_265' title='bbox 409 3375 448 3415; x_wconf 89' lang='lat' dir='ltr'><strong>an</strong></span> <span class='ocrx_word' id='word_1_266' title='bbox 470 3355 613 3417; x_wconf 86' lang='lat' dir='ltr'><strong>voluntas</strong></span> <span class='ocrx_word' id='word_1_267' title='bbox 635 3364 742 3418; x_wconf 87' lang='lat' dir='ltr'><strong>nostra</strong></span> <span class='ocrx_word' id='word_1_268' title='bbox 763 3356 876 3436; x_wconf 89' lang='lat' dir='ltr'><strong>aliquid</strong></span> <span class='ocrx_word' id='word_1_269' title='bbox 925 3362 999 3436; x_wconf 85' lang='lat' dir='ltr'><strong>agat</strong></span> 
     </span>
     <span class='ocr_line' id='line_1_38' title="bbox 67 3438 998 3519; baseline 0.001 -20"><span class='ocrx_word' id='word_1_270' title='bbox 67 3440 100 3499; x_wconf 90' lang='lat' dir='ltr'><strong>in</strong></span> <span class='ocrx_word' id='word_1_271' title='bbox 124 3438 192 3519; x_wconf 91' lang='lat' dir='ltr'><strong>his,</strong></span> <span class='ocrx_word' id='word_1_272' title='bbox 215 3457 294 3518; x_wconf 89' lang='lat' dir='ltr'><strong>quae</strong></span> <span class='ocrx_word' id='word_1_273' title='bbox 315 3440 468 3519; x_wconf 87' lang='lat' dir='ltr'><strong>pertinent</strong></span> <span class='ocrx_word' id='word_1_274' title='bbox 503 3439 542 3499; x_wconf 90' lang='lat' dir='ltr'><strong>ad</strong></span> <span class='ocrx_word' id='word_1_275' title='bbox 585 3447 739 3501; x_wconf 88' lang='lat' dir='ltr'><strong>aeternam</strong></span> <span class='ocrx_word' id='word_1_276' title='bbox 764 3441 916 3519; x_wconf 90' lang='lat' dir='ltr'><strong>salutem,</strong></span> <span class='ocrx_word' id='word_1_277' title='bbox 949 3438 998 3500; x_wconf 86' lang='lat' dir='ltr'><strong>vel</strong></span> 
     </span>
    </p>
   </div>
   <div class='ocr_carea' id='block_1_7' title="bbox 72 3608 241 3616">
    <p class='ocr_par' dir='ltr' id='par_1_9' title="bbox 72 3608 241 3616">
     <span class='ocr_line' id='line_1_39' title="bbox 72 3608 241 3616; baseline -0.006 0"><span class='ocrx_word' id='word_1_278' title='bbox 72 3608 241 3616; x_wconf 70' lang='lat'><em>-.--..---1</em></span> 
     </span>
    </p>
   </div>
   <div class='ocr_carea' id='block_1_8' title="bbox 68 3686 998 3841">
    <p class='ocr_par' dir='ltr' id='par_1_10' title="bbox 68 3686 998 3841">
     <span class='ocr_line' id='line_1_40' title="bbox 68 3686 998 3841; baseline 0.009 -72"><span class='ocrx_word' id='word_1_279' title='bbox 68 3686 175 3841; x_wconf 42' lang='lat' dir='ltr'><strong>orori)</strong></span> <span class='ocrx_word' id='word_1_280' title='bbox 197 3716 228 3769; x_wconf 88' lang='lat' dir='ltr'><strong>In</strong></span> <span class='ocrx_word' id='word_1_281' title='bbox 248 3688 299 3771; x_wconf 78' lang='lat' dir='ltr'><strong>eu.¹</strong></span> <span class='ocrx_word' id='word_1_282' title='bbox 324 3686 391 3774; x_wconf 70' lang='lat'><strong>1525</strong></span> <span class='ocrx_word' id='word_1_283' title='bbox 420 3721 448 3773; x_wconf 79' lang='lat' dir='ltr'><strong>et</strong></span> <span class='ocrx_word' id='word_1_284' title='bbox 478 3717 561 3777; x_wconf 76' lang='lat' dir='ltr'><strong>tuac:</strong></span> <span class='ocrx_word' id='word_1_285' title='bbox 581 3719 623 3775; x_wconf 87' lang='lat'><strong>13.</strong></span> <span class='ocrx_word' id='word_1_286' title='bbox 675 3718 707 3788; x_wconf 86' lang='lat'><strong>2)</strong></span> <span class='ocrx_word' id='word_1_287' title='bbox 729 3719 759 3772; x_wconf 88' lang='lat' dir='ltr'><strong>In</strong></span> <span class='ocrx_word' id='word_1_288' title='bbox 789 3717 832 3774; x_wconf 74' lang='lat' dir='ltr'><strong>eu.</strong></span> <span class='ocrx_word' id='word_1_289' title='bbox 853 3719 925 3779; x_wconf 55' lang='lat' dir='ltr'><strong>leno</strong></span> <span class='ocrx_word' id='word_1_290' title='bbox 945 3721 998 3777; x_wconf 85' lang='grc' dir='ltr'>ιοιι</span> 
     </span>
    </p>
   </div>
   <div class='ocr_carea' id='block_1_9' title="bbox 0 0 1181 4162">
    <p class='ocr_par' dir='ltr' id='par_1_11' title="bbox 0 0 1181 4162">
     <span class='ocr_line' id='line_1_41' title="bbox 0 0 1181 4162; baseline 0 0"><span class='ocrx_word' id='word_1_291' title='bbox 0 0 1181 4162; x_wconf 95' lang='lat' dir='ltr'><strong> </strong></span> 
     </span>
    </p>
   </div>
  </div>
 </body>
</html>
