2348 4162
21 302 28 311 .
146 317 149 321 ⁴
201 240 263 306 124
445 242 488 297 De
507 257 588 297 servo
608 240 722 296 arbitrio
740 241 775 296 D.
795 241 829 295 M.
848 238 894 295 L.'

198 411 291 472 dubia
311 416 365 473 aut
386 411 548 492 opiniones
569 412 599 471 in
615 408 757 473 cordibus
779 411 891 472 uostris
913 413 1045 493 scripsit,
1068 411 1124 472 sed

197 495 385 556 assertiones
406 496 475 575 ipsa
498 494 560 555 vita
582 500 613 555 ct
645 496 732 555 omni
752 496 941 576 experientia
974 497 1122 556 certiores
1169 520 1172 525 ·

197 584 228 637 et
249 576 410 640 firmiores

278 659 328 720 Ad
349 660 476 721 alterum
499 665 592 740 caput
613 661 705 721 venio
721 659 834 741 ,quod
870 661 942 720 hnic
963 659 1121 722 cohaeret.

198 742 256 804 Ubi
279 742 426 840 dogmata
447 742 620 812 Christiana
662 709 841 829 distinguis3'
856 742 1018 840 'quaedam
1044 745 1123 803 scitu
1163 802 1166 806 .

197 827 392 904 necessaria,
420 827 571 906 quasdam
605 845 666 886 non
709 827 884 887 necessaria
916 825 1023 907 fingis,
1052 845 1121 886 esse

197 909 348 989 quaedem
372 909 522 986 abstrusa,
547 908 697 988 quaedam
720 910 864 1052 etxposita
885 908 978 987 diois3
1005 911 1051 970 sic
1072 908 1120 969 vel

197 993 326 1053 aliorum
344 991 451 1053 verbis
472 990 557 1052 lusus
580 991 670 1070 ludis,
692 999 745 1052 aut
767 999 797 1052 te
821 994 920 1072 ipsum
944 992 1028 1053 velut
1051 992 1119 1053 art-i·

196 1074 267 1135 ficio
295 1075 449 1136 rhetorico
477 1093 613 1137 exerces
672 1074 808 1135 Adducis
838 1082 940 1135 autem
971 1094 1029 1156 pro
1062 1077 1121 1135 ista

196 1158 349 1219 sententia
369 1158 444 1218 illud
458 1158 542 1218 Pauli
564 1158 652 1226 Rom
678 1157 924 1221 11:0a1tilud0
947 1157 1118 1219 divitiarum

196 1241 366 1320 sapientiae
399 1247 430 1301 et
458 1241 606 1302 scientiae
626 1241 705 1316 Dei,
735 1243 807 1301 item
842 1239 916 1302 illud
939 1241 1041 1305 Isaiae
1064 1241 1118 1304 40:

196 1322 272 1398 Quis
295 1323 410 1384 adiuvit
433 1325 570 1405 spiritum
595 1286 734 1404 Domini,
763 1329 820 1383 aut
838 1324 904 1402 quis
927 1323 1118 1385 consiliarius

195 1408 260 1466 eius
281 1407 359 1467 luit?
397 1407 483 1468 Haec
516 1406 569 1467 tibi
591 1407 711 1466 luerunt
745 1406 826 1466 dictu
856 1405 978 1484 facilia,
1007 1414 1041 1466 ut
1066 1407 1117 1486 qui

173 1489 245 1559 *vel
267 1491 361 1550 scires
389 1499 419 1550 te
439 1509 509 1567 ¹non
532 1488 665 1549 scribere
694 1488 732 1548 ad
760 1488 950 1562 bulherum,
977 1489 1032 1565 sed
1061 1507 1117 1567 pro

139 1628 142 1633 ,
195 1572 299 1653 vulgo,
321 1572 369 1633 vel
392 1591 455 1633 non
478 1573 642 1651 cogitares,
665 1577 695 1632 te
717 1572 850 1632 scribere
877 1579 985 1634 contra
1006 1571 1117 1632 Luthe·

193 1674 271 1732 rum,
294 1665 383 1736 quem
407 1663 509 1716 temen
533 1654 636 1734 aliquo
659 1653 759 1716 studio
783 1662 813 1715 et
833 1653 946 1716 iudicio
969 1657 999 1715 in
1022 1654 1117 1715 sacris

194 1737 288 1799 literis
301 1739 434 1819 dignaris
448 1757 555 1819 spero3
577 1739 601 1797 si
625 1757 687 1799 non
705 1736 848 1818 dignaris,
872 1759 909 1798 en
923 1736 1114 1817 extorquebo

189 1822 295 1883 ctiam.
339 1819 390 1882 Sic
410 1820 503 1882 habet
526 1839 594 1881 mea
616 1820 791 1897 distinctio,
819 1829 852 1880 ut
874 1828 905 1882 et
926 1839 985 1902 ego
1007 1839 1114 1900 parum
1169 1876 1173 1883 .

193 1904 360 1964 rhetoricer
381 1904 431 1964 vel
453 1903 637 1970 dialecticer
691 1902 781 1966 Duae
812 1922 861 1964 res
884 1911 955 1966 sunt
975 1903 1063 1965 Deus
1085 1911 1116 1963 et

193 1983 351 2066 Scriptura
379 1986 459 2067 Dei,
496 2005 558 2046 non
590 1987 688 2046 minus
726 2005 817 2065 quam
848 1986 927 2047 duae
964 2005 1014 2046 res
1046 1993 1116 2047 sunt

193 2075 314 2129 arcator
361 2075 392 2129 et
424 2075 564 2129 creatura
587 2067 653 2133 Dei
696 2069 729 2129 lu
753 2070 822 2129 Deo
844 2089 914 2131 esse
936 2069 1031 2129 multa
1048 2066 1116 2129 abs-

193 2151 326 2229 condita,
350 2169 429 2231 quae
450 2153 637 2232 ignoremus,
659 2172 751 2213 nemo
775 2151 912 2230 dubitat
935 2153 1043 2212 sicut
1034 2170 1115 2233 rpse·

194 2239 256 2294 met
278 2233 350 2294 dicit
383 2233 421 2295 de
444 2233 492 2294 die
515 2243 670 2296 extremo:
704 2235 749 2295 De
776 2234 826 2294 die
854 2235 908 2296 illo
931 2253 1023 2296 nemo
1047 2235 1115 2314 soit3

193 2316 250 2376 nisi
280 2315 427 2396 Pater*)3
455 2324 485 2377 et
506 2318 575 2381 Act.
604 2322 637 2381 1:
674 2317 744 2377 Non
779 2323 826 2378 est
858 2324 992 2379 vestrum
1021 2336 1116 2379 nosse

194 2405 333 2480 tempora
366 2408 397 2461 et
435 2407 611 2478 momenta3
644 2405 674 2458 et
705 2400 891 2484 iterum**):
925 2402 992 2481 Ego
1031 2400 1116 2476 novi,

193 2500 271 2561 quos
295 2481 454 2562 elegerim3
478 2489 508 2542 et
528 2480 741 2550 Paulus***):
763 2482 857 2544 Novit
878 2483 1038 2559 Dominus,
1062 2483 1116 2561 qui

193 2572 263 2625 sunt
284 2565 360 2646 eius,
383 2575 413 2624 st
434 2566 553 2630 similia

276 2647 335 2709 Sed
349 2668 418 2709 esse
440 2650 469 2708 in
487 2645 644 2727 Scriptura
656 2646 807 2730 quaedam
830 2647 981 2729 abstrusa,
1004 2653 1034 2706 et
1050 2665 1113 2707 non

191 2731 295 2792 omnia
317 2732 468 2810 exposita
490 2730 680 2811 invulgatum
704 2736 751 2789 est
778 2730 900 2810 quidem
925 2750 980 2812 per
1000 2729 1115 2811 impios

191 2812 362 2893 sophistas,
385 2832 514 2893 quorum
537 2832 590 2874 ore
612 2820 643 2873 ct
668 2820 701 2873 tu
723 2813 858 2892 loqueris
880 2813 949 2891 hic,
971 2813 1115 2890 Erasmc,

23 2903 26 2908 '
77 2914 79 2918 “
191 2894 247 2956 sed
268 2914 424 2974 nunquam
447 2916 539 2956 uuum
553 2896 712 2957 articulum
733 2897 943 2993 produxerunt
964 2914 1022 2957 nec
1044 2913 1114 2976 pro·

192 2977 304 3038 ducere
325 2985 464 3059 possunt,
489 2998 549 3058 quo
572 2999 658 3040 suam
682 2979 922 3040 hanoiusaniam
935 2978 1113 3060 probarent.

191 3059 316 3122 Talibus
345 3069 445 3125 autem
470 3061 561 3122 larvis
591 3061 721 3122 Satanas
751 3060 913 3123 absterruit
933 3081 952 3122 a
973 3059 1115 3142 legendis

191 3143 285 3204 literis
308 3145 402 3205 sacris
441 3152 471 3205 et
502 3144 633 3205 reddidit
655 3144 841 3225 scripturam
875 3150 1012 3205 sanctam
1036 3163 1115 3207 con·

119 3256 122 3262 ·
191 3225 405 3307 temptibilem,
428 3235 461 3288 ut
482 3247 553 3288 suas
575 3234 678 3308 pestes
708 3247 748 3287 ex
769 3228 1005 3308 philosophia
998 3247 1029 3287 ιιι
1064 3247 1116 3288 ec-

191 3309 286 3372 clesia
305 3310 420 3372 laceret
442 3329 581 3391 regnare.
616 3311 684 3372 Hoc
706 3331 780 3371 sane
794 3311 902 3391 fateor,
924 3330 993 3371 esse
1016 3311 1115 3373 multa

191 3392 260 3454 loca
281 3395 310 3454 in
334 3393 495 3475 scripturis
518 3393 650 3455 obscura
671 3400 702 3455 ct
724 3394 873 3472 abstrusa,
896 3413 957 3454 non
983 3393 1023 3456 ob
1048 3414 1114 3455 ma-

189 3476 336 3538 iestatem
352 3497 463 3554 rerum,
485 3475 539 3537 sed
558 3477 598 3539 ob
611 3480 815 3557 ignorantiam
837 3476 1058 3544 vocabulorum
1083 3485 1117 3538 at

231 3743 262 3811 ²¹²)
282 3742 379 3799 Matth.
395 3744 439 3800 24.
458 3743 541 3799 Marc.
554 3746 596 3802 13.
617 3746 667 3814 ·*)
689 3741 841 3800 lohau.13.
863 3741 925 3813 “*)
946 3741 1070 3800 ammo.
1085 3734 1134 3802 2.’
