2340 4162
341 237 380 295 ad
397 238 432 295 D.
450 239 593 295 mamam
611 236 837 294 Boterodamum.
991 234 1053 301 183

212 408 261 469 Ad
284 416 407 472 nostros
429 412 600 486 veniamus,
620 407 776 469 Iohannes
797 409 878 470 Huss
909 428 977 468 cum
1009 408 1054 468 sic

129 494 158 553 in
183 491 300 571 Papam
325 494 446 554 disserit
468 513 508 554 ex
529 491 635 553 Matth.
660 496 712 556 16:
749 491 860 553 Portae
888 493 1052 552 interorum

128 595 190 638 ¹ion
215 577 397 655 praevalent
417 576 564 637 adversus
581 575 744 636 ecelesiam
768 595 878 647 meam,
900 578 986 635 estne
1004 573 1055 635 hic

127 658 232 738 aliqua
268 658 439 720 obscuritas
475 660 522 719 vel
553 657 758 738 ambiguitas?
816 658 876 719 Sed
906 659 1053 717 adversus

128 742 246 820 Papam
270 748 301 802 et
321 762 394 803 suos
416 744 595 822 praevalent
619 752 727 821 portae
743 742 839 819 interi,
863 741 968 820 utqui
993 760 1053 800 ma·

128 825 243 885 nifasta
277 827 435 904 impietate
470 832 501 886 et
529 824 695 884 sceleribus
730 831 794 883 toto
828 823 903 883 orbe
934 823 1054 883 nobiles

129 916 211 969 aunt.
254 907 311 968 Est
331 909 361 969 id
384 927 506 987 quoque
528 907 712 970 obscurum?
743 906 826 985 Ergo
850 906 933 986 Papa
957 914 989 965 et
1009 907 1054 965 sui

129 1010 193 1051 non
217 1000 290 1050 suut
317 992 458 1067 ecclesia,
481 991 520 1052 de
541 1009 602 1070 qua
619 990 756 1050 Christus
780 990 922 1068 loquitur.
975 986 1054 1063 Quid

128 1072 181 1134 hio
202 1082 312 1134 eontra
339 1074 495 1135 dicerent?
529 1081 582 1134 aut
611 1073 768 1152 quomodo
796 1075 973 1133 resisterent
1000 1072 1056 1149 ori,

130 1155 216 1236 quod
239 1156 377 1217 Christus
399 1157 443 1216 illi
471 1156 617 1217 dederat?
652 1157 692 1214 At
712 1157 888 1215 restiterunt
911 1166 1011 1215 tamen
1026 1160 1056 1214 et

129 1239 351 1318 perstiterunt,
379 1239 478 1301 donec
499 1240 599 1315 ipsum
623 1247 794 1315 exurerent,
819 1245 935 1298 tautum
958 1238 1056 1311 abest,

130 1330 165 1382 ut
186 1341 280 1383 seusu
302 1322 455 1382 cederent.
509 1321 575 1382 Neo
602 1321 739 1381 Christus
772 1322 832 1381 hoc
861 1329 956 1397 tacet,
987 1339 1055 1380 cum

130 1403 263 1479 diett*):
293 1405 468 1467 Adversarii
497 1425 559 1465 nou
583 1411 728 1484 poterunt
751 1405 914 1481 resistere,
947 1402 1056 1464 adver·

129 1489 204 1548 sarii
226 1496 298 1549 suut
320 1485 466 1569 (iuquit),
489 1506 562 1566 ergo
584 1488 748 1564 resistent,
780 1487 894 1566 alioqui
919 1505 979 1546 uon
1003 1485 1056 1545 ad-

130 1572 270 1649 versarii,
292 1571 345 1631 sed
367 1572 456 1631 amici
487 1570 613 1649 flerent,
640 1577 671 1629 et
699 1578 801 1630 tamen
830 1571 972 1630 resistere
994 1587 1056 1628 uon

131 1662 287 1735 poterunt.
330 1652 409 1729 Quid
443 1660 491 1714 est
511 1654 572 1714 hoc
600 1652 682 1713 aliud
711 1653 833 1730 dicere,
863 1670 954 1730 quam
984 1652 1056 1710 resi·

130 1736 245 1798 utendo
267 1755 328 1797 nou
350 1744 497 1816 poterunt
518 1738 667 1797 resistere.

215 1817 248 1881 si
271 1820 374 1899 itaque
399 1824 431 1899 et
451 1839 510 1880 uos
538 1819 664 1880 liberum
699 1817 853 1879 arbitrium
882 1818 926 1878 sic
954 1815 1058 1876 cons·

130 1909 197 1963 tara
227 1904 422 1982 poterimus,
458 1908 492 1961 ut
525 1901 692 1963 adversarii
722 1907 879 1981 nequeant
905 1902 1057 1975 resistere,

130 1986 253 2047 etiamsi
276 1987 441 2064 persistant
462 2004 519 2045 suo
540 2003 647 2052 seusu,
670 1992 702 2044 et
723 1993 914 2063 repugnante
937 1983 1057 2043 consei-

131 2068 216 2130 entia
229 2068 381 2146 resistant,
404 2069 478 2128 satis
502 2067 673 2128 fecerimus.
710 2067 790 2127 Satis
810 2070 890 2128 euim
913 2072 1057 2145 expertus

130 2170 211 2230 aum,
234 2169 325 2230 quam
348 2171 439 2211 nemo
474 2151 558 2212 volet
588 2153 683 2227 vinci,
713 2160 744 2210 et
778 2154 829 2227 (ut
853 2149 1057 2226 Quintilianus

130 2235 191 2307 ait)
218 2251 311 2294 nemo
333 2240 396 2310 est,
419 2235 468 2313 qui
492 2253 554 2294 uon
579 2234 665 2294 malit
693 2253 786 2294 nosse
815 2253 906 2314 quam
940 2231 1058 2292 discere

132 2316 254 2396 videri,
276 2318 415 2395 quamvis
438 2316 519 2396 apud
542 2337 598 2377 uos
620 2316 651 2376 id
674 2318 827 2396 proverbii
851 2334 958 2377 omues
1003 2333 1058 2374 usu

131 2400 239 2482 potius
261 2418 352 2477 quam
375 2398 497 2476 affectu,
518 2401 581 2461 imo
595 2399 702 2476 abusu,
728 2402 842 2481 passim
866 2401 969 2458 inore
991 2415 1059 2456 ver·

133 2490 219 2545 sent:
241 2481 325 2563 Opto
348 2480 476 2561 discere,
499 2489 624 2563 paratus
647 2503 712 2542 sum
735 2482 840 2544 doceri
874 2488 905 2540 et
927 2481 1059 2539 monitus

133 2565 266 2626 meliora
292 2566 396 2644 sequi,
425 2565 527 2625 Homo
556 2585 639 2642 aum,
667 2584 768 2626 errare
796 2583 943 2645 possum3
977 2560 1059 2641 quod

132 2648 191 2710 sub
213 2646 273 2708 hac
294 2645 390 2725 larva,
420 2649 547 2728 pulchra
576 2650 659 2708 velut
679 2649 860 2708 humilitatis
889 2645 1003 2724 specie,
1026 2644 1058 2704 li·

134 2738 207 2792 ccat
228 2729 420 2791 confidenter
442 2731 561 2792 dicere:
598 2731 670 2791 Mihi
692 2751 754 2792 uou
786 2738 832 2790 est
861 2728 1060 2799 satisfactum,

133 2814 204 2895 llgo
228 2832 291 2874 uon
313 2815 427 2891 capio,
456 2815 525 2874 Vim
548 2814 622 2876 facit
644 2814 828 2895 scripturis,
863 2811 1061 2872 Pertiuaoiter

133 2897 261 2975 aasedt3
289 2896 408 2956 scilicet
437 2899 527 2977 certi,
556 2897 639 2977 quod
671 2905 774 2958 tautae
796 2896 974 2957 humilitatis
997 2894 1061 2954 aui·

135 2999 204 3042 maa
226 2997 319 3040 nemo
340 2980 512 3059 suspicetur
532 2982 728 3060 pertinaciter
750 2982 902 3053 resistere,
926 2987 956 3037 et
977 2977 1060 3057 agui·

135 3070 198 3125 tam
229 3080 353 3141 quoque
379 3065 537 3124 veritatem
569 3065 685 3123 fortiter
711 3066 902 3144 impugnare.
951 3060 997 3122 lta
1018 3059 1061 3137 lit,

137 3152 171 3207 ut
197 3163 261 3206 non
293 3144 427 3206 malitiae
456 3165 561 3206 eorum
590 3166 659 3207 esse
688 3153 852 3227 oporteat,
884 3143 967 3226 quod
998 3162 1059 3203 non

136 3227 251 3290 aedunt
264 3246 366 3299 ¹seusu
387 3248 470 3309 suo,
504 3229 558 3290 sed
587 3230 780 3291 obscuritatis
804 3237 834 3289 et
855 3226 1061 3307 ambiguitatis

137 3318 400 3393 argumentorum.

221 3393 273 3456 Sic
295 3400 325 3454 et
346 3393 523 3474 philosophi
547 3393 736 3456 Graecorum
751 3396 899 3472 feceruut,
923 3412 961 3451 ue
983 3390 1062 3449 ullus

139 3477 229 3539 alteri
252 3475 404 3537 videretur
426 3477 556 3557 cedere,
584 3479 674 3539 etiam
699 3479 857 3539 manifeste
895 3475 1062 3551 convictus,

140 3566 312 3642 coeperunt
333 3579 449 3641 negare
470 3562 569 3641 prima
584 3564 744 3644 principia,
768 3569 800 3622 ut
823 3558 1003 3622 Aristoteles
1019 3575 1065 3616 re·

212 3749 242 3816 *)
261 3748 352 3805 Lucas
371 3748 416 3806 22.
