2348 4162
423 238 525 297 debeat
543 256 605 298 assa
623 239 748 297 liberum.
980 232 1043 299 443

120 411 249 475 verbum
271 413 329 475 Dei
351 433 370 474 s
402 415 556 477 contrario
578 413 706 492 obturat,
730 431 821 474 nemo
839 412 919 472 enim
941 414 1044 491 potest

121 498 244 561 dnobus
267 497 398 559 dominis
421 499 545 562 servire,

206 586 244 661 q]
268 580 407 661 Septimo
441 586 530 641 cavet
562 580 625 640 suis
647 578 838 657 satellitibus,
874 579 1043 658 tyrannidis

120 665 318 729 administris.
365 663 405 724 at
436 664 509 726 olim
538 665 583 724 sic
610 662 852 743 praescribebat:
885 663 1043 744 Legatum,

122 768 214 829 quem
237 754 351 809 certum
374 766 444 809 esse
465 765 642 827 cognovero
665 752 733 823 etc,
759 766 842 807 nunc
870 747 993 809 licentia
1013 748 1043 808 in

120 834 304 894 immensum
339 836 430 892 aucta
469 832 536 892 sine
564 831 749 909 exceptione
771 830 904 909 Legatos
936 849 1044 892 ornnes

121 916 260 979 adiuvari
292 917 384 994 cogit.
443 914 559 975 Mavult
585 914 666 975 enim
689 912 784 975 falsos
805 914 918 996 iuvari,
952 934 1043 994 qnam

122 1004 224 1063 oertm
247 998 379 1061 destitui.

205 1080 238 1161 r)
262 1080 378 1143 Ultimo
414 1085 505 1141 cavet
533 1080 595 1141 suis
613 1077 844 1156 traditionibus,
876 1079 1044 1143 mendaciis

122 1172 155 1227 et
175 1163 416 1226 seductionibus.
458 1162 537 1223 Nam
561 1159 751 1241 haereticos,
773 1164 823 1242 qui
845 1182 919 1227 vere
940 1163 1044 1225 haere-

121 1250 175 1311 tici
199 1254 279 1327 sunt,
301 1247 376 1308 nihil
398 1251 499 1324 curat,
535 1245 628 1306 modo
660 1245 852 1325 tyrannidem
888 1249 953 1308 eins
981 1266 1043 1308 non

122 1331 256 1395 laedant.
299 1330 363 1391 Elos
385 1346 459 1389 vero
493 1326 578 1389 solos
615 1333 647 1388 ut
674 1327 846 1390 haereticos
868 1332 1045 1407 insectatur,

122 1416 176 1496 qui
198 1416 280 1477 vitiis
302 1420 333 1473 et
355 1410 523 1491 erroribus,
557 1410 706 1472 idolatriis
728 1418 759 1473 et
782 1411 980 1493 blasphemiis
1001 1414 1044 1493 ip·

122 1500 186 1561 sius
209 1497 332 1560 obviam
367 1497 412 1556 ire
447 1513 546 1573 eaque
577 1492 672 1555 verbo
695 1495 750 1555 Dei
783 1514 963 1577 oppugnare
994 1517 1044 1558 au·

122 1581 215 1661 dent,
243 1582 322 1641 sicut
357 1579 448 1639 stiam
472 1577 683 1638 schismaticos
712 1598 767 1639 eos
790 1578 875 1640 solos
899 1580 1044 1660 appellat,

122 1666 175 1743 qui
197 1664 271 1725 nihil
293 1667 468 1737 numerant,
497 1679 555 1720 nec
576 1661 728 1741 tyrannidi
748 1662 813 1722 eius
836 1663 1043 1726 subiiciuntur.

121 1748 270 1827 Reliquos
293 1751 395 1807 autem
417 1762 490 1805 vere
511 1742 735 1825 schismaticos,
759 1746 809 1824 qui
831 1745 951 1807 dieunt:
974 1746 1043 1824 Ego

121 1851 190 1893 sum
212 1830 306 1899 Pauli,
330 1846 390 1908 ego
414 1825 539 1907 Apollo,
563 1845 622 1906 ego
645 1826 779 1908 Cepheo,
802 1848 861 1910 ego
875 1828 1044 1908 Benedicti,

121 1933 184 1994 ego
206 1912 373 1990 Dominici,
396 1928 456 1990 ego
478 1909 642 1985 Francisci‚
664 1930 723 1992 ego
742 1911 889 1974 Bernardi
911 1918 980 1986 eto,
1001 1913 1045 1971 in·

123 2016 217 2077 super
238 1995 400 2058 ecclesiam
436 1991 677 2054 dissensionibus
708 2000 739 2054 et
770 1994 902 2056 dissidiis
935 1996 1045 2057 misere

121 2080 270 2157 lacerant,
292 2079 371 2140 sicut
391 2077 530 2138 lecerunt
550 2076 765 2138 Dominicastri
776 2078 959 2158 Beruenses,
981 2085 1046 2141 tan·

122 2182 215 2244 qnam
238 2163 368 2224 dilectos
389 2159 469 2220 filios
491 2159 684 2239 amplectitur
706 2180 744 2221 ac
764 2161 858 2224 toret

207 2243 236 2323 s)
258 2243 401 2307 Rebellea
424 2247 533 2321 vocat,
570 2244 673 2321 quiin
697 2244 903 2324 spiritualibus
925 2244 1045 2306 liberta·

122 2335 186 2391 tem
209 2328 412 2392 Christianam
445 2331 551 2388 contra
574 2324 744 2405 Papisticas
782 2327 962 2389 traditiones
995 2327 1046 2388 de·

121 2411 261 2490 tendunt,
284 2418 314 2473 et
334 2412 364 2471 in
387 2408 526 2469 civilibus
555 2409 603 2467 ius
639 2428 726 2469 suurn
749 2413 888 2487 quamvis
910 2411 1045 2489 legitime

122 2502 233 2559 oontm
254 2492 450 2576 tyrannidem
484 2491 548 2551 eius
580 2489 719 2552 obtinere
752 2499 783 2554 et
804 2496 880 2556 tueri
902 2495 1044 2556 nituntur.

122 2578 202 2641 Nam
225 2580 276 2658 qui
298 2575 504 2638 voreOhristo
529 2579 559 2634 et
577 2574 867 2639 ecclesiaerebellss
884 2582 964 2647 sunt,
985 2578 1046 2639 boc

123 2668 186 2739 est,
221 2659 366 2722 mandata
402 2659 467 2720 eius
500 2657 632 2717 scientes
666 2664 697 2719 et
728 2660 894 2739 prudentes
916 2659 1045 2740 pedibus

123 2744 319 2819 conculcant,
343 2741 424 2823 apud
447 2759 515 2802 sum
539 2743 610 2801 sunt
630 2742 659 2801 in
683 2744 792 2821 pretio.

207 2830 238 2897 ti
261 2826 415 2902 Quantum
439 2823 543 2901 sudio,
563 2824 714 2885 Doctores
736 2826 880 2907 Papistici
902 2845 963 2887 non
988 2824 1046 2885 dis-

121 2910 272 2992 putando,
294 2928 356 2970 non
378 2910 425 2968 ius
447 2905 650 2983 enucleando,
671 2927 733 2969 uon
756 2929 859 2971 sacras
875 2910 978 2971 literas
991 2908 1047 2969 do-

123 2993 239 3066 cendo,
271 3011 335 3053 non
356 2992 452 3052 iustas
474 2992 641 3051 sententias
663 2993 693 3051 in
715 2992 833 3053 iudiciis
856 2999 886 3053 et
908 2992 1046 3053 conciliis

124 3075 267 3152 dicendo,
289 3075 472 3153 haereticos,
495 3072 706 3134 schismaticos
728 3078 760 3137 et
781 3075 910 3137 rebelles
923 3077 1046 3136 vincere

123 3166 156 3221 st
191 3160 230 3221 ad
265 3158 422 3220 meliorem
452 3162 585 3218 mentem
618 3157 766 3220 reducere
799 3158 919 3222 debent.
962 3156 1046 3219 Nihil

124 3244 206 3304 enim
228 3242 337 3304 horum
361 3248 554 3317 contraeas,
579 3258 655 3318 quos
669 3241 754 3320 Papa
776 3240 964 3303 mendaciter
975 3241 1046 3301 hae·

122 3327 238 3387 reticos
260 3324 453 3405 pronunciat,
479 3321 544 3383 fieri
566 3329 678 3402 potest,
701 3344 770 3385 cum
788 3327 835 3385 ins
859 3324 993 3384 divinum
1016 3329 1047 3384 et

123 3408 252 3470 verbum
275 3409 332 3469 Dei
353 3406 487 3468 habeant
508 3425 564 3485 pro
587 3426 639 3484 se,
672 3406 726 3467 sed
748 3408 871 3486 viribus,
895 3404 1047 3482 utendis,

123 3490 240 3552 viribus
260 3492 403 3569 inquam,
426 3489 655 3569 persequendos
678 3495 708 3551 et
729 3488 955 3571 impugnandos
978 3508 1047 3551 esse

125 3579 242 3636 censet.
287 3574 362 3636 Cum
386 3578 486 3634 autem
522 3571 672 3633 eiusmodi
695 3573 879 3635 Doctoribus
907 3579 1046 3653 apertum

124 3663 158 3719 et
177 3656 347 3736 legitimum
371 3655 482 3717 bellum
505 3674 613 3736 gerere
635 3675 697 3717 nou
722 3657 827 3729 liceat,
859 3675 921 3716 non
944 3654 1046 3733 video,

125 3739 285 3823 quomodo
320 3739 433 3803 viribus
461 3739 603 3819 persequi
627 3757 800 3819 quenquam
823 3740 958 3820 possint,
988 3738 1047 3799 nisi
