2348 4162
209 242 272 308 322
458 243 501 299 De
519 257 601 298 servo
619 241 733 298 arbitrio
751 242 787 298 D.
804 242 839 299 Μ.
856 238 890 299 L.

207 411 266 476 Dei
273 462 282 495 ,
316 412 469 475 revelatur
503 409 679 495 (iuquit*))
717 412 762 472 ira
782 412 840 473 Dei
864 411 904 474 de
925 411 1016 474 ooelo
1038 431 1136 494 super

208 516 331 558 omnem
352 498 541 577 impietatem
564 502 595 555 et
615 495 792 556 iniustitiam
814 496 985 575 hominum,
1007 497 1061 576 qui
1083 516 1135 556 ve-

207 582 327 641 ritatem
349 581 406 640 uei
428 582 459 640 in
471 580 618 640 iniustitia
631 578 778 640 detinent.
822 579 919 640 Audis
933 581 984 640 hio
1005 598 1136 659 genera·

207 664 267 724 lem
292 664 474 724 sententiam
508 681 599 741 super
629 681 736 723 omnes
757 661 915 745 homines,
951 661 1036 743 qnod
1073 664 1134 723 siut

208 746 264 807 enb
286 749 332 807 ira
352 748 423 828 Dei3
449 746 511 806 hoe
532 744 603 824 quid
627 752 676 805 est
695 745 794 825 aliud,
829 764 919 824 quam
941 765 1012 808 esee
1033 746 1082 807 ira
1103 753 1135 807 et

208 831 359 910 supplicio
382 829 514 908 dignos?
558 829 690 889 Causam
719 830 782 889 irae
804 831 951 909 assignat,
973 829 1060 909 quod
1081 849 1133 910 ge·

207 920 277 973 rant
298 932 360 974 non
387 914 445 972 nisi
473 914 518 972 ire
545 918 576 971 et
597 910 748 994 supplieio
772 911 883 991 digna,
912 930 1027 992 nempe
1049 911 1133 992 quod

207 997 293 1076 impii
328 1002 359 1057 st
378 997 480 1056 inineti
510 996 572 1054 sint
603 1013 711 1054 omnes
739 1001 770 1054 et
790 997 950 1056 veritatem
975 996 1134 1057 detineant

208 1081 237 1139 in
261 1080 419 1139 iniustitia.
462 1078 520 1139 Ubi
544 1096 627 1137 nuno
648 1078 692 1137 vis
716 1076 801 1137 liberi
824 1078 949 1156 arbitrii,
972 1097 1053 1158 quae
1083 1097 1133 1140 oo·

207 1168 296 1223 netur
318 1161 432 1241 aliquid
454 1160 547 1222 boni?
590 1160 700 1221 Paulus
722 1159 752 1220 id
765 1161 838 1222 fauit
858 1163 903 1222 ira
915 1162 970 1222 Dei
993 1161 1131 1241 dignum,

209 1252 240 1306 st
260 1246 386 1325 impium
421 1252 452 1305 et
472 1245 617 1303 iniustum
641 1243 791 1323 deoernit3
826 1243 907 1324 quod
943 1263 1017 1306 vero
1055 1247 1128 1306 iram

208 1335 341 1388 meretur
364 1333 394 1388 et
413 1329 540 1408 impium
562 1333 624 1406 est,
658 1326 689 1387 id
722 1334 830 1388 eontra
850 1328 978 1408 gratiam
1003 1336 1130 1389 eonatur

208 1417 240 1472 et
261 1411 351 1487 vaiet,
374 1429 436 1471 non
459 1429 514 1490 pro
537 1411 645 1490 gratia.

291 1493 449 1555 Ridebitur
484 1493 535 1552 hio
561 1493 725 1553 oscitantia
751 1491 889 1571 Lethen,
928 1495 980 1572 qui
1003 1493 1126 1555 Paulum

208 1596 270 1638 non
293 1578 367 1637 eatis
389 1577 573 1656 inspexerit,
608 1574 747 1655 dioetque
771 1576 896 1655 aliquis,
929 1576 1060 1637 Paulum
1089 1578 1126 1638 ibi

207 1679 270 1721 non
293 1659 331 1720 de
353 1659 494 1722 omnibus
517 1658 690 1719 hominibus
723 1677 782 1719 neo
803 1658 842 1719 de
864 1659 1008 1720 omnibus
1026 1680 1125 1722 eornm

208 1743 334 1824 studiis,
362 1744 416 1804 aed
439 1743 478 1803 de
506 1743 542 1801 iis
566 1749 682 1801 tantum
704 1741 805 1820 loqui,
827 1745 878 1822 qui
899 1751 972 1804 sunt
992 1744 1081 1825 impii
1100 1751 1126 1803 et

207 1828 320 1907 iniusti,
343 1833 445 1906 atque,
469 1833 500 1885 nt
521 1824 614 1885 verba
627 1824 751 1903 habent,
776 1825 813 1885 de
834 1827 880 1906 iis,
903 1826 953 1905 qni
971 1828 1124 1888 veritatem

207 1911 238 1969 in
260 1910 407 1970 iniustitia
428 1909 581 1987 detinent3
601 1908 673 1968 hino
694 1926 756 1968 non
780 1911 881 1987 sequi,
911 1908 995 1988 quod
1024 1928 1124 1972 omnes

208 1993 269 2053 sint
290 1991 450 2052 eiusmodi.
493 1991 552 2051 Hie
579 2010 638 2072 ego
662 1990 750 2071 dion,
783 1991 864 2071 apud
886 1991 1017 2053 Paulum
1051 1993 1124 2053 idem

208 2075 323 2152 valere,
346 2077 371 2134 ei
393 2075 521 2151 dixeris,
557 2094 648 2154 super
670 2093 792 2134 omnem
820 2076 1011 2157 impietatem
1035 2076 1124 2138 homi·

207 2179 297 2238 num,
334 2165 426 2237 atque
448 2159 473 2218 ei
495 2157 625 2238 dixeris,
658 2177 750 2237 super
776 2159 963 2238 impietatem
995 2161 1123 2221 omnium

207 2242 376 2302 hominum.
420 2241 600 2301 Ebraioatur
622 2241 702 2301 enim
724 2241 836 2302 Paulus
858 2241 922 2303 fere
944 2242 1074 2323 ubique,
1096 2248 1125 2301 ut

209 2327 248 2384 sit
270 2344 394 2385 sensus:
414 2321 529 2387 Omnes
551 2324 690 2384 homines
703 2332 774 2385 sunt
794 2325 879 2404 impii
902 2331 934 2386 et
944 2326 1059 2405 iniusti,
1080 2325 1123 2386 de

207 2409 365 2487 tinentque
388 2408 547 2468 veritatem
570 2409 599 2467 in
622 2408 783 2484 iniustitia,
818 2406 888 2469 ideo
922 2427 1033 2470 omnes
1062 2413 1124 2469 eunt

206 2494 252 2551 ira
274 2491 368 2571 digni.
413 2490 533 2551 Deinde
553 2490 584 2549 in
598 2509 711 2571 graeco
734 2510 795 2552 non
813 2492 938 2570 ponitur
959 2492 1122 2568 relativum,

207 2593 312 2636 eorum
336 2575 397 2653 qui,
419 2574 473 2635 sed
498 2574 641 2633 articulus
664 2573 724 2635 hoo
746 2573 854 2635 modo:
899 2575 1066 2637 Revelatur
1086 2576 1122 2635 ira

208 2658 264 2718 Dei
287 2677 378 2738 super
398 2658 588 2738 impietatem
611 2663 641 2716 et
662 2658 839 2719 iniustitiam
863 2658 1036 2739 hominum,
1058 2658 1123 2719 deti·

144 2790 150 2801 ,
207 2742 344 2801 nentium
365 2742 524 2801 veritatem
547 2741 577 2800 in
599 2740 756 2820 iniustitia,
779 2752 812 2801 ut
834 2741 895 2801 hoo
910 2742 997 2802 velut
1018 2745 1122 2823 epithe-

207 2829 261 2884 ton
284 2825 324 2884 eit
346 2826 481 2885 omnium
503 2823 678 2900 hominnm,
711 2826 793 2903 quod
822 2826 980 2885 veritatem
1004 2827 1035 2886 in
1056 2826 1121 2887 inin·

207 2907 289 2966 stitia
311 2907 462 2981 detinent,
484 2908 562 2968 siout
585 2906 742 2987 epitheton
765 2915 823 2987 eet,
845 2926 913 2968 eum
928 2907 1055 2970 dieitur:
1075 2908 1118 2968 Pa·

208 2995 253 3049 ter
274 2996 389 3067 noster,
412 2991 463 3069 qui
486 3009 518 3050 ee
532 2991 561 3048 in
586 2991 690 3070 noetis,
714 2991 798 3070 qnod
813 2993 858 3052 sio
876 2990 1122 3054 aliaedieeretnr:

207 3072 297 3132 Pater
318 3080 424 3134 noster
446 3073 605 3151 eoelestis,
637 3074 684 3134 vei
706 3077 737 3136 in
760 3076 866 3136 ooeiis.
909 3076 1029 3136 Dieitur
1050 3075 1120 3137 enin

208 3155 247 3216 ad
271 3155 473 3217 differentiam
496 3176 613 3236 eorum,
636 3158 687 3235 qui
709 3159 837 3219 eredunt
858 3165 888 3218 et
910 3159 952 3239 pii
975 3166 1054 3221 sunt.

287 3236 350 3302 Sed
371 3238 484 3301 frivola
506 3246 537 3300 et
558 3259 638 3301 vana
659 3241 720 3301 sint
740 3241 834 3323 haee,
857 3242 916 3301 nisi
937 3243 1008 3322 ipse
1028 3242 1118 3322 dispu-

207 3324 283 3384 tatio
306 3323 392 3383 Pauli
421 3342 459 3383 ea
485 3330 578 3403 oogat
606 3329 637 3383 et
663 3325 791 3385 evineat.
835 3325 931 3386 Paulo
954 3327 1119 3387 animante

209 3405 345 3468 dixerat:
368 3406 571 3486 Evangelium
587 3408 681 3469 virtue
695 3408 752 3469 Dei
775 3413 831 3486 est,
853 3409 884 3468 in
897 3408 1031 3470 salntem¹
1048 3404 1118 3470 omni

208 3489 353 3568 eredenti,
373 3489 489 3552 Iudaeo
512 3491 642 3570 primum
673 3498 703 3552 et
724 3490 854 3557 Graeco.
897 3490 956 3553 Hie
976 3511 1039 3555 non
1060 3492 1118 3552 sunt

280 3760 310 3826 ⁸)
332 3758 411 3812 Rom.
432 3760 456 3813 1.
