2348 4162
323 270 328 278 ·
398 259 657 327 ateommunlonis:
940 256 981 325 19

63 441 238 506 quanquam
262 425 375 507 Hymni
399 433 430 487 et
451 425 495 488 'l’s
517 427 615 487 Deum
639 423 811 506 laudamus,
833 443 932 503 aeque
948 426 980 487 id

60 515 228 583 metantur,
251 508 356 587 quod,
377 510 445 570 Deo
468 510 602 590 gratias,
626 510 760 591 soilioet,
795 508 877 588 qaod
911 517 983 589 post

60 592 327 671 interpretationes
360 599 392 653 et
423 592 573 655 Homilias
600 593 699 652 Deum
738 592 915 669 laudariut,
952 598 983 654 et

60 676 171 754 gratias
195 677 325 755 egerint,
348 695 403 756 pro
425 676 560 736 revelata
582 677 710 739 veritate
725 694 900 736 sermonum
914 676 978 739 Dei.

61 755 173 832 Quales
197 765 228 819 et
249 778 309 839 ego
329 758 440 819 vellem
464 757 528 819 llari
562 769 683 820 nostres
707 759 887 825 vernaeulas
912 777 980 819 oan-

61 840 179 906 tilenas.
1047 846 1049 852 '

137 946 271 1007 Tantum
286 945 388 1027 habui,
410 948 526 1026 optime
542 947 680 1025 Nioolae,
703 948 784 1025 quod
803 946 840 1005 de
855 948 979 1006 nostrae

62 1029 354 1109 Vuittembergeusis
397 1030 547 1091 ecelesiae
580 1030 686 1090 ritibus
720 1037 750 1089 et
785 1029 978 1106 ceremoniis,

61 1114 168 1194 partim
199 1113 260 1173 iam
295 1113 440 1173 institutis
473 1132 511 1173 ao
542 1111 722 1193 propediem
757 1109 893 1194 (Christo
929 1131 978 1172 vo-

62 1195 156 1274 lente)
182 1195 442 1275 oonsummaudis,
464 1195 503 1255 ad
526 1199 557 1257 ie
578 1196 808 1276 perscriberem,
831 1196 994 1255 uuiusex··

63 1279 186 1359 emplar,
209 1279 235 1337 si
257 1279 308 1338 tibi
332 1285 363 1338 et
384 1278 451 1339 aliis
473 1278 642 1359 placuerit,
665 1279 776 1339 imitari
803 1277 900 1342 lieet·
926 1277 977 1336 Sin
1073 1281 1082 1307 ⁸

63 1362 169 1439 minus,
192 1361 329 1421 unctioni
351 1361 481 1422 libenter
513 1361 615 1423 laeum
653 1361 813 1435 dabimus,
840 1363 981 1440 paratia
1039 1401 1051 1407 ,.

63 1444 148 1506 vobis
171 1451 203 1504 et
225 1443 381 1523 quibusvis
404 1444 472 1505 aliis
496 1443 707 1505 commodiora
731 1444 882 1524 accipere.

141 1549 209 1610 Nee
232 1567 288 1609 vos
310 1556 363 1610 aut
385 1551 509 1630 quosvis
532 1551 610 1612 alios
633 1550 816 1627 absterreat,
845 1547 927 1627 quod
950 1550 980 1608 in

55 1640 168 1693 ,nostra
191 1633 423 1714 Vuittemberga
444 1633 546 1697 adhue
567 1640 743 1712 perseverat
764 1632 905 1711 Topheth
927 1631 982 1690 illa

64 1715 228 1796 sacrilega,
259 1734 337 1795 quae
359 1716 535 1796 Principum
559 1715 714 1777 Saxoniae
743 1717 836 1795 impia
865 1722 895 1773 et
916 1733 979 1794 per-

65 1799 122 1860 dita
143 1799 278 1879 peaunia
301 1809 361 1876 est,
384 1797 584 1875 eeclesiam1)
621 1799 688 1860 dieo
719 1799 853 1858 omnium
888 1795 980 1863 Saue-

64 1888 171 1943 torum.
197 1881 295 1953 ,Nam
318 1887 435 1961 tantum
460 1889 508 1943 est
529 1882 692 1943 miserente
714 1882 782 1942 Deo
814 1880 894 1960 apud
924 1898 981 1940 nos

63 1963 189 2025 antidoti
213 1984 268 2046 per
290 1967 450 2046 ,copiosum
473 1964 598 2027 verbum
622 1966 690 2044 Dei,
714 1972 746 2025 ut
767 1965 862 2044 pestis
885 1958 980 2025 illain

62 2047 173 2130 angulo
196 2066 252 2108 suo
270 2047 419 2129 languens
442 2068 504 2117 non
527 2050 584 2109 nisi
598 2047 653 2110 sibi
682 2049 740 2128 ipsi
763 2047 910 2128 pestilens
933 2048 981 2108 sit.

64 2129 201 2210 Denique
224 2132 276 2190 vix
297 2137 358 2194 tres
380 2138 433 2193 aut
455 2139 586 2212 quatuor
606 2132 692 2212 porei
715 2137 746 2191 et
767 2139 888 2190 ventres
910 2137 981 2189 sunt

63 2214 91 2274 in
111 2215 181 2296 ipsa
208 2213 261 2274 illa
282 2214 461 2294 perditionis
491 2214 602 2294 domo,
631 2215 682 2294 qui
711 2214 873 2294 pecuniam
896 2212 979 2273 illam

64 2298 186 2376 solunt,
213 2299 322 2358 ueteris
344 2298 486 2359 omnibus
509 2297 599 2359 simul
624 2297 669 2358 'et
695 2298 837 2357 universo
862 2295 980 2376 populu

63 2381 189 2462 insignis
219 2398 336 2441 nausea
364 2389 396 2442 et
422 2381 611 2443 abominatio
634 2378 695 2457 est,
726 2399 825 2459 neque
855 2379 925 2438 lieet
953 2378 981 2437 vi
1065 2449 1069 2456 ι
1155 2416 1158 2423 ·

63 2475 111 2524 aut
133 2465 263 2544 imperio
275 2465 306 2524 in
324 2484 378 2524 eos
389 2465 532 2546 grassari,
543 2471 576 2524 ut
597 2465 687 2544 nosti,
711 2463 820 2524 deeere
839 2461 982 2522 christia·

11 2584 16 2591 ·
64 2565 116 2608 uos
143 2565 206 2608 nnn
240 2547 299 2608 nisi
322 2549 432 2608 virtute
461 2547 554 2627 gladii
588 2549 711 2628 spiritus
739 2565 887 2626 pugnare.
932 2543 983 2603 Sin

65 2631 141 2691 enim
164 2635 196 2690 et
210 2629 329 2709 infreno
342 2631 491 2712 populum
506 2631 652 2710 quotidie,
675 2629 790 2708 alioqui
806 2627 981 2711 iamdudum

61 2712 170 2774 ‘domus
192 2713 397 2775 illa-omnium
420 2713 614 2793 Senatorum,
636 2715 698 2780 imo
715 2711 823 2786 doinus
846 2711 981 2772 omnium

10 2823 14 2844 ·
64 2794 264 2874 diabolorum,
287 2797 348 2858 alio
370 2799 496 2859 nomine
517 2798 643 2869 ferretur
666 2797 695 2856 in
719 2795 803 2876 orbe.

142 2894 213 2965 Sed
227 2921 286 2963 neo
306 2909 493 2983 potestatem
517 2904 650 2984 spiritus,
674 2920 764 2980 quam
787 2898 871 2961 dedit
893 2898 982 2959 uobis

63 2981 163 3064 Deus,
185 2986 216 3046 in
241 2985 322 3047 illam
345 2987 488 3066 exereai,
511 2989 609 3047 terens
632 2985 848 3065 longanimiter
870 3000 983 3062 oppro-

64 3066 157 3130 brium
181 3068 273 3149 istud,
296 3069 322 3129 si
344 3069 423 3130 forte
445 3069 498 3131 det
519 3069 579 3130 illis
603 3068 685 3129 Deus
709 3063 998 3148 poenitentiam2),
1087 3129 1090 3133 ,

65 3158 224 3214 contentus
248 3153 379 3231 interim,
402 3152 484 3233 quod
508 3152 756 3227 nostradamus,
781 3169 860 3230 quae
883 3146 982 3209 verius

66 3243 109 3296 est
128 3237 267 3297 omnium
289 3235 469 3297 Senatorum
502 3235 631 3313 domus,
660 3235 709 3296 hio
731 3239 839 3314 regnat
872 3240 902 3290 et
924 3235 984 3290 stat
1054 3307 1056 3312 Ι

66 3319 143 3380 uelut
166 3319 256 3380 turris
279 3318 384 3382 Libani
407 3325 515 3381 eontra
538 3318 661 3380 domum
686 3318 821 3380 omnium
845 3313 983 3377 diabolo·

114 3608 144 3671 1)
166 3606 198 3661 In
217 3603 263 3660 ed.
284 3603 354 3663 lem:
373 3604 517 3676 Templum
559 3607 589 3667 2)
606 3602 675 3660 ibid.
698 3601 815 3674 margini
844 3600 986 3672 adscripta
1027 3582 1029 3588 Ι
1134 3660 1137 3667 ,

66 3673 162 3748 legitur
171 3679 243 3732 haee
259 3683 341 3732 nota:
355 3679 416 3733 Non
431 3679 517 3734 mutto
537 3681 602 3747 post
616 3677 698 3732 etiam
711 3677 738 3730 in
756 3690 791 3730 eo
806 3674 909 3743 templo
921 3672 986 3730 sub·
1038 3744 1040 3748 ,

66 3745 111 3805 lati
129 3755 195 3805 aunt
213 3748 290 3818 impii
309 3749 398 3805 nultus
414 3750 558 3806 blissarum
577 3758 606 3806 et
625 3748 671 3803 alii
690 3750 802 3802 abusus.

770 3817 820 3886 2...
