2348 4162
200 228 265 299 512
491 229 738 289 munemne.
756 234 790 287 tt.
809 232 839 288 t„

202 402 369 481 culentins,
402 400 525 463 nitidius
546 399 629 483 fluit,
661 403 767 482 itaque
788 403 888 483 magis
910 399 1008 463 afficit
1027 405 1059 461 et
1078 400 1121 461 de·

200 488 305 550 lectet.
348 486 433 547 ldeus
456 504 550 565 vero,
588 494 804 567 praeterquam
835 484 920 565 quod
949 484 1065 546 artibus
1085 482 1121 545 di·

202 570 293 632 cendi
314 569 472 651 imperitus
494 577 524 629 et
546 569 689 649 incultus,
710 569 784 629 nihil
795 571 854 629 nisi
865 570 976 629 silvam
990 574 1022 629 et
1035 567 1121 628 chaos

202 655 367 715 verborum
389 653 517 731 evomit,
539 658 603 712 tum
626 655 719 712 etiam
741 672 781 713 eo
802 653 867 713 fato
882 653 995 733 agitur,
1018 655 1052 713 ut
1071 658 1121 712 tur·

203 738 347 798 bulentus
369 746 400 796 et
421 738 611 816 impetuosus
633 736 718 797 velut
738 736 871 797 luctator
891 755 963 796 cum
984 734 1122 796 mononis

201 821 328 881 infinitis
362 839 486 899 semper
518 817 665 899 congredi
695 828 836 900 cogatur.
878 816 991 898 Itaque
1011 820 1038 878 si
1059 820 1123 879 licet

201 907 306 985 parvis
328 921 517 983 componere
539 922 662 981 magna,
685 903 758 962 mihi
779 902 820 963 de
841 901 1039 983 quadruplici
1069 901 1122 982 spi·

200 990 260 1048 ritu
282 987 371 1047 Eliae
391 988 421 1048 4.
445 986 520 1065 Reg.
546 988 583 1049 19
607 996 715 1045 ventus
744 998 845 1046 motus
879 994 911 1046 et
944 988 1047 1065 ignis,
1077 986 1122 1065 qui

202 1080 324 1132 montes
346 1070 495 1129 snbvertit
515 1076 547 1129 et
568 1087 686 1149 poenas
709 1072 860 1130 convertit
872 1068 919 1150 ¹),
950 1068 1008 1129 tibi
1029 1078 1122 1128 autem

201 1161 233 1215 et
255 1157 298 1213 tui
320 1152 470 1211 similibus
504 1153 610 1212 sibilus
641 1152 693 1212 ille
724 1152 854 1212 blandus
888 1171 984 1213 aurae
1020 1153 1123 1232 tenuis,

201 1240 253 1317 qui
275 1236 434 1316 refrigeret
445 1235 489 1314 ²),
513 1237 658 1316 contigit:
679 1234 778 1313 italit,
800 1243 834 1296 ut
855 1237 949 1296 etiam
973 1234 1121 1316 mihiipsi,

200 1319 314 1379 nedum
350 1320 418 1379 aliis
439 1321 575 1398 gratiora
596 1321 658 1379 sint
683 1322 798 1399 scripta
826 1326 857 1379 et
892 1320 989 1379 verba
1019 1328 1124 1382 vestre.

200 1403 293 1465 Solor
314 1414 417 1462 tamen
440 1404 620 1482 meipsum,
642 1401 725 1481 quod
737 1405 920 1480 existimem,
941 1404 1009 1462 imo
1023 1404 1122 1479 sciam,

201 1486 322 1547 Patrem
354 1486 439 1545 illum
467 1485 598 1546 familias
620 1486 789 1546 coelestem
825 1505 882 1566 pro
916 1485 1123 1565 magnitudine

200 1588 277 1630 suec
298 1568 408 1629 domus
430 1572 522 1629 etiam
545 1588 624 1649 opus
646 1569 761 1630 habere
782 1589 844 1631 uno
866 1576 898 1629 et
915 1569 1018 1630 altero
1040 1584 1124 1630 servo

202 1652 279 1712 duro
302 1662 411 1713 contra
432 1652 525 1712 duros
548 1662 582 1712 et
602 1671 714 1732 aspero
736 1660 845 1713 contra
865 1670 1015 1733 asperos,
1036 1650 1125 1713 veluti

202 1737 284 1797 malo
307 1755 415 1796 cuneo
427 1737 459 1795 in
483 1736 581 1795 malos
603 1735 718 1797 nodos.
760 1736 800 1796 Et
815 1737 938 1796 tonanti
961 1735 1032 1797 Deo
1054 1752 1126 1817 opus

202 1827 333 1880 estnon
355 1826 473 1879 mutum
495 1819 599 1899 pluvia
618 1821 780 1901 irrigante,
811 1818 867 1879 sed
895 1821 992 1880 etiam
1015 1820 1125 1881 tonitru

203 1905 401 1963 concutiente
422 1910 454 1963 et
475 1902 596 1979 fulgure
618 1922 708 1963 auras
729 1912 899 1984 purgante,
922 1921 986 1982 qno
1009 1903 1125 1965 l‘eliciut

205 1995 237 2047 et
259 1987 416 2066 copiosius
439 1996 519 2046 terra
541 1984 711 2051 fructificet.

287 2070 400 2130 Verum
428 2070 490 2130 hoe
512 2069 626 2129 donum
648 2070 705 2129 Dci
732 2088 808 2149 prae
829 2069 938 2128 ceteris
960 2071 994 2130 in
1017 2078 1049 2131 te
1070 2068 1128 2129 siu·

202 2153 348 2233 gulariter
369 2172 440 2212 amo
464 2160 495 2213 et
518 2171 662 2231 veneror,
696 2152 779 2232 quod
800 2154 947 2212 iustitiam
970 2152 1044 2213 lidei
1066 2160 1125 2213 tem

202 2237 332 2297 lidcliter
370 2245 401 2296 et
422 2238 541 2296 sincere
573 2255 664 2316 urges
694 2237 723 2295 in
747 2236 889 2297 omnibus
911 2239 1036 2317 seriptis
1059 2237 1123 2297 tuis.

202 2320 261 2380 Hic
283 2320 370 2379 loeus
405 2321 486 2379 enim
509 2326 602 2399 eaput
623 2327 654 2379 et
675 2319 830 2399 angularis
862 2319 942 2400 lepis
977 2328 1043 2400 est,
1080 2318 1128 2399 qui

203 2404 288 2464 solus
312 2403 475 2462 ecelesiam
499 2404 555 2463 Dei
576 2404 685 2484 gignit,
708 2405 817 2479 nutrit,
839 2401 1126 2483 aedificat„servat,

204 2487 354 2564 ostendit,
387 2489 513 2546 sosine
551 2505 589 2547 eo
624 2485 758 2547 ecclesia
781 2487 834 2546 [tei
855 2505 919 2546 non
940 2494 1048 2567 potest
1070 2504 1127 2547 une

205 2571 282 2631 hora
304 2570 485 2648 subsistere,
519 2571 597 2630 sicut
618 2572 700 2630 nosti
720 2578 752 2630 et
773 2571 879 2631 sentis.
923 2571 1028 2649 Atque
1051 2568 1126 2632 adeo

205 2655 250 2714 sic
270 2656 382 2731 instas,
417 2672 517 2732 neque
549 2656 630 2713 enim
653 2655 814 2733 quisquam
836 2658 920 2713 recte
942 2654 1060 2715 docere
1081 2670 1128 2735 po

206 2746 266 2798 test
286 2740 317 2797 in
341 2737 489 2817 ecclesia,
526 2756 585 2798 nec
622 2738 675 2797 ulli
709 2736 885 2796 edversario
908 2736 1041 2798 feliciter
1062 2736 1128 2797 resi·

205 2829 303 2902 stere,
335 2822 386 2899 qui
410 2820 491 2880 hunc
513 2820 632 2899 locum,
665 2840 737 2901 scu,
772 2822 814 2879 uti
838 2819 952 2879 Paulus
987 2821 1127 2901 appellet,

204 2904 287 2965 hanc
308 2923 415 2964 sanam
438 2903 608 2963 doctrinam
631 2923 693 2964 nou
716 2904 867 2982 tenuerit,
904 2903 971 2983 vel,
997 2912 1031 2964 ut
1053 2903 1127 2964 idem

206 2987 281 3047 dicit
303 2987 424 3067 Paulus,
446 2995 539 3047 tenax
562 2990 627 3047 eius
649 2987 747 3047 luerit.
790 2985 946 3061 Quocirca
967 2990 1092 3067 saepius
1102 2992 1128 3046 ct

205 3089 286 3150 pene
309 3089 377 3129 cum
411 3071 625 3149 indignatione
648 3071 795 3148 admiror,
818 3068 979 3150 quomodo
1003 3072 1042 3133 D.
1064 3070 1129 3131 Hie·

204 3172 354 3233 ronymus
376 3173 488 3214 nomen
512 3154 648 3216 doctoris
670 3155 820 3215 ecclesiae
842 3163 873 3215 et
894 3152 1049 3233 Origenes
1072 3172 1127 3214 ma

206 3237 293 3317 gistri
315 3238 515 3298 ecclesiarum
537 3246 609 3319 post
646 3239 806 3320 apostolos
841 3240 1027 3319 meruerint,
1064 3238 1127 3299 dum

206 3323 236 3381 in
259 3330 389 3401 utroque
424 3330 531 3383 autore
566 3343 629 3384 nou
667 3324 757 3384 facile
779 3331 840 3383 tres
862 3341 972 3382 versus
994 3323 1128 3384 inveniat

206 3405 246 3466 de
267 3404 337 3466 fidei
359 3407 475 3467 iustitia
508 3405 655 3469 docentes
687 3425 789 3486 neque
811 3405 1020 3467 Christianum
1041 3406 1126 3466 ullum

206 3674 310 3813 gerat1)
331 3674 472 3731 deWettet
492 3680 588 3745 petras
607 3675 733 3733 conterit
769 3676 801 3741 2)
823 3674 901 3732 Idem
918 3675 1029 3734 reddit:
1061 3672 1123 3733 rslrl·
