2348 4162
283 239 319 296 ad
338 240 372 299 D.
390 241 533 297 Erasmum
551 241 777 298 Roterodamum.
827 304 849 320 ⁶
931 238 993 305 307

66 426 139 488 oor,
164 409 288 471 Domini
317 415 422 487 ¹antem
451 409 622 491 gubernare
654 411 806 494 linguam,
841 410 992 474 etiamad

68 499 182 555 eventa
202 512 303 555 rarum
325 493 398 555 dioit
420 494 582 574 pertinere.
709 540 714 551 .
1072 562 1080 576 .

151 575 247 652 Quasi
273 575 335 639 hoo
367 595 423 640 auo
456 578 582 658 proprio
619 577 703 638 dioto
737 578 803 640 aine
828 579 991 640 autoritate

67 659 128 720 alia
149 660 224 719 satis
247 660 286 720 ait
306 659 395 722 nobis
418 660 539 725 iactum.
584 661 624 722 Et
644 661 717 721 iaoit
738 680 813 723 sane
835 663 930 723 nimio
945 682 991 723 aa·

66 745 123 822 tis,
162 741 248 822 quod
279 762 428 804 oouossso
462 763 554 806 sensu
593 744 632 805 do
654 744 771 806 ovantis
793 764 910 824 rernm,
933 765 990 805 nos

66 826 159 907 piane
182 827 308 887 vioimus
330 826 498 888 seeundum
522 847 569 908 ea,
593 846 673 907 quae
695 829 835 909 proxime
848 828 989 908 diximus,

66 908 159 990 quod,
184 927 253 971 oum
264 907 388 973 libertas
411 910 525 971 arbitrii
553 912 583 970 in
607 911 697 973 rebus
720 917 751 973 at
772 912 915 992 operibus
938 930 991 971 uo-

65 993 133 1053 stris
157 989 243 1053 nulia
265 998 329 1073 eat,
360 995 456 1056 multo
496 996 593 1076 magis
617 995 701 1056 nulla
722 1000 770 1056 est
793 997 823 1055 in
846 994 938 1056 rebus
960 999 991 1055 et

43 1075 211 1156 operibus
234 1074 354 1139 divinis.
900 1132 903 1136 .

148 1175 210 1238 sed
233 1194 362 1237 aonmen
386 1177 450 1237 eius
472 1174 558 1237 vids:
592 1176 757 1253 Quomodo
787 1183 835 1239 est
856 1176 989 1239 hominis
1062 1188 1070 1207 ·

65 1278 250 1340 praeparare
271 1278 339 1341 oor,
367 1277 459 1339 quum
482 1259 628 1321 Lutherus
656 1260 787 1323 affirmet
809 1261 913 1322 omnia
935 1279 989 1321 ne·

66 1344 211 1404 oessitate
231 1342 319 1423 gari?

146 1425 350 1507 Respondao‚
385 1443 477 1504 quum
511 1431 624 1486 eventa
655 1445 755 1487 rerum
783 1445 845 1487 non
875 1427 987 1486 sintin

64 1515 220 1590 potestate
241 1516 361 1590 nostra,
383 1516 415 1568 ut
437 1514 469 1568 tu
493 1507 582 1585 diois,
606 1509 763 1588 quomodo
786 1514 833 1569 eat
854 1509 987 1570 hominia

63 1611 110 1652 ras
133 1592 263 1673 gerere?
307 1590 398 1668 Quod
421 1591 494 1651 mihi
507 1591 714 1671 responderis,
737 1591 791 1654 tibi
803 1610 985 1672 responsum

63 1675 151 1739 habe.
195 1675 262 1735 lmo
290 1674 361 1736 idao
386 1675 518 1735 maxima
542 1674 732 1755 operandum
755 1680 815 1752 ost,
851 1676 923 1753 quia
944 1676 987 1735 in-

63 1765 147 1820 eerta
168 1758 258 1819 nobis
290 1765 360 1820 sunt
382 1759 484 1818 omnia
505 1756 620 1838 futura,
650 1765 682 1820 ut
703 1758 906 1819 Ecclesiastea
929 1758 986 1821 ait:

62 1842 152 1903 Mane
173 1843 292 1903 semina
313 1860 418 1903 samen
442 1848 541 1919 tuum,
575 1848 605 1901 et
630 1861 758 1922 vespero
785 1860 848 1902 non
871 1859 985 1918 oesses,

63 1928 133 2005 quia
157 1926 274 2004 nescis,
303 1944 341 1985 an
364 1925 425 1986 hoo
446 1925 497 1986 vol
518 1924 592 1984 iilud
615 1928 654 1986 sit
676 1928 833 1987 oriturum.
876 1921 985 2000 Nobis,

60 2010 202 2089 inquam,
234 2015 305 2087 sunt
338 2009 454 2069 ineerta
487 2009 679 2089 cognitione,
722 2008 776 2070 aed
811 2008 986 2068 neeessaria

61 2098 184 2154 eventu.
226 2091 404 2152 Necessitas
427 2090 517 2152 nobis
539 2094 681 2154 timorem
702 2093 760 2152 Dei
782 2092 907 2168 inoutit,
947 2110 985 2150 ne

62 2194 294 2257 praesumamus
317 2181 348 2236 et
368 2175 466 2237 aeouri
489 2176 594 2254 simus,
615 2174 797 2240 inoertitudo
820 2193 894 2237 vero
907 2173 984 2235 fidu·
1093 2230 1100 2243 ,

63 2260 141 2321 aiam
161 2259 250 2339 parit,
272 2278 312 2320 na
334 2258 540 2339 desperemus.

144 2358 237 2421 Redit
251 2357 282 2444 ¹)
317 2377 391 2420 vero
427 2357 465 2418 ad
500 2365 635 2420 veteram
669 2378 756 2419 suam
788 2357 983 2438 cantilenam,

10 2458 12 2467 ·
61 2443 144 2521 quod
166 2445 197 2502 in
230 2442 308 2504 libro
334 2441 567 2504 Proverbiorum
590 2442 686 2502 multa
713 2442 852 2502 dicuntur
873 2460 929 2522 pro
952 2440 984 2499 li·

55 2525 134 2588 bero
157 2525 292 2606 arbitrio,
316 2526 406 2605 quale
429 2525 576 2587 estillud:
600 2525 716 2586 Revela
729 2525 865 2587 Domino
890 2542 985 2604 opera

61 2616 130 2689 tua3
153 2607 240 2670 audis
263 2608 388 2693 (inquit)
412 2608 602 2689 operatua?
887 2616 890 2621 “

145 2709 277 2791 Soilioet,
300 2709 384 2790 quod
407 2709 502 2793 multa
523 2709 637 2770 sintin
661 2727 698 2771 eo
722 2707 798 2769 libro
822 2705 916 2768 verba
926 2706 983 2766 im·

61 2795 200 2875 parativa
222 2800 253 2856 ot
275 2793 485 2872 coniunctius,
522 2795 594 2854 item
617 2790 802 2874 pronomina
830 2788 984 2851 seoundae

59 2897 231 2958 personas,
265 2878 313 2938 his
346 2877 426 2937 enim
453 2876 659 2937 fundamentis
688 2875 835 2957 probatur
857 2873 983 2935 libertas

60 2960 186 3040 arbitrii,
209 2967 241 3022 ut
262 2959 395 3039 Revela,
423 2978 496 3040 ergo
532 2966 622 3040 potes
644 2960 782 3020 revelare
805 2963 984 3035 operatua,

61 3063 135 3125 ergo
171 3051 203 3105 tu
225 3043 300 3105 fanis
323 3063 368 3107 ea.
412 3042 463 3104 sio
484 3042 574 3124 illud,
609 3043 678 3123 Ego
706 3062 770 3103 sum
793 3042 877 3103 Deus
904 3047 985 3121 tuus,

60 3126 225 3208 intelliges,
246 3126 351 3204 idest,
372 3125 418 3186 Tu
430 3126 505 3186 facis
528 3146 577 3186 me
592 3127 687 3186 Deum
713 3138 807 3205 tuum,
830 3123 919 3184 Fides
932 3131 984 3184 tua

59 3217 90 3271 te
112 3210 335 3272 salvum'feoit.
378 3208 485 3289 Audis,
510 3208 583 3270 tua?
607 3229 729 3289 expone
751 3210 811 3268 sio:
839 3207 885 3268 Tu
908 3206 982 3267 fania

59 3293 169 3374 fldem,
209 3302 272 3355 tum
306 3292 442 3374 probasti
469 3293 597 3354 liberum
627 3292 792 3355 arbitrium.
835 3289 905 3351 Non
933 3288 985 3349 hio

59 3376 190 3458 irrideo,
222 3377 276 3438 sed
309 3376 440 3439 ostendo
463 3376 611 3438 diatribae
640 3378 751 3438 serium
775 3393 837 3434 non
860 3391 930 3433 esse
951 3373 982 3431 in

59 3461 119 3524 hau
143 3479 249 3526 nausa.

130 3756 163 3824 1)
185 3755 216 3810 In
236 3753 279 3811 od.
299 3755 355 3809 Ian.
374 3752 418 3806 hio
436 3752 464 3806 in
478 3751 601 3821 margine
621 3748 894 3885 legitupbpirasmus.
