2348 4162
203 265 268 333 550
500 262 849 321 maurocenum

205 446 240 501 ut
263 444 357 498 untes
377 444 467 498 erent
485 437 518 498 in
537 437 723 518 Pspistitttc
737 455 818 498 mss.
851 435 999 516 Denique
1018 433 1121 496 offendi

206 525 238 584 in
261 523 305 580 eis
328 538 422 580 unum
443 519 520 582 illud
542 529 573 581 et
600 538 746 602 maguum
769 520 961 595 miraculum,
982 521 1013 579 in
1035 517 1124 578 eccls-

206 606 255 666 sie
274 604 379 683 Pnpue
406 622 486 683 pene
507 604 697 679 inauditum,
728 603 864 678 scilicet,
898 602 983 683 quod
1014 602 1124 662 omissis

205 688 364 750 hominum
387 686 546 764 doctrinis,
567 695 717 767 qnantum
738 693 891 765 poterunt,
915 685 1126 746 meditarentur

207 773 239 833 in
262 771 331 850 lege
348 770 471 830 Domini
493 769 545 830 die
565 779 597 830 et
612 777 716 845 nocte,
739 786 870 849 esseque
883 788 940 830 cos
961 770 992 828 iu
1005 768 1126 848 Scriptu-

204 856 250 915 ris
271 854 387 934 peritos
408 859 440 913 et
460 859 605 933 puratos,
631 853 754 913 cumin
776 852 894 932 Pspstu
915 850 979 933 ipsi
1001 852 1125 932 llsgistri

208 939 304 998 nostri
326 954 451 1016 prorsus
471 936 666 1015 negligerent
686 935 872 1018 Scripturas,
896 954 1025 1015 querum
1047 934 1126 994 titulo

207 1019 410 1096 luctabuntur,
433 1019 573 1080 nonnulli
594 1038 668 1081 vero
691 1037 731 1079 ex
752 1020 879 1098 ipsisne
900 1019 1054 1078 vidissent
1070 1018 1128 1097 qui·

209 1102 280 1164 dem
308 1102 408 1163 Biblis
445 1121 535 1162 sacru
563 1119 716 1181 unquam:
748 1120 925 1181 quenquam
956 1101 1022 1177 lieri
1051 1101 1129 1161 aliter

208 1205 273 1248 uon
295 1187 405 1266 potuit,
428 1185 600 1246 iacentibus
622 1186 744 1266 linguis,
767 1205 830 1245 nou
852 1185 948 1246 modo
962 1183 1085 1246 Graeco
1104 1190 1129 1244 et

210 1269 350 1348 Ebrsicu,
372 1267 427 1328 sed
449 1276 481 1329 et
501 1268 620 1346 lantino,
643 1270 715 1347 quin
727 1266 848 1347 aliquot
867 1268 929 1328 loci
952 1268 1013 1328 illis
1034 1286 1129 1327 neces·

210 1353 292 1414 serio
321 1351 444 1413 obscuri
471 1359 641 1414 mouerent.
703 1351 744 1413 lut
776 1350 850 1412 illud
885 1350 969 1432 epod
996 1369 1053 1411 eos
1074 1351 1129 1410 uitii

209 1435 366 1518 inserebat,
400 1433 473 1494 dum
495 1435 595 1494 vilere
615 1434 779 1495 voluerunt
805 1436 928 1514 spineto
956 1441 989 1495 et
1010 1433 1129 1514 peludes

209 1517 422 1599 Sophisterum
449 1522 481 1578 et
516 1517 755 1598 monachorum,
782 1536 909 1598 prorsus
931 1515 973 1578 ab
997 1517 1129 1577 omuibus

210 1601 319 1664 studiis
341 1602 449 1661 artium
472 1598 702 1680 abstinuerunt,
723 1600 815 1662 simul
841 1602 936 1661 etism
956 1601 1068 1680 inopie
1087 1617 1128 1659 eo·

211 1685 281 1763 uoti,
302 1704 394 1764 qnam
417 1681 524 1744 labore
547 1702 690 1744 munuum
713 1682 868 1745 levabunt.

294 1799 355 1862 Sed
377 1819 459 1862 nunc
486 1800 641 1881 prodeunt
674 1821 736 1863 non
759 1801 853 1882 paulo
884 1800 1035 1863 cultiores
1055 1808 1086 1863 et
1104 1801 1128 1861 li·

211 1883 366 1961 beriores,
396 1903 436 1944 ne
465 1883 563 1944 dicem
593 1885 684 1944 etiem
720 1883 901 1945 illustriores
930 1890 963 1944 et
985 1884 1128 1958 meliores,

211 1975 245 2026 ut
277 1985 397 2047 sperem
437 1986 500 2027 non
533 1968 674 2047 ingratos
712 1987 815 2050 neque
855 1967 1041 2029 iusmubiles
1073 1966 1128 2028 fore

211 2051 353 2110 omuibus
369 2069 441 2110 vere
454 2049 644 2130 Christianis,
666 2051 710 2111 its
730 2058 807 2111 utet
827 2053 944 2131 gratim
962 2070 1022 2111 nos
1044 2067 1127 2131 egere

211 2138 353 2210 oporteat
380 2149 471 2211 quem
503 2134 653 2192 maximas
675 2133 742 2194 Deo
776 2143 807 2193 et
835 2135 913 2213 petri
936 2133 1063 2194 Domini
1085 2151 1127 2192 no

210 2215 264 2274 stri
285 2214 352 2275 lesu
375 2214 495 2292 Christi,
519 2217 569 2295 qui
586 2215 756 2276 secuudum
779 2216 899 2277 divitius
920 2217 1044 2296 gloriae
1064 2233 1126 2276 susc

209 2298 326 2358 inseite
344 2297 477 2358 tenebris
488 2298 705 2378 splendescere
715 2298 887 2359 lumeuhoc
903 2298 990 2360 verbi
1005 2300 1062 2380 sui,
1077 2316 1125 2379 qno

210 2380 313 2441 denuo
324 2381 453 2442 innubis
470 2380 640 2442 destrueret
654 2390 783 2443 mortem
795 2388 825 2442 et
839 2381 1027 2444 illuminaret
1035 2386 1125 2456 vitum,

211 2470 241 2523 et
263 2464 410 2544 gratulari
433 2465 576 2539 luminis,
600 2471 662 2524 tum
684 2464 783 2542 uobis,
806 2464 899 2544 quod,
923 2467 976 2547 qui
990 2468 1071 2527 inter
1082 2482 1127 2525 nos

209 2547 294 2626 ipsos
317 2565 440 2626 quoque
462 2547 555 2628 longe
577 2547 698 2625 fuimus,
721 2548 876 2608 destructo
899 2567 984 2609 nuuc
1004 2549 1126 2609 intersti-

210 2631 252 2689 tic
275 2631 474 2711 suspicionis,
508 2648 569 2709 qus
590 2630 678 2692 uobis
707 2638 813 2691 mutuo
843 2631 990 2692 haeretici
1016 2632 1126 2693 videbu-

210 2732 291 2790 mur,
315 2713 387 2773 facti
409 2732 514 2773 sumus
537 2732 634 2794 prope
656 2721 687 2774 et
707 2713 824 2797 reducti
854 2714 946 2774 simul
979 2734 1083 2776 sumus
1102 2714 1126 2772 in

210 2815 302 2855 unum
326 2796 408 2856 ovile
429 2795 485 2857 sub
501 2815 593 2855 uuum
616 2796 701 2857 illum
724 2804 878 2877 pastorem
902 2803 932 2857 et
956 2799 1125 2878 episcopum

209 2879 377 2939 animorum
400 2885 583 2959 nostrerum,
618 2881 670 2959 qui
693 2878 944 2941 estbenedictus
968 2880 999 2941 in
1024 2880 1126 2955 seculu,

210 2962 318 3026 Amen.

292 3078 382 3152 Quod
411 3078 435 3138 si
465 3098 544 3159 quse
574 3077 764 3140 differentiae
792 3081 822 3139 in
852 3080 912 3139 hec
934 3098 1043 3141 eorum
1066 3096 1125 3140 ccu-

208 3159 343 3220 iessioue
372 3170 534 3223 occurrent
562 3162 601 3223 de
622 3162 727 3223 ritibus
751 3169 781 3222 et
810 3165 995 3223 ceremoniis
1027 3164 1075 3224 vcl
1095 3161 1126 3220 de

209 3242 379 3324 coelibatu,
412 3247 640 3315 meminerimus
663 3264 818 3324 nunquum
841 3247 935 3306 fuisse
958 3266 1061 3326 neque
1081 3263 1125 3326 po·

208 3326 302 3387 tuisse
325 3329 459 3388 omnium
483 3329 682 3389 ecclesiarum
706 3348 813 3389 omnes
835 3331 910 3390 ritus
934 3337 966 3390 et
988 3331 1124 3391 observe-

208 3409 305 3469 tiones
329 3429 397 3471 esse
409 3412 554 3489 aequales
579 3412 627 3472 vel
651 3411 786 3472 easdem.
818 3410 851 3471 ld
875 3413 958 3472 enim
980 3432 1045 3474 uon
1067 3430 1125 3492 per·

208 3493 330 3553 mittunt
351 3493 525 3574 hominum,
547 3495 725 3574 regionum,
747 3502 920 3573 temporum
943 3498 1081 3555 rationes
1100 3499 1125 3552 et

206 3575 380 3655 varietates,
404 3575 497 3636 modo
521 3577 607 3636 selva
630 3579 669 3636 sit
692 3577 832 3637 doctrine
853 3576 924 3636 fidei
948 3585 980 3639 et
1002 3596 1124 3638 morum.

206 3657 291 3716 Haec
314 3660 394 3718 enim
419 3658 511 3719 debet
532 3678 601 3720 esse
616 3660 735 3737 eedem,
759 3667 793 3720 ut
814 3658 928 3719 Paulus
952 3679 1049 3741 ssepe
1072 3676 1140 3718 mou.

206 3748 272 3801 uel:
304 3739 384 3802 ldem
407 3740 514 3804 dioclis
550 3740 680 3826 (iuquit)
714 3761 839 3822 omnes3
858 3762 982 3824 rursus,
1010 3743 1053 3806 Ut
1071 3758 1123 3804 nno
