2348 4162
200 218 264 313 252
443 244 488 305 ns
504 260 587 309 ervo
605 245 720 304 animo
737 245 774 304 n.
791 245 828 303 u.
845 245 877 304 a

202 417 298 480 solem
322 423 352 478 et
378 415 506 478 imbrem
550 422 641 478 vocet
683 416 901 499 Evangelium‚
944 417 1023 479 siout
1048 416 1126 479 iacit

201 502 281 563 Psal.
312 500 350 565 19
374 499 402 581 ¹)
431 507 462 561 et
488 500 629 582 Epistola
660 499 699 561 ad
726 498 865 562 libraeos
886 498 973 584 6²),
1008 500 1124 562 cultam

203 603 275 645 vero
299 590 409 644 terram
433 583 565 663 electos,
602 584 748 644 incultam
770 583 936 663 reprobos,
968 583 1013 644 illi
1042 584 1125 645 enirn

202 666 296 728 verbo
320 667 519 729 aedificantur
542 673 573 728 ct
597 667 740 729 meliores
768 666 859 744 finnt,
892 667 936 730 illi
959 666 997 744 ⁸)
1029 666 1125 731 offen·-

142 820 147 829 ,
202 750 313 812 duntur
335 758 366 812 et
387 752 509 832 peiores
539 750 632 830 liunt,
665 751 780 829 alioqui
808 748 938 811 liborum
966 749 1127 811 arbitrium

202 854 258 916 per
270 854 339 896 sese
350 836 380 895 in
394 833 535 895 omnibns
547 832 722 895 hominibus
738 839 784 894 est
795 850 923 912 regnum
937 832 1126 909 semrom).

286 919 402 1003 Causas
424 919 517 979 etiam
540 917 700 981 uideamus
721 917 857 997 fingendi
879 916 968 978 huius
989 917 1072 998 tropi
1093 918 1126 977 in

203 1002 263 1064 hoc
295 1002 376 1066 loco.
432 999 605 1061 Absurdum
641 999 703 1082 (ait
735 999 882 1074 diatribe)
920 1000 1057 1081 videtur,
1094 1006 1128 1061 nt

203 1085 303 1161 Deus,
336 1086 387 1165 qni
416 1103 476 1146 non
501 1084 601 1145 solum
624 1085 737 1160 iustus,
770 1103 875 1144 verum
904 1084 998 1145 etiarn
1026 1083 1127 1145 bonna

203 1176 260 1251 ast,
282 1167 440 1229 indurasse
463 1167 581 1228 dicatur
603 1186 657 1228 cor
678 1167 820 1248 hominis,
843 1172 877 1228 ut
895 1186 950 1248 per
967 1166 1051 1228 illins
1065 1185 1129 1228 ma·

203 1252 299 1313 litiam
331 1271 417 1312 snam
439 1251 605 1312 illustraret
626 1251 807 1330 potentiam.
840 1250 943 1326 Quare
965 1250 1005 1311 ad
1028 1250 1128 1331 Origi-

203 1354 274 1396 nem
297 1335 439 1412 recurrit,
482 1336 532 1412 qui
555 1333 666 1395 fetatur
695 1335 891 1397 occasionem
919 1331 1126 1395 indurationis

203 1418 306 1497 datam
330 1437 348 1478 a
370 1419 453 1495 Deo,
483 1417 603 1499 culpam
626 1418 780 1477 tamenin
803 1416 997 1478 Pharaonem
1019 1416 1127 1479 reiicit.

202 1499 336 1581 Insuper
357 1501 438 1561 idem
466 1501 639 1573 annotavit,
672 1500 755 1579 quod
777 1501 927 1561 Dominus
955 1499 1052 1561 dixit:
1091 1497 1127 1562 In

203 1586 264 1647 hoo
285 1587 385 1664 ipsum
408 1585 539 1645 excitavi
563 1590 611 1661 te,
634 1592 698 1645 non
721 1585 777 1662 ait,
807 1603 870 1645 non
891 1584 922 1643 in
944 1582 1007 1644 hoe
1027 1584 1127 1663 ipsum

203 1669 263 1729 ieci
288 1674 333 1747 te3
354 1665 470 1746 alioqui
493 1667 612 1728 Pharao
635 1686 698 1727 uon
720 1667 827 1727 hrisset
848 1667 971 1747 impius,
995 1666 1127 1729 sitalem

204 1751 394 1813 condidisset
409 1751 501 1828 Deus,
525 1752 575 1830 qui
599 1749 825 1830 contemplatus
847 1757 895 1811 est
912 1750 1019 1812 omnia
1035 1767 1128 1831 opera

204 1855 269 1913 sna,
294 1842 325 1895 et
347 1841 435 1895 erant
455 1832 545 1894 valde
565 1833 658 1896 bona.
691 1834 777 1894 Haec
797 1833 861 1896 illa.

288 1916 469 1978 Absurditas
498 1919 603 1996 itaque
629 1935 691 1977 una
714 1923 763 1978 est
783 1914 997 1997 principalium
1022 1934 1127 2001 causa

204 2020 282 2077 rum,
304 2020 345 2061 ne
367 2000 462 2061 verba
475 2001 553 2061 hlosi
575 2007 606 2060 et
622 1999 708 2061 Panli
731 2000 910 2080 simpliciter
931 1999 1127 2079 accipiantur.

206 2084 267 2146 Sed
289 2103 327 2144 ea
349 2083 523 2144 absurditas
543 2084 574 2142 in
599 2102 690 2161 quem
718 2090 828 2163 peccat
849 2081 1011 2144 articulum
1034 2080 1128 2145 fldsit

207 2173 260 2229 ant
281 2168 348 2246 quis
370 2167 424 2228 illa
448 2165 635 2228 offenditur?
677 2167 768 2228 Ratio
797 2167 931 2227 humana
959 2164 1129 2241 offenditur,

207 2270 376 2331 quaecum
399 2253 429 2310 in
453 2249 593 2312 omnibus
616 2249 718 2310 verbis
741 2257 771 2310 et
795 2249 938 2329 operibus
953 2248 1012 2309 Dei
1029 2268 1128 2325 caeos,

208 2333 316 2413 surda,
339 2333 450 2412 stulta,
471 2334 567 2413 impia
588 2340 619 2392 et
641 2332 791 2413 sacrilega
813 2341 874 2411 est,
903 2333 965 2393 hoo
986 2331 1062 2394 looo
1083 2330 1129 2393 ad·

207 2417 326 2478 ducitur
348 2416 441 2478 iudex
464 2416 627 2478 verborum
650 2422 829 2497 etoperum
852 2416 921 2477 Dei.
943 2414 1067 2477 Eodem
1087 2434 1128 2476 ar

208 2506 354 2581 gamento
378 2500 505 2581 negabis
530 2518 637 2561 omnes
660 2500 807 2561 articulos
829 2499 909 2576 fidei,
934 2497 1019 2578 quod
1043 2499 1129 2579 longa

209 2584 459 2645 absurdissimum
483 2584 541 2661 sit,
570 2589 615 2661 ct,
644 2588 677 2642 ut
699 2583 810 2643 Paulas
833 2581 865 2661 ³⁸)
895 2583 954 2643 ait:
998 2579 1130 2645 Stultitia

208 2668 349 2747 gentibus
388 2674 420 2727 et
450 2665 630 2727 scandalum
657 2665 794 2743 ludaeis,
826 2666 925 2726 Deum
947 2682 1019 2727 essa
1041 2664 1130 2727 honri-

209 2770 299 2826 nem‚
323 2751 448 2830 virginis
471 2749 585 2828 lilium,
608 2748 802 2827 crucifixum,
825 2748 985 2810 sedentem
1007 2749 1040 2809 in
1063 2749 1130 2810 dex·

207 2841 274 2894 tera
297 2833 405 2898 Patris.
445 2832 619 2894 Absurdum
643 2838 690 2892 est
715 2834 876 2912 (inquam)
902 2831 977 2892 talia
999 2832 1130 2893 credere

209 2917 374 2995 Fingamus
407 2917 499 2997 igitur
529 2923 635 2996 tropos
663 2915 784 2996 aliquos
821 2935 888 2976 cum
920 2914 1063 2995 Arianis,
1096 2932 1131 2973 nc

210 2999 347 3060 Christus
369 3000 407 3059 sit
430 2999 607 3079 simpliciter
623 2998 719 3060 Dens.
748 2999 914 3079 Fingamus
937 3003 1048 3079 tropos
1068 3015 1131 3059 cnm

209 3081 413 3161 Manicheam,
435 3101 475 3143 ns
498 3083 536 3142 sit
558 3101 648 3145 verus
671 3081 776 3160 homo,
798 3082 852 3143 sed
874 3081 1062 3162 phantasma
1077 3098 1132 3225 ἔχει

209 3166 368 3247 virginem,
392 3184 447 3227 ceu
463 3165 566 3226 radius
580 3184 634 3245 per
651 3166 772 3244 vitrum,
794 3166 915 3245 lapsum
938 3170 969 3226 et
991 3166 1076 3227 cruci
1116 3194 1131 3206 ·

211 3269 270 3312 um.
295 3248 345 3310 Sic
367 3249 494 3330 pulchre
516 3248 687 3330 Scripturas
709 3249 915 3312 tractabimus.

294 3332 354 3393 Sed
377 3351 436 3394 nec
456 3339 587 3411 prosunt
609 3339 712 3393 tamen
735 3334 825 3413 tropi,
851 3351 909 3392 nec
922 3326 1129 3394 'evaditnrab

212 3416 354 3480 surditas.
397 3414 571 3476 Absurdum
603 3417 683 3476 enirn
707 3423 812 3477 manet
844 3413 982 3498 (ratione
1003 3408 1129 3492 indico),

284 3600 315 3666 1)
336 3597 431 3652 Ined.
452 3597 521 3654 1525
540 3597 671 3654 et1526:
692 3597 735 3653 18.
772 3598 806 3661 2)
826 3594 950 3651 Ibidem:
971 3598 1015 3653 10.
1034 3598 1083 3665 -3)
1101 3596 1125 3649 ln

211 3668 417 3808 &dagensqhii'
437 3667 603 3797 3111111.οω
623 3674 666 3724 est
684 3675 759 3724 terra
776 3668 881 3723 inculta
903 3672 932 3723 et
951 3683 1066 3741 rognum
1082 3666 1123 3722 s:-
