2348 4162
181 250 244 317 142
427 250 471 307 os
489 230 705 309 sorvo'unrnro
723 251 757 307 o.
776 251 812 307 ιι.
829 252 861 307 u.

180 421 269 484 coelo
293 438 363 482 eum
385 418 473 480 uobis
495 421 633 483 residere
655 420 778 482 tandem
804 420 984 503 permittes,
1007 436 1111 499 usqne

183 506 263 566 anim
287 502 366 565 coeii
389 503 547 564 coelorum
561 525 630 566 eum
653 506 787 586 capiunt,
809 522 910 585 neque
926 503 1010 583 digni
1027 507 1108 566 sunt.

183 588 314 667 Verum,
345 591 379 647 ut
400 585 479 668 dixi,
502 606 588 649 more
620 596 673 649 tuo
695 590 740 648 sio
772 587 881 650 odiose
909 587 1042 730 pungis,
1076 590 1111 646 nt

183 676 313 732 causam
330 676 468 731 nostram
489 690 601 752 graves
623 680 654 731 et
687 689 816 733 exosam
853 669 907 731 red
930 689 994 749 aa,
1023 666 1109 749 quod

183 754 302 815 videres
325 771 393 814 eam
417 753 470 814 tihi
491 753 730 835 insuperabilem
754 760 785 815 et
806 755 963 815 invictam.

266 837 405 897 Alterum
428 837 615 919 exemplum,
637 845 698 898 tres
721 856 791 899 esse
802 837 896 912 Deos,
917 834 1019 898 fateor
1039 852 1111 896 sese

184 919 382 996 offendiculo,
404 920 430 980 si
453 920 618 1000 doceatur,
643 939 701 981 neo
722 928 771 982 est
792 939 912 995 verum,
948 936 1006 980 uec
1027 916 1110 978 Scri·

184 1011 276 1085 ptura
298 1003 399 1082 docet,
422 1002 477 1064 sed
489 1003 655 1084 sophistae
678 1004 723 1064 sio
744 1003 920 1083 loquuntur,
942 1009 974 1062 et
994 1018 1109 1061 noram
1145 1076 1150 1091 Ι

185 1086 384 1148 Dialectiosm
408 1085 571 1150 fluxerunt.
608 1086 721 1147 Verum
744 1086 823 1147 haec
844 1085 916 1164 quid
939 1083 977 1144 ad
999 1083 1081 1145 nost

266 1169 428 1248 Reliquum
451 1169 490 1230 de
512 1169 709 1231 confessione
730 1176 760 1229 et
787 1168 1021 1246 satisfactione,
1055 1166 1110 1226 mi·

183 1272 249 1314 rum
274 1259 330 1333 est,
352 1269 444 1331 quarn
467 1253 545 1313 felici
573 1254 735 1333 prudentia
757 1253 901 1331 causeris,
933 1257 965 1311 et
986 1247 1110 1330 ubique,

183 1337 264 1396 sicut
285 1336 377 1417 solas,
400 1353 493 1416 super
514 1337 624 1397 aristas
645 1334 808 1416 graderis,
840 1354 879 1394 ne
903 1332 1026 1394 videare
1049 1348 1111 1393 nec

185 1424 292 1479 nostra
314 1417 493 1497 simpliciter
514 1418 670 1498 damnare,
692 1438 751 1479 neo
773 1416 956 1479 Pontificum
973 1415 1113 1497 tyranni·

185 1500 255 1562 dem
289 1499 456 1564 offendere.
510 1501 543 1561 ld
578 1501 660 1582 quod
689 1500 747 1561 'ribi
770 1501 893 1561 minime
926 1505 1022 1560 tutum
1054 1504 1111 1560 est.

183 1582 294 1664 Itaque
323 1585 466 1663 sepositis
494 1585 615 1645 iuterim
640 1585 708 1645 Deo
741 1592 772 1644 et
804 1584 995 1645 conscientia
1017 1580 1109 1664 (quid

183 1669 264 1728 enim
287 1666 327 1727 ad
350 1667 527 1745 Erasmum,
550 1666 622 1747 q'uid
645 1666 698 1727 iiie
718 1669 749 1726 in
772 1666 819 1727 his
841 1665 932 1728 rebus
953 1663 1050 1744 velit,
1079 1671 1113 1724 st

183 1749 255 1831 quid
277 1750 348 1810 huic
369 1750 532 1832 expediat)
571 1752 601 1810 iu
625 1751 740 1810 larvam
777 1748 1046 1829 externamruis,
1079 1753 1114 1807 et

184 1833 295 1912 vulgus
318 1852 464 1913 accusas,
488 1834 569 1913 quod
593 1833 825 1913 praedicatione
853 1832 967 1893 liberae
988 1829 1113 1892 confes·

185 1918 281 1978 sionis
289 1922 320 1977 et
328 1916 546 1976 satisfactionis
554 1934 609 1996 pro
617 1935 672 1976 sua
680 1915 797 1977 malitis
809 1914 941 1975 abutitur
949 1917 979 1974 in
988 1913 1112 1974 liberta·

184 2006 247 2060 tem
255 2000 559 2075 carnis,necessitate⁸
571 2018 643 2059 vero
657 1997 824 2059 confitendi
832 1997 878 2080 (ut
894 1997 989 2068 dicis)
1004 2002 1113 2057 utcun-

183 2101 244 2162 que
255 2081 424 2143 cohibetur.
455 2081 652 2162 Opraeoiara
667 2089 698 2143 et
713 2083 837 2163 egregia
852 2083 939 2145 ratio.
965 2078 1113 2141 Hoouins

182 2173 231 2226 est
248 2164 438 2244 theologiam
455 2165 569 2226 docere
582 2165 596 2226 i
610 2167 728 2226 animas
752 2165 848 2245 ligare
861 2163 992 2245 legibus,
1014 2169 1046 2224 et
1058 2159 1114 2245 (ut

185 2247 329 2308 Ezechiel
351 2248 441 2324 dicit)
467 2248 667 2326 mortificare,
701 2267 782 2329 quae
808 2249 922 2329 ligatae
948 2265 1011 2307 nou
1041 2251 1114 2307 sunt

188 2331 307 2393 abeo.
350 2331 474 2392 Scilicet
497 2333 556 2392 hac
576 2333 696 2392 rat-ioue
727 2330 817 2392 nohis
840 2333 969 2392 suscitas
992 2330 1111 2388 unirer·

188 2433 253 2475 sam
276 2416 469 2496 tyrannidem
501 2414 727 2496 pontificiarum
749 2414 862 2495 leguru,
884 2423 1030 2494 tanquam
1054 2412 1112 2472 uti·

187 2497 248 2558 lem
279 2506 309 2559 et
339 2498 521 2577 salutarem,
551 2499 622 2578 quia
650 2504 681 2559 et
709 2497 769 2557 iliis
799 2515 923 2578 quoque
951 2495 1114 2559 cohibetur

188 2581 272 2661 vulgi
295 2581 419 2645 malitia.

272 2663 333 2725 seo
361 2665 436 2726 nolo
466 2663 587 2744 invehi,
615 2662 873 2744 quemadmodum
904 2669 1037 2723 meretur
1062 2662 1113 2724 hic

188 2747 290 2808 locus·
315 2767 379 2808 rem
402 2746 534 2808 breviter
551 2747 661 2824 dicam,
686 2746 783 2806 bouus
806 2745 969 2826 theologus
991 2747 1038 2806 sic
1058 2744 1112 2808 (io-

190 2838 254 2890 eet:
276 2795 396 2910 burgus
418 2831 622 2890 coercendum
645 2837 693 2890 est
723 2836 852 2890 externa
874 2830 903 2889 vi
924 2827 1036 2909 giudii,
1060 2828 1111 2890 ubi

188 2912 270 2973 male
292 2914 399 2991 egerit,
421 2914 500 2973 sicut
514 2912 626 2973 Paulus
639 2912 731 2973 docet
751 2912 841 2974 Rom.
860 2912 908 2991 13,
931 2930 993 2972 non
1009 2918 1111 2973 autern

189 2996 399 3056 conscientiae
427 3015 532 3056 eorum
561 2996 646 3056 falsis
670 2995 787 3076 iegibus
814 2994 998 3055 irretieudae
1032 3003 1111 3075 sunt,

188 3084 222 3139 ut
245 3079 381 3158 peccatis
403 3077 599 3159 divexentur,
629 3079 679 3139 uhi
703 3088 830 3158 peecata
852 3097 914 3139 non
937 3096 1005 3138 esse
1029 3078 1112 3140 Dans

189 3160 293 3221 voluit.
339 3161 440 3222 Solius
468 3164 548 3223 euim
571 3162 626 3222 Dei
650 3169 817 3242 praecepto
848 3161 1059 3222 conscientiae
1080 3160 1112 3221 li·

189 3251 308 3325 gantur,
331 3251 365 3306 ut
381 3246 482 3306 media
502 3246 555 3305 iila
567 3246 705 3326 tyrannis
725 3244 917 3321 Pontificum,
939 3262 1019 3324 quae
1033 3243 1111 3305 falso

189 3334 282 3389 terret
304 3336 334 3389 et
356 3328 469 3389 occidit
490 3330 608 3389 animas
630 3330 711 3388 intus
749 3336 780 3389 et
813 3327 888 3388 foris
909 3328 1021 3387 frustra
1047 3328 1113 3389 ratu·-

189 3418 243 3492 gat
264 3430 386 3492 corpus,
410 3412 551 3473 emedio
574 3430 699 3492 prorsus
722 3410 864 3488 tollatur,
896 3410 968 3491 quia
989 3412 1047 3471 etsi
1067 3410 1113 3472 fo·

187 3496 230 3555 ris
253 3497 337 3575 cogit
359 3494 398 3555 ad
421 3494 646 3555 confessionem
661 3495 782 3574 aiiaque
805 3512 910 3574 onera,
932 3500 1036 3555 tamen
1060 3511 1114 3573 per

188 3576 268 3638 haec
288 3580 407 3639 animus
430 3597 491 3639 uou
514 3577 694 3656 cohibetur,
714 3576 768 3638 sed
793 3578 890 3657 magis
912 3582 1114 3659 exasperatur

189 3659 230 3722 ad
252 3660 355 3722 odium
379 3661 436 3721 Dei
458 3669 490 3722 et
509 3661 678 3722 hominum.
722 3658 762 3721 Et
790 3659 900 3721 frustra
921 3660 953 3721 in
976 3659 1111 3721 externis

189 3743 388 3807 excarnificat
417 3762 528 3825 corpus
557 3743 692 3823 facitque
714 3761 816 3804 meros
843 3743 1040 3824 hypocritas,
1070 3744 1112 3803 ita
