2348 4162
198 252 261 320 192
440 254 484 310 De
499 269 580 311 servo
598 253 714 310 arbitrio
732 255 766 310 D.
785 255 819 311 tl.
840 256 872 311 t.

101 478 104 483 .
198 426 324 488 verbum
346 432 476 506 etopus
499 428 565 508 Dei,
588 428 697 507 quibus
714 427 833 490 dueitur
854 427 892 489 ad
906 446 954 505 ea,
976 444 1057 505 quae
1070 444 1124 486 ex·

199 509 311 571 eadunt
332 515 363 571 et
384 517 507 591 eaptum
530 517 560 570 et
583 530 707 572 sensum
731 513 804 575 eius.
859 510 889 573 si
921 528 996 571 vero
1019 516 1125 589 potest

200 594 278 654 velle
301 599 332 652 et
352 593 445 674 nolle,
469 600 614 673 potestat
635 614 739 654 amare
762 599 793 654 et
814 593 926 657 odisse.
963 590 997 653 Si
1019 610 1126 652 amare

200 683 230 737 et
252 675 364 750 odisse,
386 683 490 756 potest
511 685 541 737 et
562 677 784 756 aliquantulum
813 677 915 738 lasere
947 675 1051 755 legem
1094 680 1126 735 st

199 759 324 820 eredere
346 759 526 839 Evangelio.
565 758 644 835 Quia
666 758 857 840 impossibile
879 765 936 837 est,
956 761 981 818 si
1005 756 1123 837 aliquid

200 842 274 903 velis
297 849 349 902 aut
371 844 461 922 nolis,
482 851 516 903 ut
537 861 597 901 non
621 843 734 923 aliquid
758 845 859 922 operis
892 862 930 903 ea
964 840 1125 903 voluntate

200 928 310 1005 possis,
334 928 426 986 etiam
449 928 473 985 si
486 926 668 1006 prohibente
680 928 741 987 alio
759 925 905 1006 perticere
926 944 989 985 non
1011 925 1126 1005 possis;

199 1012 259 1070 iarn
282 1012 350 1069 ourr'r
372 1011 452 1069 inter
474 1027 568 1089 opera
591 1009 664 1086 Dei,
692 1028 772 1088 quae
802 1008 990 1069 adsalutem
1015 1007 1124 1087 perdu-

200 1098 281 1168 ourrt,
306 1110 397 1168 mors,
422 1111 496 1152 arax
518 1100 547 1152 et
571 1096 675 1153 omnia
690 1092 772 1153 mala
790 1091 895 1153 mundi
915 1096 1124 1169 numerentur,

200 1176 313 1256 poterit
334 1176 468 1236 humana
492 1175 635 1235 voluntas
658 1180 690 1235 et
711 1181 841 1236 mortem
858 1182 889 1236 et
910 1176 956 1235 sui
980 1172 1125 1253 perditio·

201 1278 270 1318 nem
294 1258 381 1322 velle.
425 1256 505 1333 Quin
527 1261 631 1319 omnia
652 1258 732 1319 velle
755 1264 869 1339 potest,
903 1257 973 1317 dum
997 1256 1122 1317 verbum

201 1349 331 1421 etopus
354 1341 411 1400 Dei
435 1340 512 1401 velle
539 1347 657 1426 potest3
688 1341 759 1422 quid
787 1343 868 1402 enim
900 1341 992 1414 iutra,
1021 1358 1137 1420 sopra·

200 1427 288 1500 intra,
311 1434 398 1485 extra
422 1423 545 1485 verbum
569 1431 600 1485 et
630 1444 707 1504 opus
736 1425 812 1502 Dei,
848 1424 905 1484 nisi
935 1423 1018 1484 Deus
1047 1424 1124 1502 ipse,

202 1509 318 1587 uspiam
348 1527 416 1567 esse
445 1506 571 1586 potest?
629 1506 708 1582 Quid
736 1516 837 1568 autam
867 1506 917 1567 hio
943 1505 1124 1584 relinquitur

201 1592 317 1672 grat-iae
340 1599 370 1651 et
392 1590 514 1670 Spiritui
537 1590 666 1651 saneto?
710 1590 777 1652 Hoc
798 1590 889 1670 plane
912 1596 961 1650 est
981 1589 1123 1649 divinite·

202 1682 262 1734 tem
292 1674 386 1735 libero
420 1673 545 1735 arbitrio
580 1674 731 1754 tribuere,
767 1673 916 1753 siquidem
945 1671 1061 1752 Legem
1094 1677 1125 1731 et

201 1757 402 1836 Evangelium
427 1756 521 1835 velle,
543 1763 704 1836 peecatum
727 1757 809 1818 nolle
831 1764 861 1817 et
883 1762 1012 1816 mortem
1035 1754 1124 1832 velle,

202 1841 324 1901 divinae
346 1841 463 1900 virtutis
486 1847 533 1900 est
553 1840 673 1920 solius,
697 1850 729 1902 ut
750 1840 862 1902 Paulus
884 1857 945 1899 rron
969 1856 1031 1899 uno
1055 1839 1124 1899 loeo

202 1922 284 1987 diait.

285 2005 415 2066 Proinde
443 2025 534 2067 nemo
569 2013 642 2086 post
668 2005 853 2087 Pelagianos
887 2005 999 2065 rectius
1031 2003 1071 2064 de
1093 2003 1124 2063 li·

202 2089 274 2149 bero
297 2089 421 2149 arbitrio
438 2090 558 2168 scripsit
579 2107 670 2168 quam
686 2089 840 2150 Erasmus.
876 2088 1017 2148 Diximus
1040 2089 1121 2147 enim

201 2173 348 2251 superius,
372 2171 498 2232 liberum
520 2172 676 2232 arbitrium
700 2171 915 2232 essediviuum
939 2187 1065 2248 nomen,
1087 2188 1125 2229 aa

202 2255 334 2315 divinam
358 2257 498 2315 virtutem
522 2254 705 2336 signifieare.
755 2255 841 2315 Hane
868 2272 940 2315 vero
963 2271 1056 2314 nemo
1081 2252 1123 2313 illi

202 2338 306 2399 tribuit
327 2338 474 2398 haetenus
497 2351 618 2418 praeter
640 2337 833 2419 Pelagianos,
856 2336 1123 2417 Sophistaeenim‚

202 2421 348 2500 quidquid
386 2423 541 2499 sentiant,
580 2422 671 2501 longe
704 2421 792 2483 aliter
833 2427 915 2481 eerte
948 2420 1122 2498 loquuntur.

202 2503 280 2580 Quin
294 2505 478 2585 Pelagianos
502 2523 624 2584 quoque
647 2505 740 2584 longe
753 2511 880 2584 superat
901 2504 1061 2581 Erasmus3
1081 2501 1123 2562 illi

202 2590 281 2647 enim
306 2589 361 2648 toti
394 2587 490 2648 libero
514 2588 637 2648 arbitrio
668 2607 735 2648 eam
767 2587 954 2648 divinitatem
978 2585 1122 2661 tribuunt,

204 2671 347 2732 Erasmus
371 2671 506 2745 dimidio,
529 2670 682 2750 siquidem
703 2671 744 2731 illi
760 2671 875 2732 faciunt
897 2669 982 2730 liberi
1006 2668 1122 2729 arbitrii

203 2755 278 2815 duas
301 2762 413 2834 partes,
437 2756 497 2814 vim
520 2753 712 2814 discernendi
746 2762 776 2814 et
798 2755 858 2813 vim
882 2751 1028 2833 eligendi,
1051 2751 1122 2812 alte·

201 2857 266 2898 ram
289 2839 415 2914 rationi,
439 2837 564 2897 alteram
588 2837 736 2897 voluntati
758 2835 958 2916 affingentes,
988 2833 1072 2915 quod
1094 2841 1124 2894 et

203 2919 368 2999 Sophiatae
390 2919 523 2996 faciunt,
546 2919 600 2982 sad
623 2921 789 2993 Erasmus,
812 2918 989 2999 posthabita
1010 2917 1122 2979 disoer-

203 3002 294 3063 nendi
319 3005 361 3081 vi,
383 3001 480 3062 solam
504 3002 625 3064 extollit
650 3006 708 3063 vim
731 3003 889 3083 eligendi,
916 3004 958 3061 ita
980 3000 1121 3062 alaudam

203 3105 241 3147 eo
262 3084 465 3146 semiliberum
491 3086 645 3146 arbitrium
669 3087 769 3147 Deum
792 3083 875 3146 taeit.
929 3082 1011 3158 Quid
1033 3090 1123 3167 putas

203 3174 269 3229 erat
290 3169 435 3247 tacturus,
458 3171 483 3229 si
506 3177 602 3230 totum
627 3169 751 3230 liberum
767 3167 921 3229 arbitrium
944 3168 1055 3228 fuisset
1074 3165 1122 3227 de·

203 3252 393 3332 seripturrrs?

286 3335 345 3397 sed
368 3354 428 3396 non
451 3336 511 3396 boc
533 3342 695 3396 contentus
731 3335 932 3415 philosophos
955 3334 1051 3395 etiam
1072 3352 1122 3394 ex·

203 3418 306 3495 aedit,
337 3417 418 3498 apud
441 3419 509 3479 illos
532 3421 611 3478 anim
636 3418 770 3478 nondum
793 3417 952 3478 definitum
986 3424 1055 3496 est,
1084 3435 1121 3477 arr

203 3502 317 3581 aliquid
340 3503 490 3581 seipsum
512 3504 610 3582 possit
625 3520 758 3576 movere,
779 3499 882 3579 ibique
905 3506 971 3560 toto
993 3516 1122 3581 eorpora
1144 3504 1149 3515 '

202 3584 417 3666 philosophiae
435 3587 615 3646 dissentiunt
629 3586 775 3645 Platonici
790 3592 821 3645 et
839 3584 1048 3663 Peripatetiei‚
1069 3580 1120 3643 sed

203 3667 284 3747 apud
309 3668 467 3730 Erasmum
491 3667 617 3730 liberum
632 3668 786 3728 arbitrium
802 3674 911 3747 suapte
934 3666 1048 3729 vissae
1061 3682 1120 3726 nou

204 3752 297 3812 modo
321 3762 435 3831 movet,
458 3751 512 3811 sed
535 3751 670 3832 applicat
692 3752 782 3812 etiam
806 3750 844 3810 ad
868 3770 922 3828 ea,
945 3768 1027 3829 quae
1053 3752 1122 3809 sunt
